{"host":"i3w38rq1z4slkels","time":1608398598,"event":{"mods":["2.2 Compatiblity","Act Like it!","BaseMod","Better Match","Better Vampires","BetterRewards","Conspire","Downfall","Minty Spire (QoL Compilation)","Rare Cards Sparkle","Replay The Spire","StSLib"],"gold_per_floor":[99,117,183,196,213,213,213,213,242,92,2,14,33,33,51,149,149,149,149,149,149,183,183,229,240,256,181,181,207,204,228,250,363,375,387,419,449,88,88,73,73,73,85,85,85,98,89,102,113,113,113],"floor_reached":50,"playtime":3637,"items_purged":["Guardian:Reroute","Guardian:Strike_Guardian","Guardian:Defend_Guardian"],"score":608,"play_id":"85ff2802-ed0f-4b0a-8e61-eda845abc8eb","local_time":"20201220002318","is_ascension_mode":true,"campfire_choices":[{"floor":1,"key":"RECALL"},{"data":"Guardian:PiercingHide","floor":10,"key":"SMITH"},{"data":"Guardian:CurlUp","floor":18,"key":"SMITH"},{"data":"Guardian:GemFinder","floor":21,"key":"SMITH"},{"data":"Guardian:TwinSlam","floor":23,"key":"SMITH"},{"data":"Guardian:SpikerProtocol","floor":27,"key":"SMITH"},{"data":"Guardian:BaubleBeam","floor":35,"key":"SMITH"},{"data":"Guardian:Strike_Guardian","floor":44,"key":"SMITH"}],"circlet_count":0,"master_deck":["Guardian:Strike_Guardian+1","Guardian:Strike_Guardian","Guardian:Defend_Guardian","Guardian:Defend_Guardian","Guardian:CurlUp+1","Guardian:TwinSlam+1","Guardian:PiercingHide+1","Guardian:GemFinder+1","Guardian:SpikerProtocol+1","Guardian:PrismaticBarrier+1","Guardian:BaubleBeam+1","Guardian:PrismaticBeam+1","Parasite","Guardian:Gem_Cyan","Guardian:Gem_Synthetic","Guardian:Gem_Cyan","Guardian:VentSteam","Guardian:Gem_Green"],"relics":["Guardian:ModeShifter","Dream Catcher","Question Card","Bronze Scales","downfall:HeartBlessingRed","downfall:HeartBlessingGreen","Red Mask","downfall:HeartBlessingBlue","MawBank","conspire:RunicOctahedron","Bottled Lightning","Pocketwatch","Gremlin Food"],"acts_visited":["Exordium","TheCity","TheBeyond"],"potions_floor_usage":[9,9,9,9,16,22,26,26,32,33,37,46,48,50,50,50],"damage_taken":[{"damage":0,"enemies":"Cultist","floor":2,"turns":4},{"damage":7,"enemies":"Jaw Worm","floor":4,"turns":3},{"damage":3,"enemies":"2 Louse","floor":5,"turns":2},{"damage":11,"enemies":"Lagavulin","floor":9,"turns":5},{"damage":0,"enemies":"downfall:FleeingMerchant","floor":11,"turns":4},{"damage":0,"enemies":"Large Slime","floor":12,"turns":7},{"damage":0,"enemies":"Blue Slaver","floor":13,"turns":4},{"damage":0,"enemies":"3 Louse","floor":15,"turns":3},{"damage":11,"enemies":"downfall:Watcher","floor":16,"turns":9},{"damage":0,"enemies":"Chosen","floor":19,"turns":1},{"damage":19,"enemies":"Masked Bandits","floor":22,"turns":4},{"damage":14,"enemies":"Snecko","floor":25,"turns":7},{"damage":50,"enemies":"Chosen and Byrds","floor":26,"turns":8},{"damage":2,"enemies":"3 Cultists","floor":29,"turns":6},{"damage":0,"enemies":"downfall:FleeingMerchant","floor":30,"turns":4},{"damage":0,"enemies":"Shelled Parasite and Fungi","floor":31,"turns":4},{"damage":18,"enemies":"Cultist and Chosen","floor":32,"turns":6},{"damage":12,"enemies":"downfall:Silent","floor":33,"turns":6},{"damage":24,"enemies":"3 Shapes","floor":36,"turns":6},{"damage":7,"enemies":"3 Darklings","floor":37,"turns":6},{"damage":0,"enemies":"downfall:FleeingMerchant","floor":38,"turns":4},{"damage":2,"enemies":"downfall:FleeingMerchant","floor":40,"turns":4},{"damage":0,"enemies":"4 Shapes","floor":43,"turns":7},{"damage":7,"enemies":"Writhing Mass","floor":46,"turns":7},{"damage":0,"enemies":"downfall:FleeingMerchant","floor":47,"turns":1},{"damage":36,"enemies":"Transient","floor":48,"turns":5},{"damage":6,"enemies":"Jaw Worm Horde","floor":49,"turns":4},{"damage":49,"enemies":"downfall:Defect","floor":50,"turns":10}],"seed_played":"-1755627380731453489","potions_obtained":[{"floor":3,"key":"conspire:TimeTravelPotion"},{"floor":4,"key":"EntropicBrew"},{"floor":5,"key":"Toxic Potion"},{"floor":9,"key":"PowerPotion"},{"floor":13,"key":"SkillPotion"},{"floor":22,"key":"Energy Potion"},{"floor":31,"key":"SkillPotion"},{"floor":32,"key":"Regen Potion"},{"floor":33,"key":"DistilledChaos"},{"floor":37,"key":"Venom Potion"},{"floor":43,"key":"Weak Potion"},{"floor":48,"key":"AttackPotion"},{"floor":49,"key":"Energy Potion"}],"is_trial":false,"path_per_floor":["R","M","?","M","M","?","T","?","E","R","$","M","M","?","M","B",null,"R","M","?","R","?","R","T","M","M","R","T","M","$","M","M","B",null,"R","M","M","$","?","$","T","?","M","R","?","M","$","M","M","B"],"character_chosen":"GUARDIAN","items_purchased":["Bottled Lightning","Adrenaline Potion","BlessingOfTheForge","Gremlin Food"],"campfire_rested":0,"item_purchase_floors":[38,47,47,47],"current_hp_per_floor":[88,88,88,81,78,78,78,78,67,67,67,67,67,67,67,56,88,88,88,88,88,69,69,69,55,41,51,51,49,49,49,31,34,98,98,74,67,67,67,65,65,65,65,65,65,58,58,22,16,0,0],"gold":113,"neow_bonus":"TEN_PERCENT_HP_BONUS","is_daily":false,"chose_seed":false,"campfire_upgraded":7,"win_rate":0.0,"timestamp":1608398598,"path_taken":["R","M","?","M","M","?","T","?","E","R","?","M","?","?","M","BOSS","R","M","?","R","?","R","T","M","M","R","?","?","$","M","M","BOSS","R","M","?","$","?","?","T","?","?","R","?","M","$","M","M","BOSS"],"items_purchased_type":["Relic","Potion","Potion","Relic"],"build_version":"2020-12-13","purchased_purges":3,"victory":false,"max_hp_per_floor":[88,88,88,88,88,88,88,88,88,88,88,88,88,88,88,88,88,88,88,88,88,88,88,88,88,88,98,98,98,98,98,98,98,98,98,98,98,98,98,98,98,98,98,98,98,98,98,98,98,98,98],"card_choices":[{"not_picked":["Guardian:Suspension","Guardian:PrimingBeam","Guardian:TemporalStrike"],"picked":"SKIP","floor":2},{"not_picked":["Guardian:Gem_Green","Guardian:Suspension"],"picked":"Guardian:Reroute","floor":3},{"not_picked":["Guardian:ChargeCore","Guardian:Suspension"],"picked":"Guardian:Gem_Synthetic","floor":3},{"not_picked":["Guardian:DonusPower","Guardian:Preprogram","Guardian:FuturePlans"],"picked":"SKIP","floor":4},{"not_picked":["Guardian:TemporalShield","Guardian:ShieldSpikes"],"picked":"Guardian:PiercingHide","floor":5},{"not_picked":["Guardian:Orbwalk","Guardian:Suspension","Guardian:TemporalShield","Guardian:FuturePlans"],"picked":"SKIP","floor":9},{"not_picked":["Guardian:Gem_Synthetic","Guardian:ChargeUp","Guardian:CrystalBeam","Guardian:PrimingBeam"],"picked":"SKIP","floor":11},{"not_picked":["Guardian:BronzeOrb","Guardian:Clone","Guardian:Gem_Lightblue"],"picked":"Guardian:Gem_White","floor":12},{"not_picked":["Guardian:TemporalShield","Guardian:PiercingHide","Guardian:ChargeCore","Guardian:Recover"],"picked":"SKIP","floor":13},{"not_picked":["Guardian:PiercingHide","Guardian:EvasiveProtocol","Guardian:Gem_Cyan","Guardian:BronzeOrb"],"picked":"SKIP","floor":15},{"not_picked":["Guardian:BaubleBeam","Guardian:TimeSifter","Guardian:GemFire"],"picked":"Guardian:GemFinder","floor":16},{"not_picked":["Guardian:Reroute","Guardian:RollAttack","Guardian:Recover"],"picked":"Guardian:SpikerProtocol","floor":19},{"not_picked":["Guardian:TemporalShield+1","Guardian:Gem_Cyan","Guardian:Gem_Lightblue"],"picked":"Guardian:PrismaticBarrier+1","floor":22},{"not_picked":["Guardian:Gem_Green","Guardian:Gem_Lightblue"],"picked":"Guardian:Gem_Cyan","floor":25},{"not_picked":["Guardian:MultiBeam","Guardian:EvasiveProtocol","Guardian:Gem_Purple"],"picked":"Guardian:Gem_Fragmented","floor":25},{"not_picked":["Guardian:Gem_Red","Guardian:Gem_Green"],"picked":"Guardian:Gem_Cyan","floor":26},{"not_picked":["Guardian:Reroute","Guardian:Orbwalk+1","Guardian:Suspension"],"picked":"Guardian:Gem_Green","floor":26},{"not_picked":["Guardian:Incinerate","Guardian:WalkerClaw","Guardian:Reroute","Guardian:Suspension"],"picked":"SKIP","floor":29},{"not_picked":["Guardian:FuturePlans","Guardian:Gem_Green","Guardian:DonusPower","Guardian:TimeCapacitor+1"],"picked":"SKIP","floor":30},{"not_picked":["Guardian:Harden","Guardian:TemporalShield","Guardian:Suspension"],"picked":"Guardian:Gem_White","floor":31},{"not_picked":["Guardian:Gem_Lightblue","Guardian:Gem_Cyan"],"picked":"Guardian:Gem_Red","floor":32},{"not_picked":["Guardian:Reroute","Guardian:ArmoredProtocol+1","Guardian:ShieldSpikes","Guardian:Gem_Yellow"],"picked":"SKIP","floor":32},{"not_picked":["Guardian:GemFire","Guardian:GemFinder","Guardian:HyperBeam_Guardian"],"picked":"Guardian:BaubleBeam","floor":33},{"not_picked":["Guardian:RefractedBeam","Guardian:FuturePlans+1","Guardian:Clone+1"],"picked":"Guardian:PrismaticBeam+1","floor":36},{"not_picked":["Guardian:Gem_Cyan","Guardian:Gem_Lightblue"],"picked":"Guardian:Gem_Red","floor":36},{"not_picked":["Guardian:Planning+1","Guardian:Recover+1","Guardian:RollAttack+1","Guardian:SentryBeam+1"],"picked":"SKIP","floor":37},{"not_picked":["Guardian:Incinerate+1","Guardian:GatlingBeam","Guardian:CrystalBeam","Guardian:FastForward"],"picked":"SKIP","floor":38},{"not_picked":["Guardian:TemporalShield","Guardian:GemFire","Guardian:Recover+1","Guardian:Suspension+1"],"picked":"SKIP","floor":40},{"not_picked":["Guardian:Gem_Green","Guardian:Gem_Cyan"],"picked":"Guardian:Gem_Red","floor":43},{"not_picked":["Guardian:WalkerClaw","Guardian:SphericShield","Guardian:Planning","Guardian:FuturePlans"],"picked":"SKIP","floor":43},{"not_picked":["Guardian:Gem_Green","Guardian:Gem_Lightblue"],"picked":"Guardian:Gem_Cyan","floor":46},{"not_picked":["Guardian:BronzeOrb+1","Guardian:Gem_Green","Guardian:Gem_Cyan","Guardian:CrystalBeam"],"picked":"SKIP","floor":46},{"not_picked":["Guardian:BronzeArmor","Guardian:Gem_White","Guardian:CrystalBeam"],"picked":"Guardian:Gem_Synthetic","floor":47},{"not_picked":["Guardian:Gem_Green","Guardian:Gem_Lightblue"],"picked":"Guardian:Gem_Cyan","floor":48},{"not_picked":["Guardian:PolyBeam+1","Guardian:ShieldCharger","Guardian:TemporalShield+1","Guardian:Gem_Yellow"],"picked":"SKIP","floor":48},{"not_picked":["Guardian:Incinerate","Guardian:BaubleBeam","Guardian:ShieldCharger+1"],"picked":"Guardian:VentSteam","floor":49},{"not_picked":["Guardian:Gem_Cyan","Guardian:Gem_Red"],"picked":"Guardian:Gem_Green","floor":49}],"player_experience":447176,"relics_obtained":[{"floor":3,"key":"Dream Catcher"},{"floor":7,"key":"Question Card"},{"floor":9,"key":"Bronze Scales"},{"floor":22,"key":"Red Mask"},{"floor":28,"key":"MawBank"},{"floor":41,"key":"Pocketwatch"}],"event_choices":[{"damage_healed":0,"gold_gain":0,"player_choice":"Fought Bandits","damage_taken":0,"max_hp_gain":0,"max_hp_loss":0,"event_name":"Masked Bandits","floor":22,"gold_loss":0},{"cards_removed":["Guardian:Gem_Red"],"damage_healed":0,"gold_gain":0,"player_choice":"Removed Skill","damage_taken":0,"max_hp_gain":0,"max_hp_loss":0,"event_name":"Falling","floor":39,"gold_loss":0},{"damage_healed":0,"gold_gain":0,"player_choice":"Leave","damage_taken":0,"max_hp_gain":0,"max_hp_loss":0,"event_name":"conspire:Investor","floor":42,"gold_loss":0}],"is_beta":false,"boss_relics":[{"not_picked":["conspire:SeveredTorchhead","Runic Dome","Runic Pyramid"]},{"not_picked":["SlaversCollar","ChewingGum"],"picked":"conspire:RunicOctahedron"}],"items_purged_floors":[11,38,47],"is_endless":false,"potions_floor_spawned":[4,5,9,13,22,31,32,33,37,43,48,49],"killed_by":"downfall:Defect","ascension_level":4}}