{"host":"9t9d7hfl1boncmil","time":1608383122,"event":{"mods":["AchievementEnabler","BaseMod","Keyboard Shortcuts","Minty Spire (QoL Compilation)","SuperFastMode"],"gold_per_floor":[113,113,188,202,127,127,153,153,235,251,251,262,285,296,296,367,367,379,379,379,125,137,170,45,45,45],"floor_reached":25,"playtime":720,"items_purged":["Strike_R","Defend_R","Strike_R"],"score":427,"play_id":"f0e74725-067a-45af-8e05-70dfce356621","local_time":"20201219220522","is_ascension_mode":true,"campfire_choices":[{"data":"Dark Embrace","floor":6.0,"key":"SMITH"},{"data":"Bash","floor":8.0,"key":"SMITH"},{"data":"Twin Strike","floor":11.0,"key":"SMITH"},{"data":"Feel No Pain","floor":15.0,"key":"SMITH"}],"circlet_count":0,"master_deck":["AscendersBane","Strike_R+1","Strike_R+1","Strike_R+1","Defend_R","Defend_R","Defend_R","Bash+1","Dark Embrace+1","Pommel Strike+1","Twin Strike+1","Feel No Pain+1","Disarm","Disarm","Feed","Battle Trance+1","Second Wind","Second Wind"],"relics":["Burning Blood","NeowsBlessing","Blood Vial","HornCleat","Odd Mushroom","Philosopher\u0027s Stone","Oddly Smooth Stone","Whetstone"],"acts_visited":["Exordium","TheCity"],"potions_floor_usage":[23,23],"damage_taken":[{"damage":0.0,"enemies":"Jaw Worm","floor":1.0,"turns":1.0},{"damage":0.0,"enemies":"Small Slimes","floor":4.0,"turns":1.0},{"damage":0.0,"enemies":"3 Sentries","floor":7.0,"turns":2.0},{"damage":1.0,"enemies":"2 Louse","floor":10.0,"turns":3.0},{"damage":14.0,"enemies":"Large Slime","floor":12.0,"turns":5.0},{"damage":6.0,"enemies":"The Mushroom Lair","floor":13.0,"turns":4.0},{"damage":26.0,"enemies":"Lots of Slimes","floor":14.0,"turns":5.0},{"damage":22.0,"enemies":"Hexaghost","floor":16.0,"turns":10.0},{"damage":11.0,"enemies":"Shell Parasite","floor":18.0,"turns":6.0},{"damage":16,"enemies":"2 Thieves","floor":22,"turns":4},{"damage":58,"enemies":"Gremlin Leader","floor":23,"turns":6},{"damage":13,"enemies":"Book of Stabbing","floor":25,"turns":4}],"seed_played":"-335929227585375723","potions_obtained":[{"floor":1.0,"key":"Swift Potion"},{"floor":4.0,"key":"SkillPotion"},{"floor":13.0,"key":"BloodPotion"},{"floor":14.0,"key":"LiquidBronze"},{"floor":18.0,"key":"Energy Potion"}],"is_trial":false,"path_per_floor":["M","?","?","M","$","R","E","R","T","M","R","M","?","M","R","B",null,"M","?","?","$","M","E","$","E"],"character_chosen":"IRONCLAD","items_purchased":["Oddly Smooth Stone"],"campfire_rested":0,"item_purchase_floors":[21],"current_hp_per_floor":[74,51,40,46,46,46,52,52,52,59,59,53,55,52,52,38,66,66,66,66,66,58,8,8,0,0],"gold":45,"neow_bonus":"THREE_ENEMY_KILL","is_daily":false,"chose_seed":false,"campfire_upgraded":4,"win_rate":0.0,"timestamp":1608383122,"path_taken":["M","?","?","M","$","R","E","R","T","M","R","M","?","M","R","BOSS","M","?","?","$","M","E","$","E"],"items_purchased_type":["Relic"],"build_version":"2020-12-13","purchased_purges":3,"victory":false,"max_hp_per_floor":[75,75,75,75,75,75,75,75,75,75,75,75,75,75,75,75,75,78,78,78,78,78,78,78,78,78],"card_choices":[{"not_picked":["Clothesline","Feel No Pain"],"picked":"Dark Embrace","floor":1.0},{"not_picked":["Armaments","Sword Boomerang"],"picked":"Pommel Strike","floor":4.0},{"not_picked":["Sword Boomerang","Whirlwind"],"picked":"Twin Strike","floor":7.0},{"not_picked":["Hemokinesis","Body Slam","Spot Weakness"],"picked":"SKIP","floor":10.0},{"not_picked":["Hemokinesis","Body Slam","Spot Weakness"],"picked":"SKIP","floor":10.0},{"not_picked":["Hemokinesis","Body Slam","Spot Weakness"],"picked":"SKIP","floor":10.0},{"not_picked":["Thunderclap","Infernal Blade"],"picked":"Feel No Pain","floor":12.0},{"not_picked":["Fire Breathing","Dual Wield"],"picked":"Disarm","floor":13.0},{"not_picked":["Dual Wield","Clash"],"picked":"Disarm","floor":14.0},{"not_picked":["Brutality","Reaper"],"picked":"Feed","floor":16.0},{"not_picked":["Flex","Sword Boomerang"],"picked":"Battle Trance+1","floor":18.0},{"not_picked":["Armaments","Headbutt","Warcry"],"picked":"SKIP","floor":22},{"not_picked":["Impervious","Pummel"],"picked":"Second Wind","floor":23}],"player_experience":645512,"relics_obtained":[{"floor":7.0,"key":"Blood Vial"},{"floor":9.0,"key":"HornCleat"},{"floor":13.0,"key":"Odd Mushroom"},{"floor":23,"key":"Whetstone"}],"event_choices":[{"damage_healed":0.0,"max_hp_gain":0.0,"max_hp_loss":0.0,"gold_gain":0.0,"event_name":"Shining Light","player_choice":"Entered Light","floor":2.0,"gold_loss":0.0,"damage_taken":23.0,"cards_upgraded":["Strike_R","Strike_R"]},{"damage_healed":0.0,"max_hp_gain":0.0,"max_hp_loss":0.0,"gold_gain":75.0,"event_name":"World of Goop","player_choice":"Gather Gold","floor":3.0,"gold_loss":0.0,"damage_taken":11.0},{"damage_healed":0.0,"max_hp_gain":0.0,"max_hp_loss":0.0,"gold_gain":0.0,"event_name":"Mushrooms","player_choice":"Fought Mushrooms","floor":13.0,"gold_loss":0.0,"damage_taken":0.0},{"damage_healed":0.0,"max_hp_gain":0.0,"max_hp_loss":0.0,"gold_gain":0.0,"event_name":"The Library","player_choice":"Read","floor":19.0,"gold_loss":0.0,"damage_taken":0.0,"cards_obtained":["Second Wind"]},{"damage_healed":0.0,"max_hp_gain":0.0,"max_hp_loss":0.0,"gold_gain":0.0,"event_name":"Ghosts","player_choice":"Ignored","floor":20.0,"gold_loss":0.0,"damage_taken":0.0}],"is_beta":false,"boss_relics":[{"not_picked":["SlaversCollar","Ectoplasm"],"picked":"Philosopher\u0027s Stone"}],"items_purged_floors":[5,21,24],"is_endless":false,"potions_floor_spawned":[1,4,13,14,18,22],"killed_by":"Book of Stabbing","ascension_level":15}}