{"host":"o3b7ow6d1xe49css","time":1608361628,"event":{"mods":["2.2 Compatiblity","Act Like it!","Aspiration","BaseMod","Bestiary","Better Altar","Better Match","Better Note","Better Sensory Stone","Better Skull","Better Third Choice","Colored Powertips","Conspire","Elementarium","Energized Spire","Force Act Four","GifTheSpireLib","Halation","Hermit","Hubris","Infinite Spire","Lobotomy","Minty Spire (QoL Compilation)","Quick Restart","Replay The Spire","Spicy Shops","Spikes Relics","StSLib","Stuff the Spire","The Blue Laboratory","The Jungle","Wandering Minibosses","vexMod"],"gold_per_floor":[109,127,139,139,153,182,182,182],"floor_reached":7,"playtime":306,"items_purged":[],"score":66,"play_id":"ef042810-d059-4f0e-9634-b39d7b0a4ff6","local_time":"20201218220708","daily_mods":["Heirloom","Flight"],"is_ascension_mode":true,"campfire_choices":[],"circlet_count":0,"master_deck":["Strike_G","Strike_G","Strike_G","Strike_G","Strike_G","Defend_G","Defend_G","Defend_G","Defend_G","Defend_G","Survivor","Neutralize","Dagger Throw","Footwork","Quick Slash","Acrobatics"],"relics":["Ring of the Snake","Ring of Chaos","Ice Cream","Replay:Wax Seal"],"acts_visited":["Exordium"],"potions_floor_usage":[],"damage_taken":[{"damage":6,"enemies":"2 Louse","floor":1,"turns":3},{"damage":0,"enemies":"Jaw Worm","floor":2,"turns":6},{"damage":1,"enemies":"Cultist","floor":3,"turns":8},{"damage":16,"enemies":"Red Slaver","floor":5,"turns":5},{"damage":13,"enemies":"Lagavulin","floor":6,"turns":8},{"damage":0,"enemies":"3 Sentries","floor":7,"turns":2}],"seed_played":"-8487848637699881604","potions_obtained":[{"floor":2,"key":"blueLaboratory:LouseDecoction"},{"floor":4,"key":"blueLaboratory:Moonshine"}],"is_trial":true,"path_per_floor":["M","M","M","?","M","E","E"],"character_chosen":"THE_SILENT","items_purchased":[],"campfire_rested":0,"item_purchase_floors":[],"current_hp_per_floor":[64,64,63,63,47,34,34,34],"gold":182,"neow_bonus":"","is_daily":false,"chose_seed":false,"campfire_upgraded":0,"win_rate":0.0,"timestamp":1608361628,"path_taken":["M","M","M","?","M","E","E"],"items_purchased_type":[],"build_version":"2020-12-13","purchased_purges":0,"victory":false,"max_hp_per_floor":[70,70,70,70,70,70,70,70],"card_choices":[{"not_picked":["Setup","hubris:SlightOfHand"],"picked":"Dagger Throw","floor":1},{"not_picked":["Dodge and Roll","Tactician"],"picked":"Footwork","floor":2},{"not_picked":["Cloak And Dagger","Noxious Fumes"],"picked":"Quick Slash","floor":3},{"not_picked":["Sneak Up","Pace"],"picked":"Acrobatics","floor":5},{"not_picked":["Dodge and Roll","StuffTheSpire:BumpUp","Poisoned Stab"],"picked":"SKIP","floor":6}],"player_experience":1752838,"relics_obtained":[{"floor":6,"key":"Replay:Wax Seal"}],"event_choices":[],"is_beta":false,"boss_relics":[],"items_purged_floors":[],"is_endless":false,"potions_floor_spawned":[2],"killed_by":"3 Sentries","ascension_level":5}}