{"host":"26mrfot5w7uj2ebc","time":1608391791,"event":{"mods":["AchievementEnabler","BaseMod","Colored Map","Minty Spire (QoL Compilation)"],"gold_per_floor":[115,0,175,125,148,181,181,192,217,236,236,236,256,268,268,365,365,377,377,377,387,387,387,399,399,422,439,639,97,117,134,134,232,232,246,246,246,265,281,309,321,321,321,32,32,32,32,47,47,47,47,47,2,2,2],"floor_reached":54,"playtime":2631,"items_purged":["Defend_G","Defend_G"],"score":717,"play_id":"98b8b7a2-13c1-4942-9009-817074d067d0","local_time":"20201220002951","is_ascension_mode":false,"campfire_choices":[{"data":"Noxious Fumes","floor":7.0,"key":"SMITH"},{"floor":11.0,"key":"RECALL"},{"data":"Calculated Gamble","floor":15.0,"key":"SMITH"},{"floor":23.0,"key":"REST"},{"floor":25.0,"key":"REST"},{"floor":32.0,"key":"REST"},{"floor":45,"key":"REST"},{"floor":49,"key":"REST"},{"data":"Envenom","floor":52,"key":"SMITH"}],"circlet_count":0,"master_deck":["Defend_G","Defend_G","Survivor","Neutralize","Leg Sweep","Noxious Fumes+1","Calculated Gamble+1","Outmaneuver","Terror","Terror","Distraction","A Thousand Cuts+1","Backstab","Bite","Bite","Bite","Bite","Bite","Blur+1","Dash","Poisoned Stab","Noxious Fumes","Escape Plan","Acrobatics+1","Envenom+1","Backflip","PiercingWail+1","Distraction","Blur+1","Leg Sweep","Master of Strategy","PiercingWail+1","Dagger Spray"],"relics":["Ring of the Serpent","NeowsBlessing","Dead Branch","Snake Skull","Lantern","White Beast Statue","Regal Pillow","Philosopher\u0027s Stone","Art of War","Darkstone Periapt"],"acts_visited":["Exordium","TheCity","TheBeyond","TheEnding"],"potions_floor_usage":[33,33,39,40,50,50,50],"damage_taken":[{"damage":0.0,"enemies":"2 Louse","floor":1.0,"turns":1.0},{"damage":0.0,"enemies":"Gremlin Nob","floor":6.0,"turns":1.0},{"damage":0.0,"enemies":"Small Slimes","floor":8.0,"turns":1.0},{"damage":8.0,"enemies":"Jaw Worm","floor":10.0,"turns":5.0},{"damage":10.0,"enemies":"Gremlin Gang","floor":13.0,"turns":5.0},{"damage":9.0,"enemies":"3 Louse","floor":14.0,"turns":4.0},{"damage":29.0,"enemies":"The Guardian","floor":16.0,"turns":9.0},{"damage":39.0,"enemies":"3 Byrds","floor":18.0,"turns":5.0},{"damage":10.0,"enemies":"Spheric Guardian","floor":21.0,"turns":6.0},{"damage":42.0,"enemies":"3 Cultists","floor":24.0,"turns":6.0},{"damage":15.0,"enemies":"Snake Plant","floor":27.0,"turns":5.0},{"damage":10.0,"enemies":"Snecko","floor":30.0,"turns":6.0},{"damage":15.0,"enemies":"Shelled Parasite and Fungi","floor":31.0,"turns":5.0},{"damage":70,"enemies":"Collector","floor":33,"turns":11},{"damage":11,"enemies":"3 Darklings","floor":35,"turns":4},{"damage":11,"enemies":"Orb Walker","floor":38,"turns":3},{"damage":3,"enemies":"4 Shapes","floor":39,"turns":6},{"damage":61,"enemies":"Giant Head","floor":40,"turns":10},{"damage":9,"enemies":"Transient","floor":41,"turns":5},{"damage":13,"enemies":"Maw","floor":48,"turns":8},{"damage":54,"enemies":"Donu and Deca","floor":50,"turns":10},{"damage":101,"enemies":"Shield and Spear","floor":54,"turns":6}],"seed_played":"-7193450435225577642","potions_obtained":[{"floor":1.0,"key":"SpeedPotion"},{"floor":10.0,"key":"SpeedPotion"},{"floor":14.0,"key":"SteroidPotion"},{"floor":16.0,"key":"LiquidMemories"},{"floor":18.0,"key":"Regen Potion"},{"floor":21.0,"key":"Fruit Juice"},{"floor":24.0,"key":"EssenceOfSteel"},{"floor":27.0,"key":"Ancient Potion"},{"floor":33,"key":"DistilledChaos"},{"floor":35,"key":"Energy Potion"},{"floor":39,"key":"AttackPotion"},{"floor":40,"key":"SteroidPotion"},{"floor":41,"key":"EssenceOfSteel"}],"is_trial":false,"path_per_floor":["M","$","?","?","T","E","R","M","T","M","R","?","M","M","R","B",null,"M","?","?","M","?","R","M","R","T","M","?","$","M","M","R","B",null,"M","?","?","M","M","E","M","?","T","$","R","$","?","M","R","B",null,"R","$","E"],"character_chosen":"THE_SILENT","items_purchased":["Noxious Fumes","Calculated Gamble","Noxious Fumes","White Beast Statue","Regal Pillow","Master of Strategy","Dagger Spray"],"campfire_rested":5,"item_purchase_floors":[2,2,29,29,29,44,53],"current_hp_per_floor":[70,70,70,70,70,70,70,70,70,62,62,70,60,53,53,26,70,31,31,31,36,36,58,29,51,51,36,36,36,34,25,62,10,75,64,64,64,57,62,13,12,12,12,12,49,49,49,44,75,29,75,75,75,0,0],"gold":2,"neow_bonus":"THREE_ENEMY_KILL","is_daily":false,"chose_seed":false,"campfire_upgraded":3,"win_rate":0.0,"timestamp":1608391791,"path_taken":["M","$","?","?","?","E","R","?","T","M","R","?","M","M","R","BOSS","M","?","?","?","?","R","?","R","T","M","?","$","M","M","R","BOSS","M","?","?","?","M","E","M","?","T","$","R","$","?","M","R","BOSS","R","$","E"],"items_purchased_type":["Card","Card","Card","Relic","Relic","Card","Card"],"build_version":"2020-12-13","purchased_purges":2,"victory":false,"max_hp_per_floor":[70,70,70,70,70,70,70,70,70,70,70,70,70,70,70,70,70,70,70,70,75,75,75,75,75,75,75,75,75,75,75,75,75,75,75,75,75,75,75,75,75,75,75,75,75,75,75,75,75,75,75,75,75,75,75],"card_choices":[{"not_picked":["Heel Hook","Backstab"],"picked":"Leg Sweep","floor":1.0},{"not_picked":["Bane","Skewer"],"picked":"Outmaneuver","floor":6.0},{"not_picked":["Flechettes","Deflect"],"picked":"Terror","floor":8.0},{"not_picked":["Expertise","All Out Attack"],"picked":"Prepared","floor":10.0},{"not_picked":["Skewer","Acrobatics"],"picked":"Terror","floor":13.0},{"not_picked":["Finisher","Terror"],"picked":"Distraction","floor":14.0},{"not_picked":["Storm of Steel","Wraith Form v2"],"picked":"A Thousand Cuts","floor":16.0},{"not_picked":["Dagger Throw+1","Poisoned Stab"],"picked":"Backstab","floor":18.0},{"not_picked":["Masterful Stab","Bane"],"picked":"Blur+1","floor":21.0},{"not_picked":["Outmaneuver+1","Sucker Punch+1"],"picked":"Dash","floor":24.0},{"not_picked":["Deflect","Slice"],"picked":"Poisoned Stab","floor":27.0},{"not_picked":["Outmaneuver","Accuracy"],"picked":"Escape Plan","floor":30.0},{"not_picked":["Dagger Spray","Dagger Throw"],"picked":"Acrobatics+1","floor":31.0},{"not_picked":["Venomology","A Thousand Cuts"],"picked":"Envenom","floor":33},{"not_picked":["Dodge and Roll+1","Finisher"],"picked":"Backflip","floor":35},{"not_picked":["Reflex+1","Infinite Blades"],"picked":"PiercingWail+1","floor":38},{"not_picked":["Leg Sweep+1","Tactician+1"],"picked":"Distraction","floor":39},{"not_picked":["Finisher+1","Deadly Poison"],"picked":"Blur+1","floor":40},{"not_picked":["Outmaneuver+1","Poisoned Stab"],"picked":"Leg Sweep","floor":41},{"not_picked":["Leg Sweep+1","Deadly Poison+1"],"picked":"PiercingWail+1","floor":48}],"player_experience":187657,"relics_obtained":[{"floor":5.0,"key":"Blood Vial"},{"floor":6.0,"key":"Dead Branch"},{"floor":26.0,"key":"Lantern"},{"floor":40,"key":"Art of War"},{"floor":43,"key":"Darkstone Periapt"}],"event_choices":[{"damage_healed":0.0,"max_hp_gain":0.0,"max_hp_loss":0.0,"gold_gain":175.0,"event_name":"Liars Game","player_choice":"AGREE","floor":3.0,"gold_loss":0.0,"damage_taken":0.0,"cards_obtained":["Doubt"]},{"cards_removed":["Doubt"],"damage_healed":0.0,"max_hp_gain":0.0,"max_hp_loss":0.0,"gold_gain":0.0,"event_name":"The Cleric","player_choice":"Card Removal","floor":4.0,"gold_loss":50.0,"damage_taken":0.0},{"damage_healed":8.0,"max_hp_gain":0.0,"max_hp_loss":0.0,"gold_gain":0.0,"event_name":"Wheel of Change","player_choice":"Full Heal","floor":12.0,"gold_loss":0.0,"damage_taken":0.0},{"damage_healed":0.0,"max_hp_gain":0.0,"max_hp_loss":0.0,"gold_gain":0.0,"event_name":"Vampires","player_choice":"Became a vampire (Vial)","floor":19.0,"relics_lost":["Blood Vial"],"gold_loss":0.0,"damage_taken":0.0,"cards_obtained":["Bite","Bite","Bite","Bite","Bite"]},{"damage_healed":0.0,"max_hp_gain":0.0,"max_hp_loss":0.0,"gold_gain":0.0,"event_name":"Upgrade Shrine","player_choice":"Upgraded","floor":20.0,"gold_loss":0.0,"damage_taken":0.0,"cards_upgraded":["A Thousand Cuts"]},{"cards_removed":["Prepared"],"damage_healed":0.0,"max_hp_gain":0.0,"max_hp_loss":0.0,"gold_gain":0.0,"event_name":"WeMeetAgain","player_choice":"Gave Card","floor":22.0,"gold_loss":0.0,"damage_taken":0.0,"relics_obtained":["Snake Skull"]},{"damage_healed":0.0,"max_hp_gain":0.0,"max_hp_loss":0.0,"gold_gain":200.0,"event_name":"Wheel of Change","player_choice":"Gold","floor":28.0,"gold_loss":0.0,"damage_taken":0.0},{"damage_healed":0,"gold_gain":0,"player_choice":"Ignored","damage_taken":0,"max_hp_gain":0,"max_hp_loss":0,"event_name":"Mysterious Sphere","floor":36,"gold_loss":0},{"damage_healed":0,"gold_gain":0,"player_choice":"Ignored","damage_taken":0,"max_hp_gain":0,"max_hp_loss":0,"event_name":"SecretPortal","floor":37,"gold_loss":0},{"damage_healed":0,"gold_gain":0,"player_choice":"Ignored","damage_taken":0,"max_hp_gain":0,"max_hp_loss":0,"event_name":"Tomb of Lord Red Mask","floor":42,"gold_loss":0},{"cards_removed":["Defend_G"],"damage_healed":0,"gold_gain":0,"player_choice":"Removed Skill","damage_taken":0,"max_hp_gain":0,"max_hp_loss":0,"event_name":"Falling","floor":47,"gold_loss":0}],"is_beta":false,"boss_relics":[{"not_picked":["Astrolabe","Coffee Dripper"],"picked":"Ring of the Serpent"},{"not_picked":["Black Star","Velvet Choker"],"picked":"Philosopher\u0027s Stone"}],"items_purged_floors":[29,44],"is_endless":false,"potions_floor_spawned":[1,10,14,16,18,21,24,27,30,31,33,35,38,39,40,41,48],"killed_by":"Shield and Spear","ascension_level":0}}