{"host":"hjw1ay65n7jm40lc","time":1608387390,"event":{"mods":["AchievementEnabler","BaseMod","Colored Map","Colored Powertips","Googly Eyes","Highlight Path","Minty Spire (QoL Compilation)","Quick Restart","Relic Stats"],"gold_per_floor":[109,109,109,123,148,148,184,199,199,233,233,266,291,316,316,442,442,458,471,386,234,258,294,294,312,337,337,371,371,407,423,423,543,543,558,558,583,916,916,943,943,972,972,972,972,1002,571,591,591,591,591,591,222,254,254],"floor_reached":56,"playtime":11260,"items_purged":["Strike_G","Strike_G+1","Cloak And Dagger+1"],"score":2020,"play_id":"4c49d100-1ed1-43a8-95fe-a56c574e3874","local_time":"20201219091630","is_ascension_mode":true,"campfire_choices":[{"data":"Neutralize","floor":6.0,"key":"SMITH"},{"floor":11.0,"key":"REST"},{"data":"Prepared","floor":15.0,"key":"SMITH"},{"floor":24.0,"key":"REST"},{"data":"Venomology","floor":27.0,"key":"SMITH"},{"floor":32.0,"key":"REST"},{"data":"Tactician","floor":41,"key":"SMITH"},{"data":"Reflex","floor":45,"key":"SMITH"},{"floor":49,"key":"RECALL"},{"data":"Night Terror","floor":52,"key":"SMITH"}],"circlet_count":0,"master_deck":["AscendersBane","Defend_G+1","Defend_G+1","Defend_G+1","Defend_G+1","Defend_G+1","Survivor","Acrobatics+1","Well Laid Plans+1","Eviscerate","PiercingWail","Eviscerate+1","Prepared","Venomology+1","Terror","Prepared+1","Night Terror+1","Tactician+1","Tools of the Trade","Endless Agony+1","Reflex+1","Corpse Explosion","Impatience","Acrobatics+1"],"relics":["Astrolabe","Dream Catcher","Regal Pillow","InkBottle","Potion Belt","WristBlade","Boot","Blue Candle","Oddly Smooth Stone","Smiling Mask","White Beast Statue","SacredBark","Pen Nib","Ice Cream","PreservedInsect","Membership Card","Whetstone","Akabeko","TungstenRod","Frozen Eye","Gremlin Horn"],"acts_visited":["Exordium","TheCity","TheBeyond","TheEnding"],"potions_floor_usage":[35,35,35,37,37,40,40,40,40,42,42,42,46,50,50,50,54,55,55,55,55,55,55,55,55,55,55],"damage_taken":[{"damage":0.0,"enemies":"Small Slimes","floor":1.0,"turns":5.0},{"damage":2.0,"enemies":"2 Louse","floor":4.0,"turns":3.0},{"damage":0.0,"enemies":"Cultist","floor":5.0,"turns":5.0},{"damage":24.0,"enemies":"3 Sentries","floor":7.0,"turns":8.0},{"damage":3.0,"enemies":"Looter","floor":8.0,"turns":3.0},{"damage":0.0,"enemies":"Lagavulin","floor":10.0,"turns":7.0},{"damage":2.0,"enemies":"3 Sentries","floor":12.0,"turns":6.0},{"damage":0.0,"enemies":"Large Slime","floor":13.0,"turns":5.0},{"damage":0.0,"enemies":"Exordium Wildlife","floor":14.0,"turns":5.0},{"damage":32.0,"enemies":"The Guardian","floor":16.0,"turns":10.0},{"damage":3.0,"enemies":"2 Thieves","floor":18.0,"turns":5.0},{"damage":29.0,"enemies":"3 Byrds","floor":19.0,"turns":5.0},{"damage":1.0,"enemies":"Shelled Parasite and Fungi","floor":22.0,"turns":3.0},{"damage":6.0,"enemies":"Gremlin Leader","floor":23.0,"turns":3.0},{"damage":9.0,"enemies":"Centurion and Healer","floor":25.0,"turns":6.0},{"damage":4.0,"enemies":"Slavers","floor":28.0,"turns":5.0},{"damage":0.0,"enemies":"Book of Stabbing","floor":30.0,"turns":4.0},{"damage":6.0,"enemies":"Cultist and Chosen","floor":31.0,"turns":4.0},{"damage":0.0,"enemies":"Collector","floor":33.0,"turns":8.0},{"damage":0,"enemies":"3 Darklings","floor":35,"turns":4},{"damage":0,"enemies":"3 Shapes","floor":37,"turns":5},{"damage":0,"enemies":"Nemesis","floor":40,"turns":7},{"damage":0,"enemies":"Reptomancer","floor":42,"turns":3},{"damage":18,"enemies":"Nemesis","floor":46,"turns":5},{"damage":0,"enemies":"Sphere and 2 Shapes","floor":48,"turns":4},{"damage":31,"enemies":"Time Eater","floor":50,"turns":9},{"damage":67,"enemies":"Shield and Spear","floor":54,"turns":4},{"damage":13,"enemies":"The Heart","floor":55,"turns":5}],"seed_played":"-3334857484583439826","potions_obtained":[{"floor":8.0,"key":"SkillPotion"},{"floor":10.0,"key":"LiquidBronze"},{"floor":13.0,"key":"SkillPotion"},{"floor":14.0,"key":"SpeedPotion"},{"floor":22.0,"key":"SteroidPotion"},{"floor":31.0,"key":"Explosive Potion"},{"floor":33.0,"key":"LiquidBronze"},{"floor":35,"key":"Dexterity Potion"},{"floor":37,"key":"Ancient Potion"},{"floor":42,"key":"AttackPotion"},{"floor":46,"key":"Block Potion"},{"floor":48,"key":"Regen Potion"},{"floor":54,"key":"CultistPotion"}],"is_trial":false,"path_per_floor":["M","?","?","M","M","R","E","M","T","E","R","E","M","M","R","B",null,"M","M","?","$","M","E","R","M","T","R","E","?","E","M","R","B",null,"M","?","M","?","?","E","R","E","T","?","R","E","$","M","R","B",null,"R","$","E","B",null],"character_chosen":"THE_SILENT","items_purchased":["Endless Agony","Membership Card","Whetstone","Akabeko","Fruit Juice","PowerPotion","TungstenRod","Impatience","Frozen Eye","DuplicationPotion","Block Potion"],"campfire_rested":3,"item_purchase_floors":[21,47,47,47,47,47,53,53,53,53,53],"current_hp_per_floor":[63,63,63,61,61,61,37,34,34,34,65,63,63,63,63,31,57,54,25,25,25,24,18,52,43,43,43,39,39,39,33,65,65,65,65,65,65,65,62,62,62,62,62,62,62,44,44,44,44,48,59,59,59,32,19],"gold":254,"neow_bonus":"BOSS_RELIC","is_daily":false,"chose_seed":false,"campfire_upgraded":6,"win_rate":0.0,"timestamp":1608387390,"path_taken":["M","?","?","M","M","R","E","M","T","E","R","E","?","M","R","BOSS","M","M","?","$","M","E","R","M","T","R","E","?","E","M","R","BOSS","M","?","M","?","?","E","R","E","T","?","R","E","$","?","R","BOSS","R","$","E","BOSS"],"items_purchased_type":["Card","Relic","Relic","Relic","Potion","Potion","Relic","Card","Relic","Potion","Potion"],"build_version":"2020-12-13","purchased_purges":3,"victory":true,"max_hp_per_floor":[70,65,65,65,65,65,65,65,65,65,65,65,65,65,65,65,65,65,65,65,65,65,65,65,65,65,65,65,65,65,65,65,65,65,65,65,65,65,62,62,62,62,62,62,62,62,62,62,62,62,62,62,62,62,62],"relic_stats":{"Regal Pillow":40,"Gremlin Horn":[0,0],"counters":[28,146],"Astrolabe":["Acrobatics","Well Laid Plans","Cloak And Dagger"],"Blue Candle":[0],"Pen Nib":[5],"PreservedInsect":77,"Whetstone":["Endless Agony","Eviscerate"],"Boot":[75],"Smiling Mask":13,"Dream Catcher":3,"obtain_stats":[{"Potion Belt":12,"Ice Cream":42,"Regal Pillow":9,"Gremlin Horn":54,"Golden Idol":2,"Astrolabe":0,"Blue Candle":23,"SacredBark":34,"Oddly Smooth Stone":26,"Pen Nib":40,"PreservedInsect":46,"Whetstone":47,"Boot":20,"Smiling Mask":28,"White Beast Statue":30,"Akabeko":47,"Frozen Eye":53,"Dream Catcher":7,"WristBlade":17,"Membership Card":47,"InkBottle":10,"TungstenRod":53,"Ring of the Snake":0},{"Potion Belt":7,"Ice Cream":23,"Regal Pillow":5,"Gremlin Horn":27,"Golden Idol":1,"Astrolabe":0,"Blue Candle":14,"SacredBark":19,"Oddly Smooth Stone":15,"Pen Nib":22,"PreservedInsect":24,"Whetstone":24,"Boot":12,"Smiling Mask":16,"White Beast Statue":17,"Akabeko":24,"Frozen Eye":26,"Dream Catcher":4,"WristBlade":10,"Membership Card":24,"InkBottle":6,"TungstenRod":26,"Ring of the Snake":0},{"Potion Belt":37,"Ice Cream":119,"Regal Pillow":24,"Gremlin Horn":141,"Golden Idol":5,"Astrolabe":0,"Blue Candle":73,"SacredBark":100,"Oddly Smooth Stone":79,"Pen Nib":116,"PreservedInsect":124,"Whetstone":124,"Boot":67,"Smiling Mask":84,"White Beast Statue":88,"Akabeko":124,"Frozen Eye":137,"Dream Catcher":21,"WristBlade":57,"Membership Card":124,"InkBottle":31,"TungstenRod":137,"Ring of the Snake":0}],"InkBottle":[57],"TungstenRod":31},"card_choices":[{"not_picked":["Prepared","Backflip"],"picked":"Eviscerate","floor":1.0},{"not_picked":["Dagger Spray","Bane","Deflect"],"picked":"SKIP","floor":4.0},{"not_picked":["Outmaneuver","Expertise","Setup"],"picked":"SKIP","floor":5.0},{"not_picked":["Outmaneuver","Expertise","Setup"],"picked":"SKIP","floor":5.0},{"not_picked":["Dodge and Roll","Heel Hook","Night Terror"],"picked":"SKIP","floor":7.0},{"not_picked":["Backflip","Deadly Poison"],"picked":"Prepared","floor":8.0},{"not_picked":["Outmaneuver","Escape Plan"],"picked":"Venomology","floor":10.0},{"not_picked":["Heel Hook","Backflip"],"picked":"Terror","floor":11.0},{"not_picked":["Cloak And Dagger","Outmaneuver","Catalyst"],"picked":"SKIP","floor":12.0},{"not_picked":["Sucker Punch","Terror","Bane"],"picked":"SKIP","floor":13.0},{"not_picked":["Sucker Punch","Terror","Bane"],"picked":"SKIP","floor":13.0},{"not_picked":["Riddle With Holes","Backstab"],"picked":"Prepared","floor":14.0},{"not_picked":["Doppelganger","Unload"],"picked":"Night Terror","floor":16.0},{"not_picked":["Deadly Poison","Setup"],"picked":"Tactician","floor":18.0},{"not_picked":["Bane","Quick Slash"],"picked":"Tools of the Trade","floor":19.0},{"not_picked":["Deadly Poison","Outmaneuver","Dagger Spray"],"picked":"SKIP","floor":22.0},{"not_picked":["Bane+1","Underhanded Strike+1","Riddle With Holes"],"picked":"SKIP","floor":23.0},{"not_picked":["Choke","Underhanded Strike"],"picked":"Reflex","floor":25.0},{"not_picked":["Slice","Doppelganger","Quick Slash"],"picked":"SKIP","floor":28.0},{"not_picked":["Bane","Night Terror","Poisoned Stab"],"picked":"SKIP","floor":30.0},{"not_picked":["Quick Slash","Dagger Spray","Choke"],"picked":"SKIP","floor":31.0},{"not_picked":["Unload","Phantasmal Killer"],"picked":"Corpse Explosion","floor":33.0},{"not_picked":["Deadly Poison","Cloak And Dagger","Blade Dance+1"],"picked":"SKIP","floor":35},{"not_picked":["All Out Attack+1","Dagger Spray","Underhanded Strike"],"picked":"SKIP","floor":37},{"not_picked":["PiercingWail","Tools of the Trade","Blade Dance+1"],"picked":"SKIP","floor":40},{"not_picked":["Flechettes+1","Choke","Slice+1"],"picked":"SKIP","floor":42},{"not_picked":["Cloak And Dagger","Slice+1","Dagger Throw+1"],"picked":"SKIP","floor":46},{"not_picked":["Underhanded Strike+1","Flying Knee","Accuracy+1"],"picked":"SKIP","floor":48},{"not_picked":["Backflip+1","Escape Plan+1"],"picked":"Acrobatics+1","floor":54}],"player_experience":364671,"relics_obtained":[{"floor":7.0,"key":"Dream Catcher"},{"floor":9.0,"key":"Regal Pillow"},{"floor":10.0,"key":"InkBottle"},{"floor":12.0,"key":"Potion Belt"},{"floor":23.0,"key":"Blue Candle"},{"floor":26.0,"key":"Oddly Smooth Stone"},{"floor":28.0,"key":"Smiling Mask"},{"floor":30.0,"key":"White Beast Statue"},{"floor":40,"key":"Pen Nib"},{"floor":42,"key":"Ice Cream"},{"floor":46,"key":"PreservedInsect"},{"floor":54,"key":"Gremlin Horn"}],"event_choices":[{"damage_healed":0.0,"max_hp_gain":0.0,"max_hp_loss":5.0,"gold_gain":0.0,"event_name":"Golden Idol","player_choice":"Lose Max HP","floor":2.0,"gold_loss":0.0,"damage_taken":0.0,"relics_obtained":["Golden Idol"]},{"damage_healed":0.0,"max_hp_gain":0.0,"max_hp_loss":0.0,"gold_gain":0.0,"event_name":"Match and Keep!","player_choice":"2 cards matched","floor":3.0,"gold_loss":0.0,"damage_taken":0.0,"cards_obtained":["PiercingWail","Eviscerate"]},{"damage_healed":0.0,"max_hp_gain":0.0,"max_hp_loss":0.0,"gold_gain":0.0,"event_name":"Addict","player_choice":"Obtained Relic","floor":20.0,"gold_loss":85.0,"damage_taken":0.0,"relics_obtained":["Boot"]},{"damage_healed":0.0,"max_hp_gain":0.0,"max_hp_loss":0.0,"gold_gain":0.0,"event_name":"Back to Basics","player_choice":"Simplicity","floor":29.0,"gold_loss":0.0,"damage_taken":0.0,"cards_upgraded":["Strike_G","Defend_G","Defend_G","Defend_G","Defend_G","Defend_G"]},{"cards_removed":["Neutralize"],"damage_healed":0,"gold_gain":0,"player_choice":"Removed Attack","damage_taken":0,"max_hp_gain":0,"max_hp_loss":0,"event_name":"Falling","floor":36,"gold_loss":0},{"damage_healed":0,"gold_gain":333,"player_choice":"Gave Idol","damage_taken":0,"max_hp_gain":0,"max_hp_loss":0,"event_name":"The Moai Head","floor":38,"relics_lost":["Golden Idol"],"gold_loss":0},{"damage_healed":0,"gold_gain":0,"player_choice":"Max HP","damage_taken":0,"max_hp_gain":0,"max_hp_loss":3,"event_name":"Winding Halls","floor":39,"gold_loss":0},{"damage_healed":0,"gold_gain":0,"player_choice":"Ignored","damage_taken":0,"max_hp_gain":0,"max_hp_loss":0,"event_name":"Tomb of Lord Red Mask","floor":44,"gold_loss":0}],"is_beta":false,"boss_relics":[{"not_picked":["Calling Bell","Black Star"],"picked":"WristBlade"},{"not_picked":["Velvet Choker","Empty Cage"],"picked":"SacredBark"}],"items_purged_floors":[21,47,53],"is_endless":false,"potions_floor_spawned":[8,10,13,14,22,28,31,33,35,37,40,42,46,48,54],"ascension_level":10}}