{"host":"usewcu4ohw2wtmxk","time":1608354179,"event":{"mods":["AchievementEnabler","BaseMod","Colored Powertips","Minty Spire (QoL Compilation)","Permanent Neow","Quick Restart","Relic Stats","StSLib"],"gold_per_floor":[112,124,124,142,162,162,180,180,180,180,193,193,224,239,239,314,314,325,339,355,355,355,355,373,406,406,160,160,185,204,232,232,232,232],"floor_reached":33,"playtime":1477,"items_purged":["Strike_G"],"score":768,"play_id":"5490baae-b18d-4a0d-87fe-9e0f6b731da4","local_time":"20201219130259","is_ascension_mode":true,"campfire_choices":[{"data":"Crippling Poison","floor":6.0,"key":"SMITH"},{"data":"Catalyst","floor":8.0,"key":"SMITH"},{"data":"Burst","floor":15.0,"key":"SMITH"},{"data":"Wraith Form v2","floor":32,"key":"SMITH"}],"circlet_count":0,"master_deck":["AscendersBane","Strike_G","Strike_G","Defend_G","Defend_G","Defend_G","Defend_G","Defend_G","Survivor","Neutralize","Prepared","Burst+1","Crippling Poison+1","Catalyst+1","Outmaneuver","Wraith Form v2+1","Backflip","Calculated Gamble+1","Concentrate"],"relics":["Runic Pyramid","Mummified Hand","Bronze Scales","Coffee Dripper","Nilry\u0027s Codex","MealTicket","Gremlin Horn","ClockworkSouvenir","PreservedInsect","Juzu Bracelet","Vajra"],"acts_visited":["Exordium","TheCity"],"potions_floor_usage":[20,25],"damage_taken":[{"damage":4.0,"enemies":"Cultist","floor":1.0,"turns":6.0},{"damage":2.0,"enemies":"2 Louse","floor":2.0,"turns":2.0},{"damage":0.0,"enemies":"Small Slimes","floor":4.0,"turns":5.0},{"damage":11.0,"enemies":"3 Louse","floor":5.0,"turns":4.0},{"damage":3.0,"enemies":"Blue Slaver","floor":7.0,"turns":5.0},{"damage":4.0,"enemies":"Looter","floor":11.0,"turns":3.0},{"damage":0.0,"enemies":"Lagavulin","floor":13.0,"turns":5.0},{"damage":4.0,"enemies":"Red Slaver","floor":14.0,"turns":3.0},{"damage":10.0,"enemies":"Slime Boss","floor":16.0,"turns":5.0},{"damage":0.0,"enemies":"Chosen","floor":18.0,"turns":2.0},{"damage":2.0,"enemies":"Shell Parasite","floor":19.0,"turns":4.0},{"damage":0,"enemies":"Snecko","floor":20,"turns":6},{"damage":9,"enemies":"Shelled Parasite and Fungi","floor":24,"turns":4},{"damage":2,"enemies":"Gremlin Leader","floor":25,"turns":6},{"damage":16,"enemies":"Book of Stabbing","floor":29,"turns":3},{"damage":4,"enemies":"3 Cultists","floor":30,"turns":6},{"damage":0,"enemies":"Gremlin Leader","floor":31,"turns":4},{"damage":0,"enemies":"Automaton","floor":33,"turns":1}],"seed_played":"3952228511204473845","potions_obtained":[{"floor":2.0,"key":"Weak Potion"},{"floor":7.0,"key":"SpeedPotion"},{"floor":11.0,"key":"SpeedPotion"},{"floor":13.0,"key":"BlessingOfTheForge"},{"floor":16.0,"key":"Swift Potion"},{"floor":24,"key":"Energy Potion"},{"floor":25,"key":"DuplicationPotion"}],"is_trial":false,"path_per_floor":["M","M","?","M","M","R","M","R","T","?","M","?","E","M","R","B",null,"M","M","M","?","?","?","M","E","T","$","T","E","M","E","R","B"],"character_chosen":"THE_SILENT","items_purchased":["ClockworkSouvenir"],"campfire_rested":0,"item_purchase_floors":[27],"current_hp_per_floor":[55,53,46,46,35,35,32,32,32,32,28,19,19,15,15,5,51,51,49,49,49,28,28,19,17,17,32,32,16,12,12,12,12,12],"gold":232,"neow_bonus":"BOSS_RELIC","is_daily":false,"chose_seed":false,"campfire_upgraded":4,"win_rate":0.0,"timestamp":1608354179,"path_taken":["M","M","?","M","M","R","M","R","T","?","?","?","E","M","R","BOSS","M","M","M","?","?","?","M","E","T","?","?","E","M","E","R","BOSS"],"items_purchased_type":["Relic"],"build_version":"2020-12-13","purchased_purges":1,"victory":false,"max_hp_per_floor":[66,66,66,66,66,66,66,66,66,66,66,66,66,66,66,66,66,66,66,66,66,66,66,66,66,66,66,66,66,66,66,66,66,66],"relic_stats":{"Gremlin Horn":[5,5],"counters":[18,74],"Mummified Hand":[8],"Bronze Scales":[135],"MealTicket":15,"PreservedInsect":92,"Juzu Bracelet":0,"obtain_stats":[{"Gremlin Horn":26,"Mummified Hand":10,"Nilry\u0027s Codex":22,"Bronze Scales":13,"Vajra":31,"MealTicket":25,"PreservedInsect":28,"Coffee Dripper":17,"Juzu Bracelet":29,"Ring of the Snake":0,"Runic Pyramid":0,"ClockworkSouvenir":27},{"Gremlin Horn":14,"Mummified Hand":5,"Nilry\u0027s Codex":12,"Bronze Scales":7,"Vajra":17,"MealTicket":14,"PreservedInsect":14,"Coffee Dripper":9,"Juzu Bracelet":15,"Ring of the Snake":0,"Runic Pyramid":0,"ClockworkSouvenir":14},{"Gremlin Horn":60,"Mummified Hand":22,"Nilry\u0027s Codex":50,"Bronze Scales":30,"Vajra":73,"MealTicket":60,"PreservedInsect":60,"Coffee Dripper":38,"Juzu Bracelet":63,"Ring of the Snake":0,"Runic Pyramid":0,"ClockworkSouvenir":60}]},"card_choices":[{"not_picked":["Flying Knee","Bane"],"picked":"Prepared","floor":1.0},{"not_picked":["Acrobatics","Outmaneuver"],"picked":"Burst","floor":2.0},{"not_picked":["Bane","Accuracy"],"picked":"Crippling Poison","floor":4.0},{"not_picked":["Distraction","PiercingWail","Skewer"],"picked":"SKIP","floor":5.0},{"not_picked":["Bane","Dodge and Roll"],"picked":"Catalyst","floor":7.0},{"not_picked":["Caltrops","Underhanded Strike","Blade Dance"],"picked":"SKIP","floor":11.0},{"not_picked":["Eviscerate","Deadly Poison","Outmaneuver"],"picked":"SKIP","floor":13.0},{"not_picked":["Eviscerate","Deadly Poison"],"picked":"Outmaneuver","floor":13.0},{"not_picked":["Dodge and Roll","Deflect","Underhanded Strike"],"picked":"SKIP","floor":14.0},{"not_picked":["Glass Knife","Tools of the Trade"],"picked":"Wraith Form v2","floor":16.0},{"not_picked":["Deflect","Setup"],"picked":"Backflip","floor":18.0},{"not_picked":["Finisher","Tactician"],"picked":"Calculated Gamble+1","floor":19.0},{"not_picked":["Sucker Punch","Riddle With Holes","Quick Slash"],"picked":"SKIP","floor":20},{"not_picked":["Dagger Spray","Cloak And Dagger","Poisoned Stab"],"picked":"SKIP","floor":24},{"not_picked":["Quick Slash","Endless Agony","Outmaneuver"],"picked":"SKIP","floor":25},{"not_picked":["Unload","Outmaneuver"],"picked":"Concentrate","floor":29},{"not_picked":["Cloak And Dagger","Deadly Poison","PiercingWail"],"picked":"SKIP","floor":30},{"not_picked":["Finisher","All Out Attack","Poisoned Stab"],"picked":"SKIP","floor":31}],"player_experience":215516,"relics_obtained":[{"floor":13.0,"key":"Bronze Scales"},{"floor":22,"key":"Nilry\u0027s Codex"},{"floor":25,"key":"MealTicket"},{"floor":26,"key":"Gremlin Horn"},{"floor":28,"key":"PreservedInsect"},{"floor":29,"key":"Juzu Bracelet"},{"floor":31,"key":"Vajra"}],"event_choices":[{"cards_removed":["Strike_G"],"damage_healed":0.0,"max_hp_gain":0.0,"max_hp_loss":0.0,"gold_gain":0.0,"event_name":"Golden Wing","player_choice":"Card Removal","floor":3.0,"gold_loss":0.0,"damage_taken":7.0},{"damage_healed":0.0,"max_hp_gain":0.0,"max_hp_loss":0.0,"gold_gain":0.0,"event_name":"WeMeetAgain","player_choice":"Gave Potion","floor":10.0,"gold_loss":0.0,"damage_taken":0.0,"relics_obtained":["Mummified Hand"]},{"damage_healed":0.0,"max_hp_gain":0.0,"max_hp_loss":0.0,"gold_gain":0.0,"event_name":"Wheel of Change","player_choice":"Damaged","floor":12.0,"gold_loss":0.0,"damage_taken":9.0},{"damage_healed":0,"gold_gain":0,"player_choice":"Ignored","damage_taken":0,"max_hp_gain":0,"max_hp_loss":0,"event_name":"Vampires","floor":21,"gold_loss":0},{"damage_healed":0,"gold_gain":0,"player_choice":"Obtained Book","damage_taken":21,"max_hp_gain":0,"max_hp_loss":0,"event_name":"Cursed Tome","floor":22,"gold_loss":0},{"cards_removed":["Strike_G"],"damage_healed":0,"gold_gain":0,"player_choice":"Elegance","damage_taken":0,"max_hp_gain":0,"max_hp_loss":0,"event_name":"Back to Basics","floor":23,"gold_loss":0}],"is_beta":false,"boss_relics":[{"not_picked":["Cursed Key","Empty Cage"],"picked":"Coffee Dripper"}],"items_purged_floors":[27],"is_endless":false,"potions_floor_spawned":[2,7,11,13,16,18,24,25],"killed_by":"Automaton","ascension_level":20}}