{"host":"81h68oe4mr04pk3r","time":1608368290,"event":{"mods":["Act Like it!","Aspiration","BaseMod","BetterRewards","Colored Map","Colored Powertips","Conspire","Downfall","Hermit","Hubris","Infinite Spire","Jorbs\u0027s Wanderer Trilogy","Koishi","Lobotomy","LobotomyExtend","Marisa????????","Minty Spire (QoL Compilation)","Quick Restart","Reimu??????","Remilia??????","Replay The Spire","StSLib","The Bug Knight","The Construct","The Cursed","The Disciple","The Servant 0.9.4"],"gold_per_floor":[112,112,42,59,71,100,100,120,120,120,120,120,120,120,136,136,136,136,136],"floor_reached":18,"playtime":453,"items_purged":[],"score":135,"play_id":"a3866b31-d8b8-4c04-a0f2-3851769c7d21","local_time":"20201219005810","is_ascension_mode":false,"campfire_choices":[{"floor":12,"key":"REST"},{"data":"Flex","floor":14,"key":"SMITH"},{"data":"Cleave","floor":17,"key":"SMITH"}],"circlet_count":0,"master_deck":["Strike_R","Strike_R","Strike_R","Strike_R","Strike_R","Defend_R","Defend_R","Defend_R","Defend_R","Bash","Pommel Strike","Flex+1","Cleave","Cleave+1","Flex","Flex","Flex","Clothesline"],"relics":["Chronometer","aspiration:DSix","LetterFromLob","Kunai","infinitespire:Cubic Diamond"],"acts_visited":["Exordium"],"potions_floor_usage":[6,18,18],"damage_taken":[{"damage":10,"enemies":"Small Slimes","floor":1,"turns":4},{"damage":1,"enemies":"Jaw Worm","floor":4,"turns":3},{"damage":5,"enemies":"2 Louse","floor":5,"turns":2},{"damage":34,"enemies":"Gremlin Nob","floor":6,"turns":4},{"damage":3,"enemies":"Exordium Thugs","floor":8,"turns":4},{"damage":8,"enemies":"Lots of Slimes","floor":15,"turns":3},{"damage":81,"enemies":"Hexaghost","floor":18,"turns":11}],"seed_played":"5826627388073706123","potions_obtained":[{"floor":4,"key":"Explosive Potion"},{"floor":6,"key":"EssenceOfSteel"},{"floor":15,"key":"Venom Potion"}],"is_trial":false,"path_per_floor":["M","?","$","M","M","E","?","M","PTL","PTL","T","R","E","R","M","?","R","B"],"character_chosen":"IRONCLAD","items_purchased":["Flex","Cleave"],"campfire_rested":1,"item_purchase_floors":[3,3],"current_hp_per_floor":[76,76,76,80,80,52,52,55,55,55,55,79,79,79,77,77,77,0,0],"gold":136,"neow_bonus":"DSIX","is_daily":false,"chose_seed":false,"campfire_upgraded":2,"win_rate":0.0,"timestamp":1608368290,"path_taken":["M","?","$","M","M","E","?","M","PTL","PTL","T","R","E","R","M","?","R","BOSS"],"items_purchased_type":["Card","Card"],"build_version":"2020-12-13","purchased_purges":0,"victory":false,"max_hp_per_floor":[80,80,80,80,80,80,80,80,80,80,80,80,80,80,80,80,80,80,80],"card_choices":[{"not_picked":["ReplayTheSpireMod:Stacked","Rupture"],"picked":"Pommel Strike","floor":1},{"not_picked":["Clash","Feel No Pain"],"picked":"Cleave","floor":4},{"not_picked":["Pommel Strike","Corruption"],"picked":"Flex","floor":5},{"not_picked":["Headbutt","infinitespire:OneForAll"],"picked":"Flex","floor":6},{"not_picked":["Clash","Warcry"],"picked":"Flex","floor":8},{"not_picked":["Disarm","Clash"],"picked":"Clothesline","floor":15}],"player_experience":114498,"relics_obtained":[{"floor":1,"key":"LetterFromLob"},{"floor":6,"key":"Kunai"}],"event_choices":[{"damage_healed":0,"gold_gain":0,"player_choice":"Leave","damage_taken":0,"max_hp_gain":0,"max_hp_loss":0,"event_name":"The Cleric","floor":2,"gold_loss":0},{"damage_healed":0,"gold_gain":0,"player_choice":"Ignored","damage_taken":0,"max_hp_gain":0,"max_hp_loss":0,"event_name":"Golden Idol","floor":7,"gold_loss":0}],"is_beta":false,"boss_relics":[],"items_purged_floors":[],"is_endless":false,"potions_floor_spawned":[4,6,15],"killed_by":"Hexaghost","ascension_level":0}}