{"host":"eq1m0q9u0q68wvol","time":1608395040,"event":{"mods":["Act Like it!","BaseMod","Colored Powertips","Gensokyo","Minty Spire (QoL Compilation)","StSLib","The Servant 0.9.4","Youmu（魂魄妖梦）"],"gold_per_floor":[119,119,119,133,147,147,183,183,183,199,42,42,42],"floor_reached":12,"playtime":461,"items_purged":[],"score":86,"play_id":"b8ccb8c3-7849-41a3-8d46-cb30f7161bdc","local_time":"20201220002400","is_ascension_mode":true,"campfire_choices":[{"data":"Eruption","floor":6,"key":"SMITH"},{"floor":8,"key":"REST"}],"circlet_count":0,"master_deck":["Strike_P","Strike_P","Strike_P","Strike_P","Defend_P","Defend_P","Defend_P","Defend_P","Eruption+1","Vigilance"],"relics":["PureWater","Golden Idol","Molten Egg 2","Boot","Regal Pillow"],"acts_visited":["Exordium"],"potions_floor_usage":[7,12],"damage_taken":[{"damage":4,"enemies":"2 Louse","floor":1,"turns":2},{"damage":9,"enemies":"Jaw Worm","floor":4,"turns":4},{"damage":6,"enemies":"Small Slimes","floor":5,"turns":3},{"damage":29,"enemies":"Gremlin Nob","floor":7,"turns":5},{"damage":2,"enemies":"2 Fungi Beasts","floor":10,"turns":3},{"damage":34,"enemies":"3 Sentries","floor":12,"turns":6}],"seed_played":"-9163630269035195422","potions_obtained":[{"floor":4,"key":"Dexterity Potion"},{"floor":5,"key":"PowerPotion"}],"is_trial":false,"path_per_floor":["M","?","?","M","M","R","E","R","T","M","$","E"],"character_chosen":"WATCHER","items_purchased":["Regal Pillow"],"campfire_rested":1,"item_purchase_floors":[11],"current_hp_per_floor":[75,56,56,47,41,41,12,35,35,33,33,0,0],"gold":42,"neow_bonus":"TEN_PERCENT_HP_BONUS","is_daily":false,"chose_seed":false,"campfire_upgraded":1,"win_rate":0.0,"timestamp":1608395040,"path_taken":["M","?","?","M","M","R","E","R","T","M","?","E"],"items_purchased_type":["Relic"],"build_version":"2020-12-13","purchased_purges":0,"victory":false,"max_hp_per_floor":[79,79,79,79,79,79,79,79,79,79,79,79,79],"card_choices":[{"not_picked":["Evaluate","Crescendo","SignatureMove"],"picked":"SKIP","floor":1},{"not_picked":["EmptyFist","PathToVictory","Conclude"],"picked":"SKIP","floor":4},{"not_picked":["MentalFortress","CarveReality","DeceiveReality"],"picked":"SKIP","floor":5},{"not_picked":["Evaluate","JustLucky+1","BattleHymn"],"picked":"SKIP","floor":7},{"not_picked":["FlyingSleeves+1","Pray","Swivel"],"picked":"SKIP","floor":10}],"player_experience":308404,"relics_obtained":[{"floor":7,"key":"Molten Egg 2"},{"floor":9,"key":"Boot"}],"event_choices":[{"damage_healed":0,"gold_gain":0,"player_choice":"Take Damage","damage_taken":19,"relics_obtained":["Golden Idol"],"max_hp_gain":0,"max_hp_loss":0,"event_name":"Golden Idol","floor":2,"gold_loss":0},{"damage_healed":0,"gold_gain":0,"player_choice":"Ignored","damage_taken":0,"max_hp_gain":0,"max_hp_loss":0,"event_name":"Golden Wing","floor":3,"gold_loss":0}],"is_beta":false,"boss_relics":[],"items_purged_floors":[],"is_endless":false,"potions_floor_spawned":[4,5],"killed_by":"3 Sentries","ascension_level":2}}