{"host":"xenpv6dj5x1yxp66","time":1608409302,"event":{"mods":["AchievementEnabler","Aspiration","BaseMod","Better Altar","Better Sensory Stone","Better Skull","Better Third Choice","BetterRewards","Colored Map","Colored Powertips","Conspire","Downfall","Highlight Path","Hubris","Marisa????????","Minty Spire (QoL Compilation)","Quick Restart","READ ME - Guardian Mod","Replay The Spire","Shade Mod","StSLib","The Animator","The Bug Knight","The Construct","The Cursed","The Disciple","The Necromancer","The Runesmith","The Servant 0.9.4"],"gold_per_floor":[111,111,123,139,154,154,154,170,170,187,187,39,50,50,50,50,50],"floor_reached":16,"playtime":788,"items_purged":[],"score":94,"play_id":"dba4c2c0-076c-4e9f-bdc5-0dec2d0c3e5b","local_time":"20201219212142","is_ascension_mode":false,"campfire_choices":[{"data":"Ricochet","floor":6,"key":"SMITH"},{"data":"GearUp","floor":15,"key":"SMITH"}],"circlet_count":0,"master_deck":["Strike_S","Strike_S","Strike_S","Strike_S","Defend_S","Defend_S","Defend_S","Defend_S","KidneyShot+1","Exchange+1","Spin+1","Potential","Ricochet+1","GearUp+1","ReturningBlade","FanOfKnives","ForgedInTime","Injury"],"relics":["Uniform","conspire:BottledYoYo","Akabeko","Toxic Egg 2"],"acts_visited":["Exordium"],"potions_floor_usage":[13,16],"damage_taken":[{"damage":3,"enemies":"Jaw Worm","floor":1,"turns":4},{"damage":0,"enemies":"Small Slimes","floor":3,"turns":2},{"damage":0,"enemies":"Cultist","floor":4,"turns":3},{"damage":0,"enemies":"2 Fungi Beasts","floor":5,"turns":2},{"damage":14,"enemies":"Large Slime","floor":8,"turns":4},{"damage":5,"enemies":"Exordium Wildlife","floor":10,"turns":3},{"damage":0,"enemies":"Blue Slaver","floor":13,"turns":1},{"damage":50,"enemies":"Hexaghost","floor":16,"turns":16}],"seed_played":"674641714000886417","potions_obtained":[{"floor":1,"key":"sneckomod:MuddlingPotion"},{"floor":8,"key":"Reflective Coating"},{"floor":10,"key":"EssenceOfSteel"},{"floor":13,"key":"Fruit Juice"}],"is_trial":false,"path_per_floor":["M","?","M","M","M","R","?","M","T","M","?","$","M","?","R","B"],"character_chosen":"THE_SERVANT","items_purchased":["Akabeko"],"campfire_rested":0,"item_purchase_floors":[12],"current_hp_per_floor":[62,62,62,62,62,62,62,48,48,43,43,43,48,48,48,0,0],"gold":50,"neow_bonus":"UPGRADE_CARD","is_daily":false,"chose_seed":false,"campfire_upgraded":2,"win_rate":0.0,"timestamp":1608409302,"path_taken":["M","?","M","M","M","R","?","M","T","M","?","?","?","?","R","BOSS"],"items_purchased_type":["Relic"],"build_version":"2020-12-13","purchased_purges":0,"victory":false,"max_hp_per_floor":[65,65,65,65,65,65,65,65,65,65,65,65,70,70,70,70,70],"card_choices":[{"not_picked":["RealityMarble","FastForward"],"picked":"Spin","floor":1},{"not_picked":["Collapse","InstantArmor"],"picked":"Potential","floor":3},{"not_picked":["WasteNot","Unruled"],"picked":"Ricochet","floor":4},{"not_picked":["DoubleEdge","Replace"],"picked":"GearUp","floor":5},{"not_picked":["Unruled","FloweringNight"],"picked":"ReturningBlade","floor":8},{"not_picked":["Spin","Replace"],"picked":"FanOfKnives","floor":10},{"not_picked":["Replace","FastForward"],"picked":"ForgedInTime","floor":13}],"player_experience":158763,"relics_obtained":[{"floor":9,"key":"conspire:BottledYoYo"}],"event_choices":[{"damage_healed":0,"gold_gain":0,"player_choice":"Grow","damage_taken":0,"max_hp_gain":0,"max_hp_loss":0,"event_name":"Living Wall","floor":2,"gold_loss":0,"cards_upgraded":["Spin"]},{"damage_healed":0,"gold_gain":0,"player_choice":"Leave","damage_taken":0,"max_hp_gain":0,"max_hp_loss":0,"event_name":"conspire:Investor","floor":7,"gold_loss":0}],"is_beta":false,"boss_relics":[],"items_purged_floors":[],"is_endless":false,"potions_floor_spawned":[1,8,10,13],"killed_by":"Hexaghost","ascension_level":0}}