{"host":"lg1avtpkuoyoubr4","time":1608391700,"event":{"mods":["Act Like it!","BaseMod","BetterRewards","Downfall","Friendly Minions","Gensokyo","Lobotomy","Mari Mod (Legacy)","Mari\u0027s V1 Patch","Marisa£®ÏF”Í°°ƒß¿Ì…≥£©","Mimic Mod","Minty Spire (QoL Compilation)","MostiFishMod","Reimu£®≤©¿ˆ¡È√Œ£©","Remilia£®¿Ÿ√◊¿Ú—«£©","Replay The Spire","Shop Mod","StSLib","The Jungle"],"gold_per_floor":[115,133,133,133,14,14,45,45,45,45,65,65,79,112,112,112,112],"floor_reached":16,"playtime":826,"items_purged":[],"score":158,"play_id":"1cebc307-6e47-4908-a03a-97c695dcde25","local_time":"20201219232820","is_ascension_mode":false,"campfire_choices":[{"data":"expansioncontent:LastStand","floor":6.0,"key":"SMITH"},{"data":"Revelation:ReiMu","floor":10.0,"key":"SMITH"},{"data":"FoulBorder2:ReiMu","floor":12.0,"key":"SMITH"},{"data":"Dreaming2:ReiMu","floor":15.0,"key":"SMITH"}],"circlet_count":0,"master_deck":["Strike_Lin:ReiMu","Strike_Lin:ReiMu","Strike_Lin:ReiMu","Strike_Lin:ReiMu","Defend_Lin:ReiMu","Defend_Lin:ReiMu","Defend_Lin:ReiMu","Defend_Lin:ReiMu","Dreaming2:ReiMu+1","OrbThrow:ReiMu","expansioncontent:LastStand+1","Revelation:ReiMu+1","FoulBorder2:ReiMu+1","Gathering:ReiMu","LearningPray:ReiMu"],"relics":["FlyPower:ReiMu","DaveBox","Membership Card","Question Card","Gensokyo:Justice","Boot","PreservedInsect","Nunchaku","Happy Flower","Mirror","Gremlin Food"],"acts_visited":["Gensokyo:Gensokyo"],"potions_floor_usage":[16,16],"damage_taken":[{"damage":7.0,"enemies":"Gensokyo:Python","floor":1.0,"turns":6.0},{"damage":4.0,"enemies":"Gensokyo:2_Kodama","floor":2.0,"turns":5.0},{"damage":4.0,"enemies":"Gensokyo:Mamizou","floor":7.0,"turns":6.0},{"damage":0.0,"enemies":"Gensokyo:3_Fairies","floor":11.0,"turns":2.0},{"damage":11.0,"enemies":"Gensokyo:Gryphon_and_Rabbit","floor":13.0,"turns":5.0},{"damage":24.0,"enemies":"Gensokyo:Cirno","floor":14.0,"turns":6.0},{"damage":74,"enemies":"Gensokyo:Reimu","floor":16,"turns":12}],"seed_played":"7508546030876964726","potions_obtained":[{"floor":1.0,"key":"AttackPotion"},{"floor":11.0,"key":"Milkshake"},{"floor":13.0,"key":"champ:CounterPotion"}],"is_trial":false,"path_per_floor":["M","M","?","?","$","R","E","?","T","R","M","R","M","E","R","B"],"character_chosen":"REIMU","items_purchased":["PreservedInsect","expansioncontent:LastStand"],"campfire_rested":0,"item_purchase_floors":[5,5],"current_hp_per_floor":[58,54,54,41,41,41,37,37,37,37,37,37,36,22,22,0,0],"gold":112,"neow_bonus":"","is_daily":false,"chose_seed":false,"campfire_upgraded":4,"win_rate":0.0,"timestamp":1608391700,"path_taken":["M","M","?","?","$","R","E","?","T","R","M","R","M","E","R","BOSS"],"items_purchased_type":["Relic","Card"],"build_version":"2020-12-13","purchased_purges":0,"victory":false,"max_hp_per_floor":[65,65,65,65,65,65,65,65,65,65,65,65,65,65,65,65,65],"card_choices":[{"not_picked":["TightArray:ReiMu","AlertArray:ReiMu"],"picked":"Dreaming2:ReiMu","floor":1.0},{"not_picked":["Meditation:ReiMu","SubAcupoint:ReiMu","MountainWay:ReiMu"],"picked":"OrbThrow:ReiMu","floor":2.0},{"not_picked":["Dreaming2:ReiMu","KamiSacrifice:ReiMu","DoubleButterfly:ReiMu"],"picked":"Revelation:ReiMu","floor":7.0},{"not_picked":["Meditation:ReiMu","Amulet:ReiMu","FantasyBorder:ReiMu"],"picked":"FoulBorder2:ReiMu","floor":11.0},{"not_picked":["OrbThrow:ReiMu","AirManeuver:ReiMu","LearningPray:ReiMu"],"picked":"Gathering:ReiMu","floor":13.0},{"not_picked":["PayForSelf:ReiMu","OctopathBindingBorder2:ReiMu","EmergencyTakeOff:ReiMu"],"picked":"LearningPray:ReiMu","floor":14.0}],"player_experience":182519,"relics_obtained":[{"floor":1.0,"key":"Question Card"},{"floor":7.0,"key":"Nunchaku"},{"floor":9.0,"key":"Mirror"},{"floor":14.0,"key":"Gremlin Food"}],"event_choices":[],"is_beta":false,"boss_relics":[],"items_purged_floors":[],"is_endless":false,"potions_floor_spawned":[1,11,13],"killed_by":"Gensokyo:Reimu","ascension_level":0}}