{"host":"hfvpa4llnnjpeawn","time":1608411943,"event":{"mods":["2.2 Compatiblity","AchievementEnabler","Act Like it!","Aspiration","Bard","BaseMod","Beaked The Cultist","Better Sensory Stone","Better Skull","Better Third Choice","BetterRewards","CapriCore","Conspire","Downfall","Elementarium","Energized Spire","Hermit","Hubris","Jorbs\u0027s Wanderer Trilogy","Koishi","Lobotomy","LobotomyExtend","Minty Spire (QoL Compilation)","Replay The Spire","Shade Mod","Spicy Shops","StSLib","The Bladedancer","The Factory","The Gatherer","The Jungle","Waifu the Spire","Wandering Minibosses"],"gold_per_floor":[99,99,99,134,134,168,168,168,183,183,200,200,229,229,154,168,195,215,231,231,277,297,297,297],"floor_reached":16,"playtime":1047,"items_purged":[],"score":207,"play_id":"fa3dd5a3-4ff8-48eb-a759-50586d88876d","local_time":"20201219160543","is_ascension_mode":false,"campfire_choices":[{"data":"sneckomod:SnekBite","floor":1,"key":"SMITH"},{"data":"sneckomod:DiceCrush","floor":1,"key":"SMITH"},{"floor":5,"key":"RECALL"},{"data":"sneckomod:UnknownRareAttack","floor":8,"key":"SMITH"}],"circlet_count":0,"master_deck":["conspire:GhostlyStrike+1","conspire:GhostlyStrike+1","conspire:GhostlyStrike+1","conspire:GhostlyDefend","conspire:GhostlyDefend","conspire:GhostlyDefend","sneckomod:SnekBite+1","sneckomod:Unknown","sneckomod:Unknown","sneckomod:DiceCrush+1","sneckomod:UnknownCommonAttack","sneckomod:UnknownVulnerable","FollowUp","sneckomod:TrashToTreasure","sneckomod:DiceBlock","sneckomod:WideSting","sneckomod:UnknownClassWANDERER_GRAY_COLOR","PiercingWail","hubris:Counter","Blur","sneckomod:SnakeSap"],"relics":["sneckomod:SneckoSoul","downfall:HeartsMalice","Ring of Panic","ReplayTheSpireMod:Ring of Addiction","hubris:EmptyBottle","SacredBark","Replay:Baseball","Tiny Chest","Replay:Bottled Eggs","Heaven_r","LetterFromLob","Centennial Puzzle","beaked:ShinyBauble","downfall:HeartBlessingRed","Bottled Lightning"],"acts_visited":["Exordium"],"potions_floor_usage":[8,8,8,8,8,6,6,9,10,10,15,16],"damage_taken":[{"damage":0,"enemies":"3 Sentries","floor":4,"turns":1},{"damage":0,"enemies":"Gremlin Nob","floor":6,"turns":1},{"damage":0,"enemies":"2 Louse","floor":8,"turns":1},{"damage":0,"enemies":"2 Louse","floor":8,"turns":1},{"damage":0,"enemies":"Jaw Worm","floor":2,"turns":1},{"damage":0,"enemies":"2 Louse","floor":4,"turns":1},{"damage":5,"enemies":"Gremlin Nob","floor":6,"turns":3},{"damage":0,"enemies":"Small Slimes","floor":9,"turns":2},{"damage":0,"enemies":"3 Sentries","floor":10,"turns":2},{"damage":0,"enemies":"Gremlin Gang","floor":11,"turns":3},{"damage":1,"enemies":"2 Fungi Beasts","floor":12,"turns":2},{"damage":0,"enemies":"Exordium Wildlife","floor":15,"turns":1},{"damage":96,"enemies":"downfall:Defect","floor":16,"turns":11}],"seed_played":"7018094753792410485","potions_obtained":[{"floor":3,"key":"sneckomod:DiceRollPotion"},{"floor":3,"key":"SteroidPotion"},{"floor":3,"key":"hexamod:EctoCoolerPotion"},{"floor":4,"key":"BlessingOfTheForge"},{"floor":9,"key":"SteroidPotion"},{"floor":12,"key":"DistilledChaos"}],"is_trial":false,"path_per_floor":["R","?","?","E","?","E","T","M","R","M","?","M","R","E","T","R","M","E","M","M","?","T","M","B"],"character_chosen":"THE_SNECKO","items_purchased":[],"campfire_rested":0,"item_purchase_floors":[],"current_hp_per_floor":[90,91,91,91,91,92,90,90,91,91,89,89,85,85,85,85,85,90,90,90,90,90,0,0],"gold":297,"neow_bonus":"THREE_ENEMY_KILL","is_daily":false,"chose_seed":false,"campfire_upgraded":3,"win_rate":0.0,"timestamp":1608411943,"path_taken":["R","?","?","E","?","E","T","M","R","M","?","M","R","E","T","R","M","E","M","?","?","?","M","BOSS"],"items_purchased_type":[],"build_version":"2020-12-13","purchased_purges":0,"victory":false,"max_hp_per_floor":[90,91,91,91,91,92,90,90,91,91,89,89,90,90,90,90,90,95,96,96,94,94,94,94],"card_choices":[{"not_picked":["sneckomod:UnknownBlock","sneckomod:UnknownCommonSkill"],"picked":"sneckomod:DiceCrush","floor":4},{"not_picked":["sneckomod:UnknownWeak","sneckomod:UnknownExhaust"],"picked":"sneckomod:UnknownCommonAttack","floor":6},{"not_picked":["sneckomod:SoulDraw","sneckomod:Mudshield"],"picked":"sneckomod:UnknownVulnerable","floor":2},{"not_picked":["sneckomod:Unknown1Cost","sneckomod:QuickBite"],"picked":"sneckomod:TrashToTreasure","floor":4},{"not_picked":["sneckomod:IronFang","sneckomod:UnknownClassTHE_CHAMP_GRAY"],"picked":"sneckomod:UnknownRareAttack","floor":6},{"not_picked":["sneckomod:CheapStock","sneckomod:UnknownCommonSkill"],"picked":"sneckomod:DiceBlock","floor":9},{"not_picked":["sneckomod:UnlimitedRolls","sneckomod:Rotation"],"picked":"sneckomod:WideSting","floor":10},{"not_picked":["sneckomod:UnknownVulnerable","sneckomod:DiceCrush"],"picked":"sneckomod:UnknownClassWANDERER_GRAY_COLOR","floor":11},{"not_picked":["sneckomod:WideSting","sneckomod:UnknownClassWANDERER_GRAY_COLOR"],"picked":"sneckomod:Unknown1Cost","floor":12},{"not_picked":["sneckomod:Nope","sneckomod:UnknownClassGATHERER_LIME"],"picked":"sneckomod:SnakeSap","floor":15}],"player_experience":277293,"relics_obtained":[{"floor":3,"key":"Ring of Panic"},{"floor":3,"key":"ReplayTheSpireMod:Ring of Addiction"},{"floor":3,"key":"hubris:EmptyBottle"},{"floor":3,"key":"SacredBark"},{"floor":4,"key":"Replay:Baseball"},{"floor":4,"key":"LetterFromLob"},{"floor":6,"key":"Tiny Chest"},{"floor":7,"key":"Replay:Bottled Eggs"},{"floor":2,"key":"LetterFromLob"},{"floor":6,"key":"Centennial Puzzle"},{"floor":7,"key":"beaked:ShinyBauble"},{"floor":10,"key":"Bottled Lightning"}],"event_choices":[{"damage_healed":0,"gold_gain":0,"player_choice":"Agree","damage_taken":0,"max_hp_gain":0,"max_hp_loss":0,"event_name":"conspire:LoneGhost","floor":5,"gold_loss":0},{"cards_removed":["sneckomod:TailWhip"],"damage_healed":0,"gold_gain":0,"player_choice":"Took Card","damage_taken":0,"max_hp_gain":0,"max_hp_loss":0,"event_name":"NoteForYourself","floor":3,"gold_loss":0,"cards_obtained":["FollowUp"]}],"is_beta":false,"boss_relics":[],"items_purged_floors":[],"is_endless":false,"potions_floor_spawned":[8,4,9,12],"killed_by":"downfall:Defect","ascension_level":0}}