{"host":"bux1pdxjwq4dkad9","time":1608353890,"event":{"mods":["ATMod(阿瑾Mod)","BaseMod","Colored Map","Minty Spire (QoL Compilation)","Quick Restart","Robot Space Explorer","StSLib","SuperFastMode","【功能Mod】精心准备","【遗物Mod】简单游戏"],"gold_per_floor":[115,128,53,69,69,69,124,124,149,63,95,106,135,135,135,209,209,228,238,138,138,63,116,130,160,160,176,207,219,771,793,805,896,908,931,130,148,168,168,168,194,194,262,295,119,150,0,17,17,17,17,17,17,17,46,71],"floor_reached":57,"playtime":1478,"items_purged":["Strike_P","Strike_P","Strike_P","Strike_P"],"score":3757,"play_id":"99213f1c-313c-4076-916c-77e257913c96","local_time":"20201219125810","is_ascension_mode":true,"campfire_choices":[{"data":"AT_FamilyPortrait","floor":6.0,"key":"SMITH"},{"data":"Eruption","floor":8.0,"key":"SMITH"},{"data":"AT_ChampionStep","floor":15.0,"key":"SMITH"},{"data":"Prostrate","floor":29.0,"key":"SMITH"},{"data":"Adaptation","floor":32.0,"key":"SMITH"},{"data":"Tantrum","floor":40,"key":"SMITH"},{"floor":42,"key":"RECALL"},{"data":"Indignation","floor":49,"key":"SMITH"},{"data":"Vigilance","floor":53,"key":"SMITH"}],"circlet_count":0,"master_deck":["AscendersBane","Defend_P+1","Defend_P+1","Defend_P+1","Eruption+1","Vigilance+1","AT_FamilyPortrait+1","AT_ChampionStep+1","Adaptation+1","FearNoEvil+1","Prostrate+1","Vault+1","LessonLearned+1","Tantrum+1","AT_IrregularMenstruation+1","Adaptation+1","Indignation+1","WaveOfTheHand+1"],"relics":["AT_ATBox","ImprovedEquipment","NeowsBlessing","AT_TrinityForce","MealTicket","AT_BladeRuinedKing","Bottled Lightning","TeardropLocket","VioletLotus","AT_ArchangelStaff","Thread and Needle","AT_ImmortalShieldbow","MawBank","Sozu","Medical Kit","Shuriken","Lantern","Prayer Wheel","AT_TimeSand","AT_BellDemon","Art of War","Toy Ornithopter","AT_MibuBalloonWealth"],"acts_visited":["Exordium","TheCity","TheBeyond","TheEnding"],"potions_floor_usage":[56],"damage_taken":[{"damage":0.0,"enemies":"Jaw Worm","floor":1.0,"turns":1.0},{"damage":0.0,"enemies":"Small Slimes","floor":2.0,"turns":1.0},{"damage":0.0,"enemies":"Cultist","floor":4.0,"turns":1.0},{"damage":2.0,"enemies":"Gremlin Nob","floor":7.0,"turns":3.0},{"damage":0.0,"enemies":"3 Sentries","floor":11.0,"turns":2.0},{"damage":0.0,"enemies":"Gremlin Gang","floor":12.0,"turns":1.0},{"damage":0.0,"enemies":"Lagavulin","floor":13.0,"turns":3.0},{"damage":0.0,"enemies":"Hexaghost","floor":16.0,"turns":2.0},{"damage":6.0,"enemies":"Spheric Guardian","floor":18.0,"turns":2.0},{"damage":0.0,"enemies":"3 Byrds","floor":19.0,"turns":2.0},{"damage":0.0,"enemies":"Gremlin Leader","floor":23.0,"turns":2.0},{"damage":0.0,"enemies":"Snake Plant","floor":24.0,"turns":1.0},{"damage":0.0,"enemies":"Slavers","floor":25.0,"turns":1.0},{"damage":0.0,"enemies":"Centurion and Healer","floor":27.0,"turns":1.0},{"damage":0.0,"enemies":"Book of Stabbing","floor":28.0,"turns":1.0},{"damage":0.0,"enemies":"Snecko","floor":31.0,"turns":1.0},{"damage":0.0,"enemies":"Champ","floor":33.0,"turns":1.0},{"damage":0.0,"enemies":"Orb Walker","floor":35.0,"turns":1.0},{"damage":0.0,"enemies":"3 Shapes","floor":37.0,"turns":1.0},{"damage":0.0,"enemies":"3 Darklings","floor":38.0,"turns":1.0},{"damage":0,"enemies":"Giant Head","floor":41,"turns":1},{"damage":0,"enemies":"Reptomancer","floor":44,"turns":1},{"damage":0,"enemies":"Giant Head","floor":46,"turns":1},{"damage":0,"enemies":"Jaw Worm Horde","floor":48,"turns":1},{"damage":0,"enemies":"Time Eater","floor":50,"turns":2},{"damage":0,"enemies":"Donu and Deca","floor":51,"turns":2},{"damage":0,"enemies":"Shield and Spear","floor":55,"turns":1},{"damage":0,"enemies":"The Heart","floor":56,"turns":6}],"seed_played":"-8580885164184706475","potions_obtained":[{"floor":1.0,"key":"SteroidPotion"},{"floor":2.0,"key":"Strength Potion"}],"is_trial":false,"path_per_floor":["M","M","$","M","$","R","E","R","T","$","E","M","E","?","R","B",null,"M","M","$","?","?","E","M","E","T","M","E","R","?","M","R","B",null,"M","$","M","M","?","R","E","R","T","E","$","E","$","M","R","B","B",null,"R","$","E","B",null],"character_chosen":"WATCHER","items_purchased":["AT_ChampionStep","Medical Kit","LessonLearned","Shuriken","Lantern","AT_IrregularMenstruation"],"campfire_rested":0,"item_purchase_floors":[10,36,36,36,36,45],"current_hp_per_floor":[61,61,61,61,61,61,59,59,59,68,68,68,68,68,68,68,68,62,62,68,68,68,68,68,68,68,68,68,68,11,11,11,11,54,54,68,68,68,68,68,68,68,68,68,68,68,68,68,68,68,68,68,68,68,68,68],"gold":71,"neow_bonus":"THREE_ENEMY_KILL","is_daily":false,"chose_seed":false,"campfire_upgraded":8,"win_rate":0.0,"timestamp":1608353890,"path_taken":["M","M","$","M","$","R","E","R","T","$","E","M","E","?","R","BOSS","M","M","$","?","?","E","M","E","T","M","E","R","?","M","R","BOSS","M","?","?","M","?","R","E","R","T","E","$","E","$","M","R","BOSS","BOSS","R","$","E","BOSS"],"items_purchased_type":["Card","Relic","Card","Relic","Relic","Card"],"build_version":"2020-12-13","purchased_purges":4,"victory":true,"max_hp_per_floor":[68,68,68,68,68,68,68,68,68,68,68,68,68,68,68,68,68,68,68,68,68,68,68,68,68,68,68,68,68,68,68,68,68,68,68,68,68,68,68,68,68,68,68,68,68,68,68,68,68,68,68,68,68,68,68,68],"card_choices":[{"not_picked":["AT_OneInchPunch","FollowUp","JustLucky"],"picked":"SKIP","floor":1.0},{"not_picked":["BattleHymn","Crescendo","Wallop"],"picked":"SKIP","floor":2.0},{"not_picked":["JustLucky","Wireheading","SandsOfTime"],"picked":"SKIP","floor":4.0},{"not_picked":["Evaluate","EmptyBody","FlurryOfBlows"],"picked":"SKIP","floor":7.0},{"not_picked":["CrushJoints","MentalFortress"],"picked":"Adaptation","floor":11.0},{"not_picked":["SashWhip","ThirdEye"],"picked":"FearNoEvil","floor":12.0},{"not_picked":["Swivel","Conclude","WindmillStrike"],"picked":"SKIP","floor":13.0},{"not_picked":["Evaluate","AT_SoftenMuscles"],"picked":"Prostrate","floor":18.0},{"not_picked":["EmptyFist","AT_RealFormLess","Perseverance"],"picked":"SKIP","floor":19.0},{"not_picked":["Study","JustLucky","ClearTheMind"],"picked":"SKIP","floor":23.0},{"not_picked":["Evaluate","PathToVictory","Collect"],"picked":"SKIP","floor":24.0},{"not_picked":["DeceiveReality","Protect","Conclude"],"picked":"SKIP","floor":25.0},{"not_picked":["Indignation","Study","PathToVictory+1"],"picked":"SKIP","floor":27.0},{"not_picked":["EmptyBody","FollowUp","ThirdEye+1"],"picked":"SKIP","floor":28.0},{"not_picked":["Conclude","BowlingBash"],"picked":"Vault","floor":31.0},{"not_picked":["Halt","EmptyFist+1","CutThroughFate"],"picked":"SKIP","floor":35.0},{"not_picked":["LikeWater","EmptyFist","Weave"],"picked":"SKIP","floor":37.0},{"not_picked":["JustLucky","Halt"],"picked":"Tantrum","floor":38.0},{"not_picked":["PathToVictory","Weave","Protect+1"],"picked":"SKIP","floor":41},{"not_picked":["PathToVictory","Nirvana+1","FearNoEvil"],"picked":"SKIP","floor":44},{"not_picked":["BowlingBash","Wallop+1","FlyingSleeves+1"],"picked":"SKIP","floor":46},{"not_picked":["Evaluate","SashWhip"],"picked":"Adaptation+1","floor":48},{"not_picked":["BowlingBash","WreathOfFlame"],"picked":"Indignation","floor":48},{"not_picked":["SandsOfTime","PathToVictory"],"picked":"WaveOfTheHand+1","floor":55}],"player_experience":2340700,"relics_obtained":[{"floor":7.0,"key":"MealTicket"},{"floor":9.0,"key":"AT_BladeRuinedKing"},{"floor":11.0,"key":"Bottled Lightning"},{"floor":13.0,"key":"TeardropLocket"},{"floor":23.0,"key":"AT_ArchangelStaff"},{"floor":25.0,"key":"Thread and Needle"},{"floor":26.0,"key":"AT_ImmortalShieldbow"},{"floor":28.0,"key":"MawBank"},{"floor":41,"key":"AT_TimeSand"},{"floor":44,"key":"AT_BellDemon"},{"floor":46,"key":"Art of War"},{"floor":55,"key":"Toy Ornithopter"},{"floor":55,"key":"AT_MibuBalloonWealth"}],"event_choices":[{"damage_healed":0.0,"max_hp_gain":0.0,"max_hp_loss":0.0,"gold_gain":0.0,"event_name":"Liars Game","player_choice":"Ignored","floor":14.0,"gold_loss":0.0,"damage_taken":0.0},{"damage_healed":0.0,"max_hp_gain":0.0,"max_hp_loss":0.0,"gold_gain":0.0,"event_name":"The Mausoleum","player_choice":"Ignored","floor":21.0,"gold_loss":0.0,"damage_taken":0.0},{"cards_removed":["Defend_P"],"damage_healed":0.0,"max_hp_gain":0.0,"max_hp_loss":0.0,"gold_gain":0.0,"event_name":"Beggar","player_choice":"Gave Gold","floor":22.0,"gold_loss":75.0,"damage_taken":0.0},{"damage_healed":0.0,"max_hp_gain":0.0,"max_hp_loss":0.0,"gold_gain":540.0,"event_name":"Knowing Skull","player_choice":"GOLD GOLD GOLD GOLD GOLD GOLD ","floor":30.0,"potions_obtained":[],"gold_loss":0.0,"damage_taken":57.0,"cards_obtained":[]},{"damage_healed":0.0,"max_hp_gain":0.0,"max_hp_loss":0.0,"gold_gain":0.0,"event_name":"WeMeetAgain","player_choice":"Gave Potion","floor":39.0,"gold_loss":0.0,"damage_taken":0.0,"relics_obtained":["Prayer Wheel"]}],"is_beta":false,"boss_relics":[{"not_picked":["Coffee Dripper","Astrolabe"],"picked":"VioletLotus"},{"not_picked":["SacredBark","Pandora\u0027s Box"],"picked":"Sozu"}],"items_purged_floors":[3,20,36,47],"is_endless":false,"potions_floor_spawned":[1,2,12,13,18,19,28,31,38,48],"ascension_level":20}}