{"host":"mqhvlr3kpxebko0t","time":1608359461,"event":{"mods":["AchievementEnabler","BaseMod","Colored Map","Colored Powertips","Keyboard Shortcuts","Minty Spire (QoL Compilation)","StSLib","SuperFastMode"],"gold_per_floor":[110,110,35,47,47,47,65,65,65,75,37,48,48,48,48,48,48],"floor_reached":16,"playtime":184,"items_purged":["Strike_B"],"score":153,"play_id":"4d57fa27-e5b3-4df4-a7cf-10ea6a76dad7","local_time":"20201219153101","is_ascension_mode":true,"campfire_choices":[{"data":"Zap","floor":6,"key":"SMITH"},{"data":"Hologram","floor":13,"key":"SMITH"},{"data":"Scrape","floor":15,"key":"SMITH"}],"circlet_count":0,"master_deck":["AscendersBane","Strike_B+1","Strike_B","Defend_B","Defend_B","Defend_B","Defend_B","Zap+1","Dualcast","Hologram+1","Scrape+1","Genetic Algorithm+1","Defragment+1","Glacier","Self Repair"],"relics":["Cracked Core","NeowsBlessing","Singing Bowl"],"acts_visited":["Exordium"],"potions_floor_usage":[16],"damage_taken":[{"damage":0,"enemies":"Small Slimes","floor":1,"turns":1},{"damage":0,"enemies":"Jaw Worm","floor":4,"turns":1},{"damage":0,"enemies":"Cultist","floor":7,"turns":1},{"damage":4,"enemies":"Looter","floor":10,"turns":3},{"damage":13,"enemies":"Large Slime","floor":12,"turns":7},{"damage":47,"enemies":"Slime Boss","floor":16,"turns":11}],"seed_played":"6492444193265901563","potions_obtained":[{"floor":10,"key":"PowerPotion"},{"floor":12,"key":"Explosive Potion"}],"is_trial":false,"path_per_floor":["M","?","$","M","?","R","M","?","T","M","$","M","R","?","R","B"],"character_chosen":"DEFECT","items_purchased":["Self Repair"],"campfire_rested":0,"item_purchase_floors":[11],"current_hp_per_floor":[64,64,64,64,69,69,69,69,69,65,65,61,61,45,45,0,0],"gold":48,"neow_bonus":"THREE_ENEMY_KILL","is_daily":false,"chose_seed":false,"campfire_upgraded":3,"win_rate":0.0,"timestamp":1608359461,"path_taken":["M","?","?","?","?","R","M","?","T","?","$","M","R","?","R","BOSS"],"items_purchased_type":["Card"],"build_version":"2020-12-13","purchased_purges":1,"victory":false,"max_hp_per_floor":[71,71,71,71,76,76,76,76,76,76,76,78,78,78,78,78,78],"card_choices":[{"not_picked":["Steam","Go for the Eyes"],"picked":"Hologram","floor":1},{"not_picked":["Multi-Cast","Stack"],"picked":"Genetic Algorithm","floor":4},{"not_picked":["Consume","Hologram"],"picked":"Defragment","floor":7},{"not_picked":["Sweeping Beam","Ball Lightning"],"picked":"Glacier","floor":10},{"not_picked":["Tempest","Go for the Eyes","Beam Cell"],"picked":"Singing Bowl","floor":12}],"player_experience":647318,"relics_obtained":[{"floor":9,"key":"Singing Bowl"}],"event_choices":[{"damage_healed":0,"gold_gain":0,"cards_transformed":["Strike_B"],"player_choice":"Change","damage_taken":0,"max_hp_gain":0,"max_hp_loss":0,"event_name":"Living Wall","floor":2,"gold_loss":0,"cards_obtained":["Scrape"]},{"damage_healed":0,"gold_gain":0,"player_choice":"Donut","damage_taken":0,"max_hp_gain":5,"max_hp_loss":0,"event_name":"Big Fish","floor":5,"gold_loss":0},{"damage_healed":0,"gold_gain":0,"player_choice":"Upgraded","damage_taken":0,"max_hp_gain":0,"max_hp_loss":0,"event_name":"Upgrade Shrine","floor":8,"gold_loss":0,"cards_upgraded":["Defragment"]},{"damage_healed":0,"gold_gain":0,"player_choice":"Entered Light","damage_taken":16,"max_hp_gain":0,"max_hp_loss":0,"event_name":"Shining Light","floor":14,"gold_loss":0,"cards_upgraded":["Genetic Algorithm","Strike_B"]}],"is_beta":false,"boss_relics":[],"items_purged_floors":[3],"is_endless":false,"potions_floor_spawned":[10,12],"killed_by":"Slime Boss","ascension_level":14}}