{"host":"41o2x9tazfds4ymf","time":1608388744,"event":{"mods":["Act Like it!","BaseMod","Better Vampires","Colored Powertips","Gensokyo","Hallownest","Lobotomy","LobotomyExtend","Minty Spire (QoL Compilation)","Remilia（蕾米莉亚）","Shop Mod","StSLib","TestMod","Waifu the Spire","WarShipGirlsR/战舰少女R mod","[IsaacMod]以撒尖塔","【东方二次创作】八云紫mod"],"gold_per_floor":[121,121,121,135,209,209,244,244,244,94,112,112,128,188,209,240,240,273,299,335,353,353,380,437,437,438,438],"floor_reached":16,"playtime":914,"items_purged":[],"score":421,"play_id":"dae393fa-8c73-4b70-b80a-01653318ca62","local_time":"20201219223904","is_ascension_mode":true,"campfire_choices":[{"floor":6.0,"key":"REST"},{"floor":7.0,"key":"REST"},{"data":"BombardNight","floor":12.0,"key":"SMITH"},{"data":"ScarletImprint","floor":15.0,"key":"SMITH"}],"circlet_count":0,"master_deck":["Mercenary","AscendersBane","Strike_RM","Strike_RM","Strike_RM","Strike_RM","Defend_RM+1","Defend_RM","Defend_RM","Defend_RM+1","RedMoon","ScarletShoot","GreedKing","BombardNight","Bloodbath","NightDance","BeautyBeast","NightDance","Scorched","TwelveNightmare","Injury","ScarletDevil","VoidDream","BombardNight+1","BombardNight","PunishingBird","EternalNight+1","Wellcheers","Murderer","ScarletDream+1","OSAHOGD","UniverseFragment","ScarletImprint+1"],"relics":["ScarletHat","testmod-TestBox","HushsDoor","CogitoBucket","testmod-TheFather","BookOfRevelations","Gensokyo:PortableGap","BookofShadows","testmod-IndustrialRevolution","War Paint","BelialBook","Toxic Egg 2","Chaos","Heaven_r","LetterFromLob","AspirationHeart","Bag of Preparation","WantedRequest","TheBean","Boot","Blood Vial","HellTrain","testmod-ArcanaOfDestiny"],"acts_visited":["Gensokyo:Gensokyo"],"potions_floor_usage":[],"damage_taken":[{"damage":0.0,"enemies":"Gensokyo:2_Kodama","floor":1.0,"turns":3.0},{"damage":0.0,"enemies":"Gensokyo:Python","floor":4.0,"turns":4.0},{"damage":42.0,"enemies":"Hiden Room Battle","floor":5.0,"turns":5.0},{"damage":0.0,"enemies":"Gensokyo:Cirno","floor":7.0,"turns":4.0},{"damage":0.0,"enemies":"Gensokyo:Cirno","floor":11.0,"turns":3.0},{"damage":0.0,"enemies":"Small Slimes","floor":1.0,"turns":2.0},{"damage":0.0,"enemies":"2 Louse","floor":3.0,"turns":2.0},{"damage":0.0,"enemies":"Cultist","floor":5.0,"turns":2.0},{"damage":30.0,"enemies":"3 Sentries","floor":6.0,"turns":1.0},{"damage":18.0,"enemies":"Gremlin Nob","floor":8.0,"turns":5.0},{"damage":0.0,"enemies":"3 Sentries","floor":10.0,"turns":1.0},{"damage":2.0,"enemies":"3 Louse","floor":11.0,"turns":3.0},{"damage":0.0,"enemies":"Gremlin Nob","floor":13.0,"turns":1.0},{"damage":40,"enemies":"Slime Boss","floor":16,"turns":2}],"seed_played":"-4185581825923289342","potions_obtained":[{"floor":4.0,"key":"Block Potion"},{"floor":5.0,"key":"SneckoOil"},{"floor":6.0,"key":"Dexterity Potion"},{"floor":8.0,"key":"testmod-SpacePotion"},{"floor":10.0,"key":"Block Potion"}],"is_trial":false,"path_per_floor":["M","$","?","M","?","R","E","?","T","$","?","M","$","M","?","M","E","R","E","T","E","M","R","E","?","R","B"],"character_chosen":"REMILIA","items_purchased":["Chaos"],"campfire_rested":2,"item_purchase_floors":[10],"current_hp_per_floor":[68,68,68,68,13,33,34,34,34,34,58,58,68,53,54,24,46,29,29,29,32,32,35,35,35,0,0],"gold":438,"neow_bonus":"","is_daily":false,"chose_seed":false,"campfire_upgraded":2,"win_rate":0.0,"timestamp":1608388744,"path_taken":["M","$","?","M","?","R","E","?","T","$","?","M","$","M","?","M","E","R","E","T","E","M","R","E","?","R","BOSS"],"items_purchased_type":["Card"],"build_version":"2020-12-13","purchased_purges":0,"victory":false,"max_hp_per_floor":[75,75,68,68,68,68,65,65,65,65,65,65,75,75,75,75,75,75,75,72,72,72,72,72,72,72,72],"card_choices":[{"not_picked":[],"picked":"ChaosCard","floor":0.0},{"not_picked":["Wellcheers","OSAHOGD"],"picked":"GreedKing","floor":1.0},{"not_picked":["CharismaGuard","MiserableFate"],"picked":"BombardNight","floor":1.0},{"not_picked":["ShyLook","CrumblingArmor"],"picked":"Bloodbath","floor":4.0},{"not_picked":["BloodyTrap","VampireClaw"],"picked":"NightDance","floor":4.0},{"not_picked":["MHz","CherryBlossoms"],"picked":"BeautyBeast","floor":5.0},{"not_picked":["CharismaGuard","MastersStateliness"],"picked":"NightDance","floor":5.0},{"not_picked":["OSAHOGD","UniverseFragment"],"picked":"Scorched","floor":7.0},{"not_picked":["VampireKiss","CharismaGuard"],"picked":"TwelveNightmare","floor":7.0},{"not_picked":["Wellcheers","LittlePrince"],"picked":"Mercenary","floor":1.0},{"not_picked":["NightDance","ForbiddenFruit+1"],"picked":"ScarletDevil","floor":1.0},{"not_picked":["CrumblingArmor","FairyFestival"],"picked":"VoidDream","floor":3.0},{"not_picked":["NightDance","MastersStateliness"],"picked":"BombardNight","floor":3.0},{"not_picked":["OldLady","Wellcheers"],"picked":"QueenOfHatred","floor":5.0},{"not_picked":["UnderTheZenith+1","BloodAndWine+1"],"picked":"BombardNight","floor":5.0},{"not_picked":["MHz","CherryBlossoms"],"picked":"PunishingBird","floor":6.0},{"not_picked":["BloodyMagicSquare+1","DiffusionOfMisfortune","NightDance"],"picked":"SKIP","floor":6.0},{"not_picked":["Stigmanizer","UnstableMagic+1"],"picked":"EternalNight+1","floor":8.0},{"not_picked":["FairyFestival","Murderer"],"picked":"Wellcheers","floor":8.0},{"not_picked":["ShyLook","QueenBee"],"picked":"Murderer","floor":10.0},{"not_picked":["MastersStateliness","EndlessAdversity"],"picked":"ScarletDream+1","floor":10.0},{"not_picked":["FairyFestival","CrumblingArmor"],"picked":"OSAHOGD","floor":11.0},{"not_picked":["TwelveNightmare","AfternoonTea+1","BloodyTrap+1"],"picked":"SKIP","floor":11.0},{"not_picked":["CherryBlossoms","ShyLook"],"picked":"UniverseFragment","floor":13.0},{"not_picked":["MillenniumVampire+1","CurseOfVladTepes"],"picked":"ScarletImprint","floor":13.0}],"player_experience":204347,"relics_obtained":[{"floor":1.0,"key":"LetterFromLob"},{"floor":5.0,"key":"BookofShadows"},{"floor":5.0,"key":"testmod-IndustrialRevolution"},{"floor":7.0,"key":"War Paint"},{"floor":9.0,"key":"Toxic Egg 2"},{"floor":1.0,"key":"LetterFromLob"},{"floor":6.0,"key":"Bag of Preparation"},{"floor":8.0,"key":"TheBean"},{"floor":9.0,"key":"Boot"},{"floor":10.0,"key":"Blood Vial"},{"floor":13.0,"key":"testmod-ArcanaOfDestiny"}],"event_choices":[{"damage_healed":0.0,"max_hp_gain":0.0,"max_hp_loss":0.0,"gold_gain":0.0,"event_name":"HidenRoomEvent","player_choice":"Fight","floor":5.0,"gold_loss":0.0,"damage_taken":0.0},{"damage_healed":0.0,"max_hp_gain":0.0,"max_hp_loss":0.0,"gold_gain":57.0,"event_name":"Golden Wing","player_choice":"Gained Gold","floor":14.0,"gold_loss":0.0,"damage_taken":0.0}],"is_beta":false,"boss_relics":[],"items_purged_floors":[],"is_endless":false,"potions_floor_spawned":[4,5,6,8,10],"killed_by":"Slime Boss","ascension_level":12}}