{"host":"foq4mrde4mssg7vt","time":1608393986,"event":{"mods":["AchievementEnabler","BaseMod","Colored Map","Colored Powertips","Highlight Path","Minty Spire (QoL Compilation)","Relic Stats","everything is the same but u backflip on backflip"],"gold_per_floor":[116,191,106,126,143,143,177,177,177,201,229,229,254,270,270,372,372,383,383,308,323,337,120,120,30,30,42,52,83,83,96,96,199,199,219,233,247,247,247,247,56,90,125,142,142,467,224,268,268,268,268,268,24,52,52],"floor_reached":56,"playtime":3144,"items_purged":["Perfected Strike","Decay"],"score":1897,"play_id":"29be0970-9fba-4027-941c-70a814cb72f6","local_time":"20201220000626","is_ascension_mode":true,"campfire_choices":[{"data":"Bash","floor":6.0,"key":"SMITH"},{"data":"True Grit","floor":8.0,"key":"SMITH"},{"floor":15.0,"key":"REST"},{"data":"Shockwave","floor":30.0,"key":"SMITH"},{"data":"Evolve","floor":32.0,"key":"SMITH"},{"data":"Sentinel","floor":40.0,"key":"SMITH"},{"floor":45,"key":"RECALL"},{"data":"Impervious","floor":49,"key":"SMITH"},{"data":"Disarm","floor":52,"key":"SMITH"}],"circlet_count":0,"master_deck":["AscendersBane","Bash+1","Shrug It Off","Iron Wave","Fire Breathing","Reckless Charge","Evolve+1","True Grit+1","Wild Strike","Headbutt","Corruption+1","Sword Boomerang","Body Slam","Headbutt","Double Tap","Dark Embrace+1","Metallicize+1","Pommel Strike","Spot Weakness+1","Shrug It Off","Shrug It Off+1","Reaper","Shockwave+1","Impervious+1","Shrug It Off","Exhume","Second Wind+1","Sentinel+1","Reaper","Purity","Shrug It Off","Disarm+1","Shrug It Off"],"relics":["Cursed Key","CaptainsWheel","Odd Mushroom","Oddly Smooth Stone","Frozen Egg 2","Pandora\u0027s Box","Calipers","Prayer Wheel","SlaversCollar","Bag of Preparation","CeramicFish","Old Coin","Art of War","Lizard Tail","ClockworkSouvenir","Pocketwatch"],"acts_visited":["Exordium","TheCity","TheBeyond","TheEnding"],"potions_floor_usage":[48,55,55,55],"damage_taken":[{"damage":7.0,"enemies":"Jaw Worm","floor":1.0,"turns":3.0},{"damage":0.0,"enemies":"Small Slimes","floor":4.0,"turns":2.0},{"damage":0.0,"enemies":"Cultist","floor":5.0,"turns":3.0},{"damage":12.0,"enemies":"Lagavulin","floor":7.0,"turns":7.0},{"damage":20.0,"enemies":"The Mushroom Lair","floor":10.0,"turns":4.0},{"damage":10.0,"enemies":"Gremlin Nob","floor":11.0,"turns":4.0},{"damage":0.0,"enemies":"3 Sentries","floor":13.0,"turns":5.0},{"damage":10.0,"enemies":"Gremlin Gang","floor":14.0,"turns":6.0},{"damage":14.0,"enemies":"Slime Boss","floor":16.0,"turns":6.0},{"damage":0.0,"enemies":"3 Byrds","floor":18.0,"turns":4.0},{"damage":0.0,"enemies":"Shell Parasite","floor":21.0,"turns":4.0},{"damage":12.0,"enemies":"3 Cultists","floor":22.0,"turns":5.0},{"damage":0.0,"enemies":"Cultist and Chosen","floor":27.0,"turns":5.0},{"damage":0.0,"enemies":"Sentry and Sphere","floor":28.0,"turns":4.0},{"damage":39.0,"enemies":"Gremlin Leader","floor":29.0,"turns":7.0},{"damage":9.0,"enemies":"Snake Plant","floor":31.0,"turns":4.0},{"damage":27.0,"enemies":"Collector","floor":33.0,"turns":9.0},{"damage":3.0,"enemies":"3 Shapes","floor":35.0,"turns":4.0},{"damage":0.0,"enemies":"3 Darklings","floor":36.0,"turns":5.0},{"damage":6.0,"enemies":"Spire Growth","floor":37.0,"turns":3.0},{"damage":47.0,"enemies":"Reptomancer","floor":42.0,"turns":6.0},{"damage":0,"enemies":"Sphere and 2 Shapes","floor":44,"turns":6},{"damage":10,"enemies":"Giant Head","floor":46,"turns":9},{"damage":2,"enemies":"Nemesis","floor":48,"turns":5},{"damage":20,"enemies":"Donu and Deca","floor":50,"turns":7},{"damage":0,"enemies":"Shield and Spear","floor":54,"turns":2},{"damage":42,"enemies":"The Heart","floor":55,"turns":10}],"seed_played":"8033382927061554437","potions_obtained":[{"floor":1.0,"key":"Ancient Potion"},{"floor":5.0,"key":"DistilledChaos"},{"floor":11.0,"key":"LiquidMemories"},{"floor":14.0,"key":"ElixirPotion"},{"floor":16.0,"key":"LiquidMemories"},{"floor":21.0,"key":"CultistPotion"},{"floor":37.0,"key":"EssenceOfSteel"},{"floor":42.0,"key":"AttackPotion"},{"floor":46,"key":"Block Potion"}],"is_trial":false,"path_per_floor":["M","?","$","M","M","R","E","R","T","?","E","T","E","M","R","B",null,"M","?","?","M","M","$","?","?","T","M","M","E","R","M","R","B",null,"M","M","M","?","?","R","$","E","T","M","R","E","$","E","R","B",null,"R","$","E","B",null],"character_chosen":"IRONCLAD","items_purchased":["Iron Wave","Fire Breathing","Reaper","Shockwave","Bag of Preparation","Shrug It Off","Art of War","ClockworkSouvenir","Shrug It Off","Energy Potion"],"campfire_rested":1,"item_purchase_floors":[3,3,23,23,41,41,47,53,53,53],"current_hp_per_floor":[65,54,54,54,54,54,42,42,42,22,12,12,12,2,26,12,63,63,63,63,63,51,51,51,51,51,67,80,53,53,59,59,68,77,74,80,80,80,76,76,76,76,76,76,76,76,76,76,76,76,76,76,76,76,53],"gold":52,"neow_bonus":"BOSS_RELIC","is_daily":false,"chose_seed":false,"campfire_upgraded":7,"win_rate":0.0,"timestamp":1608393986,"path_taken":["M","?","$","M","M","R","E","R","T","?","E","?","E","?","R","BOSS","M","?","?","M","M","$","?","?","T","?","?","E","R","M","R","BOSS","M","M","M","?","?","R","?","E","T","M","R","E","$","E","R","BOSS","R","$","E","BOSS"],"items_purchased_type":["Card","Card","Card","Card","Relic","Card","Relic","Relic","Card","Potion"],"build_version":"2020-12-13","purchased_purges":2,"victory":true,"max_hp_per_floor":[80,80,80,80,80,80,80,80,80,80,80,80,80,80,80,80,80,80,80,80,80,80,80,80,80,80,80,80,80,80,80,80,80,80,80,80,80,80,76,76,76,76,76,76,76,76,76,76,76,76,76,76,76,76,76],"relic_stats":{"Lizard Tail":0,"counters":[27,139],"CeramicFish":27,"Pandora\u0027s Box":["Sword Boomerang","Clash","Body Slam","Headbutt","Double Tap","Dark Embrace","Metallicize","Pommel Strike","Spot Weakness"],"Prayer Wheel":5,"Bag of Preparation":[14],"Art of War":[4],"Cursed Key":1,"obtain_stats":[{"Calipers":19,"CeramicFish":42,"Oddly Smooth Stone":11,"Bag of Preparation":41,"Odd Mushroom":10,"Frozen Egg 2":13,"Cursed Key":0,"Burning Blood":0,"Old Coin":46,"ClockworkSouvenir":53,"SlaversCollar":34,"CaptainsWheel":7,"Lizard Tail":48,"Pandora\u0027s Box":17,"Prayer Wheel":29,"Art of War":47,"Pocketwatch":54},{"Calipers":10,"CeramicFish":21,"Oddly Smooth Stone":6,"Bag of Preparation":20,"Odd Mushroom":5,"Frozen Egg 2":7,"Cursed Key":0,"Burning Blood":0,"Old Coin":23,"ClockworkSouvenir":25,"SlaversCollar":17,"CaptainsWheel":4,"Lizard Tail":24,"Pandora\u0027s Box":9,"Prayer Wheel":15,"Art of War":23,"Pocketwatch":26},{"Calipers":44,"CeramicFish":100,"Oddly Smooth Stone":23,"Bag of Preparation":94,"Odd Mushroom":19,"Frozen Egg 2":28,"Cursed Key":0,"Burning Blood":0,"Old Coin":115,"ClockworkSouvenir":127,"SlaversCollar":82,"CaptainsWheel":15,"Lizard Tail":120,"Pandora\u0027s Box":40,"Prayer Wheel":69,"Art of War":115,"Pocketwatch":129}],"Pocketwatch":[6]},"card_choices":[{"not_picked":["Burning Pact","Heavy Blade"],"picked":"Shrug It Off","floor":1.0},{"not_picked":["Body Slam","Havoc"],"picked":"Reckless Charge","floor":4.0},{"not_picked":["Shrug It Off","Headbutt"],"picked":"Evolve","floor":5.0},{"not_picked":["Pommel Strike","Clash"],"picked":"True Grit","floor":7.0},{"not_picked":["Pummel","Heavy Blade"],"picked":"Wild Strike","floor":10.0},{"not_picked":["Wild Strike","Sword Boomerang","Rupture"],"picked":"SKIP","floor":11.0},{"not_picked":["Intimidate","Warcry"],"picked":"Headbutt","floor":13.0},{"not_picked":["Blood for Blood","Dual Wield"],"picked":"Perfected Strike","floor":14.0},{"not_picked":["Limit Break","Impervious"],"picked":"Corruption+1","floor":16.0},{"not_picked":["Clash+1","Combust+1"],"picked":"Shrug It Off","floor":18.0},{"not_picked":["Headbutt","Pommel Strike"],"picked":"Shrug It Off+1","floor":21.0},{"not_picked":["Anger","Inflame+1","Headbutt"],"picked":"SKIP","floor":22.0},{"not_picked":["Twin Strike+1","True Grit","Havoc"],"picked":"SKIP","floor":27.0},{"not_picked":["Armaments","Iron Wave+1","Pummel"],"picked":"SKIP","floor":28.0},{"not_picked":["Intimidate","Clothesline"],"picked":"Impervious","floor":29.0},{"not_picked":["Warcry","Flex"],"picked":"Shrug It Off","floor":31.0},{"not_picked":["Fire Breathing+1","Cleave","Pommel Strike"],"picked":"SKIP","floor":31.0},{"not_picked":["Barricade+1","Brutality+1"],"picked":"Exhume","floor":33.0},{"not_picked":["Wild Strike","Perfected Strike+1"],"picked":"Second Wind+1","floor":35.0},{"not_picked":["Flex","Clothesline"],"picked":"Sentinel","floor":35.0},{"not_picked":["Flex","Cleave+1","Clothesline+1"],"picked":"SKIP","floor":36.0},{"not_picked":["Sword Boomerang","Anger+1","Rampage"],"picked":"SKIP","floor":36.0},{"not_picked":["Havoc","Body Slam+1"],"picked":"Reaper","floor":37.0},{"not_picked":["Pommel Strike+1","Rampage","Body Slam"],"picked":"SKIP","floor":37.0},{"not_picked":["Secret Weapon","Jack Of All Trades"],"picked":"Purity","floor":38.0},{"not_picked":["Wild Strike+1","Infernal Blade","Headbutt"],"picked":"SKIP","floor":42.0},{"not_picked":["Body Slam","Uppercut+1","Armaments+1"],"picked":"SKIP","floor":44},{"not_picked":["Body Slam+1","Anger","Fire Breathing+1"],"picked":"SKIP","floor":44},{"not_picked":["Whirlwind+1","Cleave","Clothesline+1"],"picked":"SKIP","floor":46},{"not_picked":["Heavy Blade","Armaments"],"picked":"Disarm","floor":48},{"not_picked":["Hemokinesis","Flex+1","Pommel Strike"],"picked":"SKIP","floor":54}],"player_experience":206443,"relics_obtained":[{"floor":7.0,"key":"CaptainsWheel"},{"floor":10.0,"key":"Odd Mushroom"},{"floor":11.0,"key":"Oddly Smooth Stone"},{"floor":13.0,"key":"Frozen Egg 2"},{"floor":29.0,"key":"Prayer Wheel"},{"floor":42.0,"key":"CeramicFish"},{"floor":46,"key":"Old Coin"},{"floor":48,"key":"Lizard Tail"},{"floor":54,"key":"Pocketwatch"}],"event_choices":[{"damage_healed":0.0,"max_hp_gain":0.0,"max_hp_loss":0.0,"gold_gain":75.0,"event_name":"World of Goop","player_choice":"Gather Gold","floor":2.0,"gold_loss":0.0,"damage_taken":11.0},{"damage_healed":0.0,"max_hp_gain":0.0,"max_hp_loss":0.0,"gold_gain":0.0,"event_name":"Mushrooms","player_choice":"Fought Mushrooms","floor":10.0,"gold_loss":0.0,"damage_taken":0.0},{"damage_healed":0.0,"max_hp_gain":0.0,"max_hp_loss":0.0,"gold_gain":0.0,"event_name":"The Mausoleum","player_choice":"Opened","floor":19.0,"gold_loss":0.0,"damage_taken":0.0,"relics_obtained":["Calipers"]},{"cards_removed":["Clash"],"damage_healed":0.0,"max_hp_gain":0.0,"max_hp_loss":0.0,"gold_gain":0.0,"event_name":"Beggar","player_choice":"Gave Gold","floor":20.0,"gold_loss":75.0,"damage_taken":0.0},{"damage_healed":0.0,"max_hp_gain":0.0,"max_hp_loss":0.0,"gold_gain":0.0,"event_name":"Forgotten Altar","player_choice":"Smashed Altar","floor":24.0,"gold_loss":0.0,"damage_taken":0.0,"cards_obtained":["Decay"]},{"cards_removed":["Decay"],"damage_healed":0.0,"max_hp_gain":0.0,"max_hp_loss":0.0,"gold_gain":0.0,"event_name":"Designer","player_choice":"Upgrade and Remove","floor":25.0,"gold_loss":90.0,"damage_taken":0.0,"cards_upgraded":["Spot Weakness"]},{"damage_healed":0.0,"max_hp_gain":0.0,"max_hp_loss":0.0,"gold_gain":0.0,"event_name":"SensoryStone","player_choice":"Memory 1","floor":38.0,"gold_loss":0.0,"damage_taken":0.0},{"damage_healed":0.0,"max_hp_gain":0.0,"max_hp_loss":4.0,"gold_gain":0.0,"event_name":"Winding Halls","player_choice":"Max HP","floor":39.0,"gold_loss":0.0,"damage_taken":0.0}],"is_beta":false,"boss_relics":[{"not_picked":["Velvet Choker","Runic Dome"],"picked":"Pandora\u0027s Box"},{"not_picked":["Sozu","Empty Cage"],"picked":"SlaversCollar"}],"items_purged_floors":[23,47],"is_endless":false,"potions_floor_spawned":[1,5,11,14,16,18,21,27,37,42,46],"ascension_level":10}}