{"host":"jkgg7n5hn1slsm35","time":1608372778,"event":{"mods":["Aspiration","BaseMod","BetterRewards","Conspire","Googly Eyes","Gremlin Skip","Halation","Highlight Path","Hubris","Infinite Spire","Minty Spire (QoL Compilation)","Permanent Neow","StSLib","SuperFastMode","vexMod"],"gold_per_floor":[110,110,71,89,108,108,127,127,127,127,127,143,172,201,201,305,305,285,304,158,158,158,158,158,158,158,158,171,171,190,190,190,294,294,314,314,314,328,328,370,370,387,410,422,422,475,489,501,501,605,605,614,623,629,635,641,641,641,641,641,641,650,650,650,675,675,751,751,753,753,585,595,584,584,584,584,633,633,625,648,457,457,457,523,523,503,503,427,418,427,427,410,417,417,408,408,408,408,337,337,327,327],"floor_reached":101,"playtime":2807,"items_purged":["Strike_G","Strike_G","Strike_G","Strike_G","Injury"],"score":1875,"play_id":"dd112b76-342a-4fc6-b101-f12da395b15f","local_time":"20201219111258","is_ascension_mode":false,"campfire_choices":[{"data":"Noxious Fumes","floor":6,"key":"SMITH"},{"data":"Bane","floor":8,"key":"SMITH"},{"data":"Escape Plan","floor":11,"key":"SMITH"},{"data":"Masterful Stab","floor":15,"key":"SMITH"},{"data":"infinitespire:Punishment","floor":23,"key":"SMITH"},{"data":"Noxious Fumes","floor":25,"key":"SMITH"},{"data":"Cloak And Dagger","floor":29,"key":"SMITH"},{"data":"Masterful Stab","floor":32,"key":"SMITH"},{"floor":41,"key":"REST"},{"data":"Footwork","floor":45,"key":"SMITH"},{"data":"Footwork","floor":49,"key":"SMITH"},{"data":"infinitespire:Neurotoxin","floor":57,"key":"SMITH"},{"data":"Footwork","floor":59,"key":"SMITH"},{"data":"Envenom","floor":61,"key":"SMITH"},{"data":"Poisoned Stab","floor":63,"key":"SMITH"},{"data":"Envenom","floor":66,"key":"SMITH"},{"data":"Footwork","floor":74,"key":"SMITH"},{"data":"Backstab","floor":76,"key":"SMITH"},{"data":"Deflect","floor":78,"key":"SMITH"},{"data":"Noxious Fumes","floor":83,"key":"SMITH"},{"data":"Envenom","floor":91,"key":"SMITH"},{"data":"A Thousand Cuts","floor":96,"key":"SMITH"},{"data":"Footwork","floor":100,"key":"SMITH"}],"circlet_count":0,"master_deck":["Defend_G","Defend_G","Defend_G","Defend_G+1","Defend_G+1","Survivor","Neutralize+1","Cloak And Dagger+1","Noxious Fumes+1","Bane+1","Masterful Stab+1","Noxious Fumes+1","Masterful Stab+1","infinitespire:Neurotoxin+1","hubris:DuctTapeCard","hubris:DuctTapeCard","Deflect","Escape Plan","Footwork+1","Footwork+1","Envenom+1","Footwork+1","Deflect","Poisoned Stab+1","Envenom+1","Adrenaline+1","Deflect+1","Footwork+1","Backstab+1","Dodge and Roll+1","Noxious Fumes+1","Noxious Fumes+1","Envenom+1","Deflect+1","Noxious Fumes","Masterful Stab","Catalyst+1","A Thousand Cuts+1","Footwork+1"],"relics":["Ring of the Snake","vexMod:InvisibilityCloak","Odd Mushroom","conspire:TopHat","conspire:RunicOctahedron","infinitespire:Midas Blood","Question Card","hubris:Icosahedron","hubris:DuctTape","conspire:SpecialSausage","Pen Nib","Blood Vial","halation:QuantumPhysicsTextbook","vexMod:BigBerry","Whetstone","hubris:RunicObelisk","aspiration:FetidBarrel","Toxic Egg 2","halation:WeightlessCrab","infinitespire:Cupcake","Akabeko","Nunchaku","Sling","Black Star","conspire:Dentures","Eternal Feather","infinitespire:PuzzleCube","aspiration:SeaSaltIceCream","PureWater","hubris:FunFungus","hubris:Towel"],"acts_visited":["Exordium","TheCity","TheBeyond","Exordium","TheCity","TheBeyond"],"potions_floor_usage":[14,33,33,40,50],"damage_taken":[{"damage":2,"enemies":"Cultist","floor":1,"turns":4},{"damage":1,"enemies":"2 Louse","floor":4,"turns":4},{"damage":0,"enemies":"Jaw Worm","floor":5,"turns":5},{"damage":0,"enemies":"2 Fungi Beasts","floor":7,"turns":3},{"damage":0,"enemies":"3 Louse","floor":12,"turns":3},{"damage":0,"enemies":"The Mushroom Lair","floor":13,"turns":4},{"damage":0,"enemies":"Gremlin Nob","floor":14,"turns":3},{"damage":12,"enemies":"Slime Boss","floor":16,"turns":10},{"damage":10,"enemies":"2 Thieves","floor":18,"turns":4},{"damage":0,"enemies":"Shell Parasite","floor":19,"turns":6},{"damage":0,"enemies":"Snake Plant","floor":28,"turns":4},{"damage":5,"enemies":"Centurion and Healer","floor":30,"turns":3},{"damage":31,"enemies":"Champ","floor":33,"turns":9},{"damage":13,"enemies":"3 Darklings","floor":35,"turns":7},{"damage":9,"enemies":"3 Shapes","floor":38,"turns":3},{"damage":16,"enemies":"Nightmare","floor":40,"turns":7},{"damage":0,"enemies":"Spire Growth","floor":42,"turns":3},{"damage":0,"enemies":"Sphere and 2 Shapes","floor":44,"turns":4},{"damage":0,"enemies":"2 Orb Walkers","floor":46,"turns":3},{"damage":0,"enemies":"Writhing Mass","floor":47,"turns":3},{"damage":0,"enemies":"Spire Growth","floor":48,"turns":2},{"damage":0,"enemies":"Donu and Deca","floor":50,"turns":7},{"damage":8,"enemies":"Jaw Worm","floor":52,"turns":2},{"damage":0,"enemies":"2 Louse","floor":53,"turns":1},{"damage":0,"enemies":"Cultist","floor":54,"turns":1},{"damage":0,"enemies":"Large Slime","floor":55,"turns":2},{"damage":0,"enemies":"Looter","floor":56,"turns":2},{"damage":0,"enemies":"Blue Slaver","floor":62,"turns":1},{"damage":0,"enemies":"Gremlin Nob","floor":65,"turns":1},{"damage":8,"enemies":"The Guardian","floor":67,"turns":4},{"damage":0,"enemies":"Shell Parasite","floor":69,"turns":1},{"damage":0,"enemies":"Spheric Guardian","floor":72,"turns":1},{"damage":0,"enemies":"3 Cultists","floor":73,"turns":3},{"damage":0,"enemies":"Centurion and Healer","floor":79,"turns":3},{"damage":0,"enemies":"Snake Plant","floor":82,"turns":2},{"damage":0,"enemies":"Collector","floor":84,"turns":5},{"damage":0,"enemies":"3 Darklings","floor":86,"turns":5},{"damage":2,"enemies":"3 Shapes","floor":89,"turns":3},{"damage":8,"enemies":"Writhing Mass","floor":90,"turns":2},{"damage":3,"enemies":"3 Darklings","floor":92,"turns":3},{"damage":17,"enemies":"Reptomancer","floor":93,"turns":4},{"damage":0,"enemies":"Giant Head","floor":95,"turns":3},{"damage":118,"enemies":"conspire:OrnateMirror","floor":101,"turns":1}],"seed_played":"8914468791632691029","potions_obtained":[{"floor":5,"key":"SteroidPotion"},{"floor":12,"key":"SteroidPotion"},{"floor":14,"key":"Ancient Potion"},{"floor":16,"key":"conspire:TimeTravelPotion"},{"floor":19,"key":"Strength Potion"},{"floor":38,"key":"Swift Potion"},{"floor":39,"key":"Poison Potion"},{"floor":40,"key":"ColorlessPotion"},{"floor":50,"key":"Fruit Juice"},{"floor":52,"key":"Ancient Potion"},{"floor":53,"key":"AttackPotion"},{"floor":72,"key":"Strength Potion"},{"floor":92,"key":"Dexterity Potion"}],"is_trial":false,"path_per_floor":["M","?","$","M","M","R","M","R","T","?","R","M","?","E","R","B",null,"M","M","$","?","AVR","R","?","R","T","?","M","R","M","?","R","B",null,"M","AVR","?","M","?","NM","R","M","T","M","R","?","M","M","R","B",null,"M","M","M","M","M","R","AVR","R","T","R","M","R","?","E","R","B",null,"M","?","$","M","M","R","?","R","T","R","M","T","$","M","R","B",null,"M","?","$","M","M","R","M","E","T","E","R","?","?","$","R","B"],"character_chosen":"THE_SILENT","items_purchased":["Noxious Fumes","Noxious Fumes","Footwork","Noxious Fumes","Sling","Noxious Fumes","Footwork"],"campfire_rested":1,"item_purchase_floors":[3,20,71,81,81,88,99],"current_hp_per_floor":[68,68,68,67,67,67,67,67,67,53,53,53,53,53,53,41,70,60,60,60,67,67,67,67,67,67,67,67,67,62,62,62,56,70,57,57,57,48,48,32,53,53,53,55,55,57,59,61,61,68,105,97,99,101,103,105,105,105,105,105,105,105,105,105,105,105,97,105,105,105,105,105,105,105,105,105,105,105,105,105,105,105,105,105,105,105,105,105,103,97,97,96,81,81,83,104,104,104,104,105,0,0],"gold":327,"neow_bonus":"THREE_CARDS","is_daily":false,"chose_seed":false,"campfire_upgraded":22,"win_rate":0.0,"timestamp":1608372778,"path_taken":["M","?","$","M","M","R","M","R","T","?","R","?","?","E","R","BOSS","M","M","$","?","AVR","R","?","R","T","?","M","R","?","?","R","BOSS","M","AVR","?","?","?","NM","R","M","T","?","R","?","M","M","R","BOSS","M","M","M","M","M","R","AVR","R","T","R","M","R","?","E","R","BOSS","M","?","$","M","M","R","?","R","T","R","M","?","?","M","R","BOSS","M","?","$","M","M","R","?","E","T","E","R","?","?","$","R","BOSS"],"items_purchased_type":["Card","Card","Card","Card","Relic","Card","Card"],"build_version":"2020-12-13","purchased_purges":5,"victory":false,"max_hp_per_floor":[70,70,70,70,70,70,70,70,70,70,70,70,70,70,70,70,70,70,70,70,70,70,70,70,70,70,70,70,70,70,70,70,70,70,70,70,70,70,70,70,70,70,70,70,70,70,70,70,70,75,105,105,105,105,105,105,105,105,105,105,105,105,105,105,105,105,105,105,105,105,105,105,105,105,105,105,105,105,105,105,105,105,105,105,105,105,105,105,105,105,105,105,105,105,105,105,105,105,105,105,105,105],"card_choices":[{"not_picked":["Sucker Punch","Infinite Blades"],"picked":"Cloak And Dagger","floor":0},{"not_picked":["Quick Slash","Distraction","PiercingWail"],"picked":"SKIP","floor":1},{"not_picked":["Flying Knee","Well Laid Plans"],"picked":"Bane","floor":4},{"not_picked":["Calculated Gamble","Accuracy"],"picked":"Escape Plan","floor":5},{"not_picked":["hubris:Sniper","Flying Knee","Expertise"],"picked":"SKIP","floor":7},{"not_picked":["hubris:SlightOfHand","PiercingWail"],"picked":"Masterful Stab","floor":12},{"not_picked":["hubris:SlightOfHand","Skewer","Well Laid Plans"],"picked":"SKIP","floor":14},{"not_picked":["Dagger Throw+1","Accuracy","hubris:Sniper"],"picked":"SKIP","floor":18},{"not_picked":["Crippling Poison","Calculated Gamble","Sucker Punch"],"picked":"SKIP","floor":19},{"not_picked":["Dash","Flechettes","Acrobatics","hubris:SlightOfHand"],"picked":"SKIP","floor":28},{"not_picked":["Riddle With Holes","hubris:TrickCloak+1","Dagger Throw+1"],"picked":"Masterful Stab","floor":30},{"not_picked":["Unload","Wraith Form v2","Grand Finale"],"picked":"infinitespire:Neurotoxin","floor":33},{"not_picked":["Endless Agony","hubris:SlightOfHand+1","Backflip","Underhanded Strike"],"picked":"SKIP","floor":35},{"not_picked":["Terror+1","Leg Sweep+1","Backflip"],"picked":"Deflect","floor":38},{"not_picked":["Sucker Punch+1","Infinite Blades+1","Bane+1"],"picked":"Escape Plan","floor":40},{"not_picked":["Sucker Punch+1","Flying Knee","Quick Slash+1","Slice+1"],"picked":"SKIP","floor":42},{"not_picked":["Malaise","hubris:SlightOfHand+1","Noxious Fumes"],"picked":"Footwork","floor":44},{"not_picked":["Underhanded Strike+1","Setup+1","Acrobatics+1","PiercingWail"],"picked":"SKIP","floor":47},{"not_picked":["Envenom","Noxious Fumes+1","Flechettes"],"picked":"Footwork","floor":48},{"not_picked":["Burst","Die Die Die","Storm of Steel"],"picked":"Envenom","floor":50},{"not_picked":["hubris:TrickCloak","Blade Dance","Dash","Acrobatics"],"picked":"SKIP","floor":52},{"not_picked":["Well Laid Plans","Caltrops","Leg Sweep"],"picked":"Footwork","floor":53},{"not_picked":["Bane","PiercingWail","Outmaneuver"],"picked":"Deflect","floor":54},{"not_picked":["Finisher","Expertise","Flying Knee","Crippling Poison"],"picked":"SKIP","floor":55},{"not_picked":["Outmaneuver","Setup","PiercingWail"],"picked":"Deflect","floor":56},{"not_picked":["Dagger Spray","Catalyst","Acrobatics"],"picked":"Poisoned Stab","floor":62},{"not_picked":["Skewer","Cloak And Dagger+1","Predator"],"picked":"Envenom","floor":65},{"not_picked":["aspiration:Lunge","Burst+1","Storm of Steel+1"],"picked":"Adrenaline+1","floor":67},{"not_picked":["Underhanded Strike","Outmaneuver+1","Blade Dance+1"],"picked":"Deflect+1","floor":69},{"not_picked":["Dagger Throw+1","Blade Dance+1","All Out Attack","Tactician+1"],"picked":"SKIP","floor":72},{"not_picked":["hubris:TrickCloak+1","Calculated Gamble+1","Bullet Time+1"],"picked":"Backstab","floor":73},{"not_picked":["Blade Dance+1","Quick Slash","Expertise+1"],"picked":"Dodge and Roll+1","floor":79},{"not_picked":["Escape Plan+1","Dagger Spray+1","Dagger Throw+1"],"picked":"Noxious Fumes+1","floor":82},{"not_picked":["infinitespire:Neurotoxin+1","Glass Knife","Wraith Form v2"],"picked":"Envenom","floor":84},{"not_picked":["hubris:TrickCloak+1","Flechettes","Deadly Poison+1"],"picked":"Deflect+1","floor":86},{"not_picked":["Sucker Punch","Caltrops","Dodge and Roll+1"],"picked":"Masterful Stab","floor":89},{"not_picked":["Backflip+1","Concentrate+1","hubris:SlightOfHand+1","Blade Dance+1"],"picked":"SKIP","floor":90},{"not_picked":["Tactician+1","hubris:Sniper+1","Finisher","Backflip+1"],"picked":"SKIP","floor":92},{"not_picked":["Outmaneuver+1","Quick Slash+1","hubris:Counter+1"],"picked":"Catalyst+1","floor":93},{"not_picked":["Blade Dance+1","Deflect+1","Slice+1"],"picked":"A Thousand Cuts","floor":95}],"player_experience":1768356,"relics_obtained":[{"floor":9,"key":"vexMod:InvisibilityCloak"},{"floor":13,"key":"Odd Mushroom"},{"floor":14,"key":"conspire:TopHat"},{"floor":26,"key":"Question Card"},{"floor":40,"key":"Pen Nib"},{"floor":43,"key":"Blood Vial"},{"floor":46,"key":"halation:QuantumPhysicsTextbook"},{"floor":60,"key":"aspiration:FetidBarrel"},{"floor":65,"key":"halation:WeightlessCrab"},{"floor":77,"key":"Akabeko"},{"floor":80,"key":"Nunchaku"},{"floor":93,"key":"conspire:Dentures"},{"floor":93,"key":"Eternal Feather"},{"floor":94,"key":"infinitespire:PuzzleCube"},{"floor":95,"key":"aspiration:SeaSaltIceCream"},{"floor":95,"key":"hubris:FunFungus"}],"event_choices":[{"damage_healed":0,"gold_gain":0,"player_choice":"Disagree","damage_taken":0,"max_hp_gain":0,"max_hp_loss":0,"event_name":"conspire:LoneGhost","floor":2,"gold_loss":0},{"damage_healed":0,"gold_gain":0,"player_choice":"Entered Light","damage_taken":14,"max_hp_gain":0,"max_hp_loss":0,"event_name":"Shining Light","floor":10,"gold_loss":0,"cards_upgraded":["Defend_G","Defend_G"]},{"damage_healed":0,"gold_gain":0,"player_choice":"Fought Mushrooms","damage_taken":0,"max_hp_gain":0,"max_hp_loss":0,"event_name":"Mushrooms","floor":13,"gold_loss":0},{"cards_removed":["Strike_G"],"damage_healed":0,"gold_gain":0,"player_choice":"Purged","damage_taken":0,"max_hp_gain":0,"max_hp_loss":0,"event_name":"Purifier","floor":27,"gold_loss":0},{"damage_healed":0,"gold_gain":0,"player_choice":"Copied","damage_taken":0,"max_hp_gain":0,"max_hp_loss":0,"event_name":"Duplicator","floor":37,"gold_loss":0,"cards_obtained":["hubris:DuctTapeCard"]},{"damage_healed":0,"gold_gain":0,"player_choice":"Got Potions","damage_taken":0,"max_hp_gain":0,"max_hp_loss":0,"event_name":"Lab","floor":39,"gold_loss":0},{"damage_healed":0,"gold_gain":0,"player_choice":"Fight","damage_taken":0,"max_hp_gain":0,"max_hp_loss":0,"event_name":"Mysterious Sphere","floor":46,"gold_loss":0},{"damage_healed":0,"gold_gain":0,"player_choice":"Ignored","damage_taken":0,"max_hp_gain":0,"max_hp_loss":0,"event_name":"Vampires","floor":75,"gold_loss":0},{"cards_removed":["Deflect"],"damage_healed":0,"gold_gain":0,"player_choice":"Removed Skill","damage_taken":0,"max_hp_gain":0,"max_hp_loss":0,"event_name":"Falling","floor":97,"gold_loss":0}],"is_beta":false,"boss_relics":[{"not_picked":["hubris:GrandSneckoEye","Cursed Key"],"picked":"conspire:RunicOctahedron"},{"not_picked":["halation:Risk","halation:Yufonium","aspiration:PoetsPen_weak"]},{"not_picked":["vexMod:CursedCompass","halation:PinkAlligatorPlush"],"picked":"vexMod:BigBerry"},{"not_picked":["Pandora\u0027s Box","vexMod:ImprovementManual"],"picked":"infinitespire:Cupcake"},{"not_picked":["Ring of the Serpent","conspire:SeveredTorchhead"],"picked":"Black Star"}],"items_purged_floors":[20,22,36,58,71],"is_endless":true,"potions_floor_spawned":[5,12,14,16,19,28,38,40,46,50,52,53,62,65,72,82,84,86,90,92,93],"killed_by":"conspire:OrnateMirror","ascension_level":0}}