{"host":"gpvfax9ls8tf4xze","time":1608372425,"event":{"mods":["Aspiration","BaseMod","BetterRewards","Colored Powertips","Downfall","GifTheSpireLib","Minty Spire (QoL Compilation)","Replay The Spire","StSLib","Stuff the Spire","The Hierophant"],"gold_per_floor":[99,128,139,139,139,139,207,235,248,282,301,318,330,349,369,470,470,395,395,420,432,443,473,473,501,501,529,121,141,241,112,122,222,522,384,139,139,139,153,153,179,212,212,244,244,283,299,316,330,330,330,361,80,80,80],"floor_reached":56,"playtime":8236,"items_purged":["Wraith Form v2","Slimebound:CorrosiveSpit","Normality"],"score":1459,"play_id":"8b345235-5acd-4a9f-b26c-ec6ffb6a1379","local_time":"20201219190705","is_ascension_mode":true,"campfire_choices":[{"data":"Slimebound:Split","floor":1.0,"key":"SMITH"},{"data":"Slimebound:Gluttony","floor":6.0,"key":"SMITH"},{"data":"Slimebound:SlimeSlap","floor":18.0,"key":"SMITH"},{"floor":26.0,"key":"RECALL"},{"data":"Slimebound:OneTwoCombo","floor":35.0,"key":"SMITH"},{"data":"Slimebound:MegaLick","floor":37.0,"key":"SMITH"},{"data":"Slimebound:SlimeBrawl","floor":43.0,"key":"SMITH"},{"floor":54.0,"key":"REST"}],"circlet_count":0,"master_deck":["Slimebound:Tackle","Slimebound:Split+1","Slimebound:LeechEnergy","Slimebound:Gluttony+1","Slimebound:RainOfGoop","Slimebound:SamplingLick","Slimebound:FinishingTackle","Slimebound:MegaLick","Slimebound:Nibble","Slimebound:ComboTackle","Slimebound:SlimeSlap+1","Slimebound:SplitLeeching","Slimebound:OneTwoCombo+1","Slimebound:Prepare","Sucker Punch","Neutralize","Slimebound:Schlurp+1","Slimebound:AcidTongue+1","Slimebound:SamplingLick","Slimebound:SplitLeeching+1","Slimebound:ComboTackle+1","Slimebound:MegaLick+1","Slimebound:RejuvenatingLick+1","Slimebound:LeechLife+1","CurseOfTheBell","Slimebound:Schlurp+1","Slimebound:SlimeBrawl+1","Slimebound:SlimeSpikes+1","Slimebound:SamplingLick","Slimebound:SplitMire+1","Slimebound:ViciousTackle+1","Slimebound:DuplicatedForm+1","Slimebound:Repurpose","Injury"],"relics":["Slimebound:AbsorbEndCombat","StuffTheSpire:Experiment12","HornCleat","StuffTheSpire:Barrel","Slimebound:AggressiveSlimeRelic","Pandora\u0027s Box","downfall:HeartBlessingGreen","StuffTheSpire:EmeraldSignet","Nunchaku","Replay:Towering Pillar of Hats","StuffTheSpire:GrapeVine","Molten Egg 2","Golden Egg","Replay:Grab Bag","ChewingGum","Cursed Key","Calling Bell","SlaversCollar","Old Coin","Shuriken","MawBank","downfall:HeartBlessingRed","downfall:HeartBlessingBlue","TheAbacus","Bronze Scales","Oddly Smooth Stone","aspiration:FetidBarrel","ReplayFunnel","ReplayTheSpireMod:CursedCoin","Gambling Chip"],"acts_visited":["Exordium","TheCity","TheBeyond","TheEnding"],"potions_floor_usage":[55,55],"damage_taken":[{"damage":50.0,"enemies":"Gremlin Nob","floor":2.0,"turns":5.0},{"damage":9.0,"enemies":"Cultist","floor":3.0,"turns":4.0},{"damage":49.0,"enemies":"Lagavulin","floor":8.0,"turns":7.0},{"damage":18.0,"enemies":"Small Slimes","floor":9.0,"turns":3.0},{"damage":24.0,"enemies":"3 Sentries","floor":10.0,"turns":6.0},{"damage":23.0,"enemies":"2 Louse","floor":11.0,"turns":2.0},{"damage":16.0,"enemies":"Exordium Thugs","floor":12.0,"turns":3.0},{"damage":8.0,"enemies":"Gremlin Gang","floor":13.0,"turns":2.0},{"damage":25.0,"enemies":"Exordium Wildlife","floor":14.0,"turns":3.0},{"damage":14.0,"enemies":"3 Louse","floor":15.0,"turns":2.0},{"damage":37.0,"enemies":"downfall:Silent","floor":16.0,"turns":6.0},{"damage":19.0,"enemies":"Spheric Guardian","floor":21.0,"turns":3.0},{"damage":27.0,"enemies":"3 Byrds","floor":22.0,"turns":4.0},{"damage":39.0,"enemies":"Replay:Snechameleon","floor":23.0,"turns":4.0},{"damage":39.0,"enemies":"Slavers","floor":25.0,"turns":4.0},{"damage":30.0,"enemies":"Replay:Snechameleon","floor":27.0,"turns":3.0},{"damage":18.0,"enemies":"downfall:FleeingMerchant","floor":28.0,"turns":4.0},{"damage":23.0,"enemies":"Sentry and Sphere","floor":29.0,"turns":4.0},{"damage":18.0,"enemies":"downfall:FleeingMerchant","floor":31.0,"turns":3.0},{"damage":27.0,"enemies":"Snake Plant","floor":32.0,"turns":3.0},{"damage":53.0,"enemies":"downfall:Watcher","floor":33.0,"turns":5.0},{"damage":20.0,"enemies":"downfall:Watcher","floor":38.0,"turns":3.0},{"damage":35.0,"enemies":"3 Darklings","floor":39.0,"turns":3.0},{"damage":31.0,"enemies":"Reptomancer","floor":42.0,"turns":5.0},{"damage":45.0,"enemies":"Giant Head","floor":44.0,"turns":6.0},{"damage":5.0,"enemies":"Orb Walker","floor":47.0,"turns":2.0},{"damage":29.0,"enemies":"Writhing Mass","floor":48.0,"turns":3.0},{"damage":24.0,"enemies":"Jaw Worm Horde","floor":49.0,"turns":4.0},{"damage":54.0,"enemies":"downfall:Defect","floor":50.0,"turns":5.0},{"damage":135.0,"enemies":"downfall:CharBossMerchant","floor":52.0,"turns":7.0},{"damage":57,"enemies":"downfall:NeowBoss","floor":55,"turns":21}],"seed_played":"5519815923871734037","potions_obtained":[{"floor":9.0,"key":"Languid Potion"},{"floor":10.0,"key":"Elixir"},{"floor":11.0,"key":"Fire Potion"},{"floor":12.0,"key":"SkillPotion"},{"floor":15.0,"key":"AttackPotion"},{"floor":16.0,"key":"Weak Potion"},{"floor":27.0,"key":"Swift Potion"},{"floor":29.0,"key":"ColorlessPotion"},{"floor":32.0,"key":"AttackPotion"},{"floor":33.0,"key":"FairyPotion"},{"floor":38.0,"key":"SteroidPotion"},{"floor":44.0,"key":"Energy Potion"},{"floor":46.0,"key":"Energy Potion"},{"floor":48.0,"key":"Elixir"},{"floor":52.0,"key":"Slimebound:SlimyTonguePotion"}],"is_trial":false,"path_per_floor":["R","E","M","?","?","R","T","E","M","E","M","M","M","M","M","B",null,"R","?","T","M","M","E","T","E","R","E","$","M","?","$","M","B",null,"R","$","R","?","M","?","T","E","R","E","?","?","M","M","M","B",null,"E","$","R","B",null],"character_chosen":"SLIMEBOUND","items_purchased":["Slimebound:SplitLeeching+1","Molten Egg 2","Fruit Juice","Golden Egg","Slimebound:RejuvenatingLick","LiquidMemories","TheAbacus","ReplayTheSpireMod:CursedCoin","Gambling Chip"],"campfire_rested":1,"item_purchase_floors":[28,28,28,31,31,31,36,53,53],"current_hp_per_floor":[66,32,39,39,39,39,39,34,32,44,41,49,61,56,58,56,66,66,66,66,66,49,50,50,43,43,55,62,71,71,71,60,57,71,81,81,81,81,81,81,81,72,72,66,66,46,53,46,66,81,81,30,30,54,81],"gold":80,"neow_bonus":"TEN_PERCENT_HP_BONUS","is_daily":false,"chose_seed":false,"campfire_upgraded":6,"win_rate":0.0,"timestamp":1608372425,"path_taken":["R","E","?","?","?","R","T","E","M","E","?","M","?","M","M","BOSS","R","?","?","M","M","E","T","E","R","E","$","M","?","?","M","BOSS","R","?","R","?","M","?","T","E","R","E","?","?","?","M","M","BOSS","E","$","R","BOSS"],"items_purchased_type":["Card","Relic","Potion","Relic","Card","Potion","Relic","Relic","Relic"],"build_version":"2020-12-13","purchased_purges":3,"victory":true,"max_hp_per_floor":[66,66,66,66,66,66,66,66,66,66,66,66,66,66,66,66,66,66,66,66,66,66,66,66,66,66,66,66,71,71,71,71,71,71,81,81,81,81,81,81,81,81,81,81,81,81,81,81,81,81,81,81,81,81,81],"card_choices":[{"not_picked":["Slimebound:SplitMire","Slimebound:SamplingLick"],"picked":"Slimebound:LeechEnergy","floor":2.0},{"not_picked":["Slimebound:LeadByExample","Slimebound:ViciousTackle"],"picked":"Slimebound:Gluttony","floor":3.0},{"not_picked":["Slimebound:ItLooksTasty","Slimebound:SplitLeeching","Slimebound:SplitBruiser"],"picked":"SKIP","floor":8.0},{"not_picked":["Slimebound:OneTwoCombo","Slimebound:SplitMire"],"picked":"Slimebound:RainOfGoop","floor":9.0},{"not_picked":["Slimebound:ComboTackle","Slimebound:SlimeSpikes"],"picked":"Slimebound:SamplingLick","floor":10.0},{"not_picked":["Slimebound:FirmFortitude","Slimebound:Schlurp"],"picked":"Slimebound:FinishingTackle","floor":11.0},{"not_picked":["Slimebound:ComboTackle","Slimebound:Grow"],"picked":"Slimebound:MegaLick","floor":12.0},{"not_picked":["Slimebound:DisruptingSlam","Slimebound:Prepare"],"picked":"Slimebound:Nibble","floor":13.0},{"not_picked":["Slimebound:ItLooksTasty","Slimebound:ViciousTackle","Slimebound:PressTheAttack"],"picked":"SKIP","floor":14.0},{"not_picked":["Slimebound:LeechEnergy","Slimebound:Schlurp"],"picked":"Slimebound:ComboTackle","floor":15.0},{"not_picked":["Slimebound:OneTwoCombo","Slimebound:SelfFormingGoo"],"picked":"Slimebound:SlimeSlap","floor":16.0},{"not_picked":["Slimebound:SplitAcid","Slimebound:LeechEnergy"],"picked":"Slimebound:Schlurp+1","floor":21.0},{"not_picked":["Slimebound:SlimeSpikes+1","Slimebound:SplitAcid","Slimebound:Chomp+1"],"picked":"SKIP","floor":22.0},{"not_picked":["Slimebound:PressTheAttack","Slimebound:Equalize","Slimebound:Teamwork"],"picked":"SKIP","floor":23.0},{"not_picked":["Slimebound:GrowthPunch+1","Slimebound:Replication","Slimebound:ItLooksTasty"],"picked":"SKIP","floor":25.0},{"not_picked":["Slimebound:FlameTackle","Slimebound:HauntingLick"],"picked":"Slimebound:AcidTongue+1","floor":27.0},{"not_picked":["Slimebound:Grow","Slimebound:SplitLeeching"],"picked":"Slimebound:SamplingLick","floor":28.0},{"not_picked":["Slimebound:SlimeSpikes+1","Slimebound:SplitAcid"],"picked":"Slimebound:ComboTackle+1","floor":29.0},{"not_picked":["Slimebound:GrowthPunch+1","Slimebound:DisruptingSlam+1"],"picked":"Slimebound:MegaLick","floor":31.0},{"not_picked":["Slimebound:SplitMire","Slimebound:SplitBruiser","Slimebound:Schlurp"],"picked":"SKIP","floor":32.0},{"not_picked":["Slimebound:RallyTheTroops+1","Slimebound:SelfFormingGoo"],"picked":"Slimebound:LeechLife+1","floor":33.0},{"not_picked":["Slimebound:PressTheAttack+1","Slimebound:GrowthPunch+1"],"picked":"Slimebound:Schlurp+1","floor":38.0},{"not_picked":["Slimebound:ComboTackle+1","Slimebound:SplitLeeching"],"picked":"Slimebound:SlimeBrawl","floor":39.0},{"not_picked":["Slimebound:LeechEnergy+1","Slimebound:SplitMire"],"picked":"Slimebound:SlimeSpikes+1","floor":42.0},{"not_picked":["Slimebound:GrowthPunch+1","Slimebound:LeechEnergy+1"],"picked":"Slimebound:SamplingLick","floor":44.0},{"not_picked":["Slimebound:ViciousTackle+1","Slimebound:Grow"],"picked":"Slimebound:SplitMire+1","floor":46.0},{"not_picked":["Slimebound:FinishingTackle+1","Slimebound:SlimeBarrage+1"],"picked":"Slimebound:ViciousTackle+1","floor":47.0},{"not_picked":["Slimebound:SlimeTap","Slimebound:ComboTackle+1"],"picked":"Slimebound:DuplicatedForm","floor":48.0},{"not_picked":["Slimebound:ViciousTackle+1","Slimebound:Replication+1","Slimebound:LivingWall"],"picked":"SKIP","floor":49.0},{"not_picked":["Slimebound:LeadByExample","Slimebound:ComboTackle+1"],"picked":"Slimebound:Repurpose","floor":52.0}],"player_experience":694798,"relics_obtained":[{"floor":2.0,"key":"StuffTheSpire:Experiment12"},{"floor":7.0,"key":"HornCleat"},{"floor":8.0,"key":"StuffTheSpire:Barrel"},{"floor":10.0,"key":"Slimebound:AggressiveSlimeRelic"},{"floor":23.0,"key":"StuffTheSpire:EmeraldSignet"},{"floor":24.0,"key":"Nunchaku"},{"floor":25.0,"key":"Replay:Towering Pillar of Hats"},{"floor":27.0,"key":"StuffTheSpire:GrapeVine"},{"floor":34.0,"key":"Old Coin"},{"floor":34.0,"key":"Shuriken"},{"floor":34.0,"key":"MawBank"},{"floor":41.0,"key":"Bronze Scales"},{"floor":42.0,"key":"Oddly Smooth Stone"},{"floor":44.0,"key":"aspiration:FetidBarrel"},{"floor":52.0,"key":"ReplayFunnel"}],"event_choices":[],"is_beta":false,"boss_relics":[{"not_picked":["Tiny House","StuffTheSpire:RunicHypercube"],"picked":"Pandora\u0027s Box"},{"not_picked":["Fusion Hammer","ReplayTheSpireMod:DimensionalGlitch"],"picked":"Replay:Grab Bag"},{"not_picked":["StuffTheSpire:RunicConfusion","aspiration:FutureDiary"],"picked":"ChewingGum"},{"not_picked":["Sozu","Busted Crown"],"picked":"Cursed Key"},{"not_picked":["aspiration:WatcherSkillbook","aspiration:SilentSkillbook"],"picked":"Calling Bell"},{"not_picked":["StuffTheSpire:Kangaroo","aspiration:SecretTechniqueScroll"],"picked":"SlaversCollar"}],"items_purged_floors":[31,36,53],"is_endless":false,"potions_floor_spawned":[9,10,11,12,15,16,27,29,32,33,38,44,48,49,52],"ascension_level":2}}