{"host":"pgs5p9zc3jxkskve","time":1608357217,"event":{"mods":["BaseMod","Colored Map","Colored Powertips","Googly Eyes","Minty Spire (QoL Compilation)","StSLib"],"gold_per_floor":[117,117,117,192,192,224,252,252,278,303,322,322,342,376,376,478,478,497,514,514,514,229,254,280,305,364,420,459,342,386,338,338,438,488,505,505,505,275,275,275,302,318,318,318,337,364,396,410,410,410],"floor_reached":51,"playtime":1562,"items_purged":["Regret"],"score":1487,"play_id":"02dbb5f0-3aed-478c-af4a-90e173ca5428","local_time":"20201219005337","daily_mods":["SealedDeck","DeadlyEvents","Elite Swarm"],"is_ascension_mode":true,"campfire_choices":[{"data":"Double Energy","floor":8,"key":"SMITH"},{"data":"Storm","floor":15,"key":"SMITH"},{"data":"Seek","floor":32,"key":"SMITH"},{"data":"Apotheosis","floor":40,"key":"SMITH"},{"data":"Amplify","floor":44,"key":"SMITH"},{"data":"White Noise","floor":49,"key":"SMITH"}],"circlet_count":0,"master_deck":["Lockon","Auto Shields+1","Ball Lightning","BootSequence+1","Double Energy+1","Turbo","Sunder","Chill","Doom and Gloom","Storm+1","Meteor Strike","Biased Cognition","Echo Form","Seek+1","Fission","White Noise+1","Tempest","White Noise+1","Loop","Electrodynamics","Storm+1","Apotheosis+1","Amplify+1","Capacitor","Storm+1","Machine Learning"],"relics":["Cracked Core","Strawberry","Bird Faced Urn","War Paint","Letter Opener","DataDisk","The Courier","Regal Pillow","Black Star","Question Card","Singing Bowl","CeramicFish","Pantograph","White Beast Statue","MawBank","Bag of Preparation","Molten Egg 2","Pocketwatch","Kunai","Blood Vial","Tiny House","DollysMirror","FossilizedHelix","Unceasing Top","Ornamental Fan","Akabeko","Toy Ornithopter","Eternal Feather","Mercury Hourglass"],"acts_visited":["Exordium","TheCity","TheBeyond"],"potions_floor_usage":[10,14,28,33,41,41,50,50],"damage_taken":[{"damage":0,"enemies":"Jaw Worm","floor":1,"turns":2},{"damage":8,"enemies":"Lagavulin","floor":6,"turns":6},{"damage":34,"enemies":"Gremlin Nob","floor":7,"turns":4},{"damage":0,"enemies":"3 Sentries","floor":10,"turns":3},{"damage":2,"enemies":"Small Slimes","floor":11,"turns":2},{"damage":0,"enemies":"2 Louse","floor":13,"turns":1},{"damage":7,"enemies":"Gremlin Nob","floor":14,"turns":5},{"damage":2,"enemies":"Slime Boss","floor":16,"turns":5},{"damage":14,"enemies":"Shell Parasite","floor":18,"turns":4},{"damage":11,"enemies":"2 Thieves","floor":19,"turns":3},{"damage":1,"enemies":"Book of Stabbing","floor":23,"turns":4},{"damage":0,"enemies":"Chosen and Byrds","floor":24,"turns":3},{"damage":26,"enemies":"Slavers","floor":25,"turns":3},{"damage":0,"enemies":"Gremlin Leader","floor":27,"turns":3},{"damage":0,"enemies":"Snecko","floor":28,"turns":2},{"damage":16,"enemies":"Slavers","floor":30,"turns":2},{"damage":26,"enemies":"Champ","floor":33,"turns":4},{"damage":0,"enemies":"Orb Walker","floor":35,"turns":2},{"damage":18,"enemies":"Nemesis","floor":41,"turns":3},{"damage":0,"enemies":"3 Shapes","floor":42,"turns":1},{"damage":0,"enemies":"3 Darklings","floor":45,"turns":2},{"damage":0,"enemies":"Giant Head","floor":46,"turns":3},{"damage":7,"enemies":"Nemesis","floor":47,"turns":3},{"damage":0,"enemies":"Writhing Mass","floor":48,"turns":3},{"damage":42,"enemies":"Time Eater","floor":50,"turns":4}],"seed_played":"-5949057950399131689","potions_obtained":[{"floor":6,"key":"FocusPotion"},{"floor":11,"key":"Regen Potion"},{"floor":13,"key":"Dexterity Potion"},{"floor":16,"key":"FocusPotion"},{"floor":23,"key":"FearPotion"},{"floor":25,"key":"SkillPotion"},{"floor":28,"key":"BlessingOfTheForge"},{"floor":33,"key":"Block Potion"},{"floor":34,"key":"ColorlessPotion"},{"floor":41,"key":"Block Potion"},{"floor":45,"key":"FearPotion"},{"floor":48,"key":"FairyPotion"}],"is_trial":true,"path_per_floor":["M","?","?","?","T","E","E","R","T","E","M","$","M","E","R","B",null,"M","M","?","?","$","E","M","E","T","E","M","$","E","$","R","B",null,"M","?","?","$","?","R","E","M","T","R","M","E","E","M","R","B",null],"character_chosen":"DEFECT","items_purchased":["White Noise","Singing Bowl","Apotheosis","Capacitor","DollysMirror","Machine Learning"],"campfire_rested":0,"item_purchase_floors":[22,22,29,31,38,38],"current_hp_per_floor":[68,68,75,64,64,58,24,24,24,26,24,24,24,35,35,37,71,63,60,60,60,60,69,81,62,62,70,78,78,68,68,68,75,92,97,92,92,92,92,92,78,94,94,94,98,100,102,104,104,74],"gold":410,"neow_bonus":"","is_daily":false,"chose_seed":false,"campfire_upgraded":6,"win_rate":0.0,"timestamp":1608357217,"path_taken":["M","?","?","?","?","E","?","R","T","E","M","?","M","E","R","BOSS","M","M","?","?","?","E","M","E","T","E","?","$","?","$","R","BOSS","M","?","?","$","?","R","E","M","T","R","M","?","E","M","R","BOSS"],"items_purchased_type":["Card","Relic","Card","Card","Relic","Card"],"build_version":"2020-12-13","purchased_purges":1,"victory":true,"max_hp_per_floor":[75,75,82,82,82,82,82,82,82,82,82,82,82,82,82,82,82,82,82,82,82,82,84,84,86,86,86,86,86,86,86,86,88,95,97,92,92,92,92,92,94,96,96,96,98,100,102,104,104,104],"card_choices":[{"not_picked":["Chill","Stack"],"picked":"Storm","floor":1},{"not_picked":["Core Surge","All For One"],"picked":"Meteor Strike","floor":6},{"not_picked":["Thunder Strike","Machine Learning"],"picked":"Biased Cognition","floor":7},{"not_picked":["Reboot","Buffer"],"picked":"Echo Form","floor":10},{"not_picked":["Steam","Sweeping Beam","Cold Snap"],"picked":"SKIP","floor":11},{"not_picked":["Scrape","Genetic Algorithm","Steam"],"picked":"SKIP","floor":13},{"not_picked":["Reboot","Creative AI"],"picked":"Seek","floor":14},{"not_picked":["Buffer","Reboot"],"picked":"Fission","floor":16},{"not_picked":["Compile Driver","Barrage+1"],"picked":"White Noise","floor":18},{"not_picked":["Blizzard","Double Energy","Beam Cell"],"picked":"SKIP","floor":19},{"not_picked":["Seek","Echo Form","Reboot","Creative AI"],"picked":"Singing Bowl","floor":23},{"not_picked":["Chaos","Glacier","Sunder"],"picked":"Loop","floor":24},{"not_picked":["Echo Form","Thunder Strike","Seek","Buffer"],"picked":"Singing Bowl","floor":25},{"not_picked":["Creative AI","Thunder Strike+1","Biased Cognition"],"picked":"Electrodynamics","floor":27},{"not_picked":["Ball Lightning+1","Leap","Streamline+1"],"picked":"Storm+1","floor":28},{"not_picked":["Multi-Cast","Electrodynamics","Creative AI"],"picked":"Amplify","floor":30},{"not_picked":["Buffer","Rainbow","All For One+1","Multi-Cast"],"picked":"Singing Bowl","floor":33},{"not_picked":["Consume","Steam+1","Turbo","Barrage+1"],"picked":"Singing Bowl","floor":34},{"not_picked":["Sweeping Beam+1","Blizzard+1","Stack","Turbo"],"picked":"Singing Bowl","floor":35},{"not_picked":["Electrodynamics","Reboot","Seek","Biased Cognition"],"picked":"Singing Bowl","floor":41},{"not_picked":["Lockon+1","Barrage+1","Cold Snap+1","Gash+1"],"picked":"Singing Bowl","floor":42},{"not_picked":["Darkness+1","Recycle","Go for the Eyes+1","Reprogram+1"],"picked":"Singing Bowl","floor":45},{"not_picked":["Hyperbeam+1","Echo Form","Meteor Strike+1","All For One+1"],"picked":"Singing Bowl","floor":46},{"not_picked":["Buffer","Echo Form","Multi-Cast","Rainbow"],"picked":"Singing Bowl","floor":47},{"not_picked":["Stack","Ball Lightning+1","Sweeping Beam+1","Barrage+1"],"picked":"Singing Bowl","floor":48}],"player_experience":3199105,"relics_obtained":[{"floor":5,"key":"Bird Faced Urn"},{"floor":6,"key":"War Paint"},{"floor":7,"key":"Letter Opener"},{"floor":9,"key":"DataDisk"},{"floor":10,"key":"The Courier"},{"floor":14,"key":"Regal Pillow"},{"floor":23,"key":"CeramicFish"},{"floor":23,"key":"Pantograph"},{"floor":25,"key":"White Beast Statue"},{"floor":25,"key":"MawBank"},{"floor":26,"key":"Bag of Preparation"},{"floor":27,"key":"Molten Egg 2"},{"floor":27,"key":"Pocketwatch"},{"floor":30,"key":"Kunai"},{"floor":30,"key":"Blood Vial"},{"floor":41,"key":"FossilizedHelix"},{"floor":41,"key":"Unceasing Top"},{"floor":43,"key":"Ornamental Fan"},{"floor":46,"key":"Akabeko"},{"floor":46,"key":"Toy Ornithopter"},{"floor":47,"key":"Eternal Feather"},{"floor":47,"key":"Mercury Hourglass"}],"event_choices":[{"damage_healed":0,"gold_gain":0,"player_choice":"Leave","damage_taken":0,"max_hp_gain":0,"max_hp_loss":0,"event_name":"The Cleric","floor":2,"gold_loss":0},{"damage_healed":0,"gold_gain":0,"player_choice":"Box","damage_taken":0,"relics_obtained":["Strawberry"],"max_hp_gain":0,"max_hp_loss":0,"event_name":"Big Fish","floor":3,"gold_loss":0,"cards_obtained":["Regret"]},{"damage_healed":0,"gold_gain":75,"player_choice":"Gather Gold","damage_taken":11,"max_hp_gain":0,"max_hp_loss":0,"event_name":"World of Goop","floor":4,"gold_loss":0},{"damage_healed":0,"gold_gain":0,"player_choice":"Read","damage_taken":0,"max_hp_gain":0,"max_hp_loss":0,"event_name":"The Library","floor":20,"gold_loss":0,"cards_obtained":["Tempest"]},{"damage_healed":0,"gold_gain":0,"player_choice":"Opened","damage_taken":0,"relics_obtained":["Question Card"],"max_hp_gain":0,"max_hp_loss":0,"event_name":"The Mausoleum","floor":21,"gold_loss":0},{"damage_healed":0,"gold_gain":0,"player_choice":"Max HP","damage_taken":0,"max_hp_gain":0,"max_hp_loss":5,"event_name":"Winding Halls","floor":36,"gold_loss":0},{"cards_removed":["Glacier"],"damage_healed":0,"gold_gain":0,"player_choice":"Removed Skill","damage_taken":0,"max_hp_gain":0,"max_hp_loss":0,"event_name":"Falling","floor":37,"gold_loss":0},{"damage_healed":0,"gold_gain":0,"player_choice":"Ignored","damage_taken":0,"max_hp_gain":0,"max_hp_loss":0,"event_name":"Tomb of Lord Red Mask","floor":39,"gold_loss":0}],"is_beta":false,"boss_relics":[{"not_picked":["Sozu","SacredBark"],"picked":"Black Star"},{"not_picked":["Busted Crown","Fusion Hammer"],"picked":"Tiny House"}],"items_purged_floors":[22],"is_endless":false,"potions_floor_spawned":[1,6,11,13,16,23,25,27,28,30,33,35,41,42,45,46,47,48],"ascension_level":8}}