{"host":"o3b7ow6d1xe49css","time":1608415918,"event":{"mods":["2.2 Compatiblity","Act Like it!","Aspiration","BaseMod","Bestiary","Better Altar","Better Match","Better Note","Better Sensory Stone","Better Skull","Better Third Choice","Colored Powertips","Conspire","Elementarium","Energized Spire","Force Act Four","GifTheSpireLib","Halation","Hermit","Hubris","Infinite Spire","Lobotomy","Minty Spire (QoL Compilation)","Quick Restart","Replay The Spire","Spicy Shops","Spikes Relics","StSLib","Stuff the Spire","The Blue Laboratory","The Jungle","Wandering Minibosses","vexMod"],"gold_per_floor":[116,132,148,159,159,191,191,191,191],"floor_reached":8,"playtime":327,"items_purged":[],"score":73,"play_id":"6db8897c-8a70-4a0b-82c1-a8962b2de304","local_time":"20201219131158","daily_mods":["Heirloom","Flight","Elite Swarm"],"is_ascension_mode":true,"campfire_choices":[],"circlet_count":0,"master_deck":["Strike_R","Strike_R","Strike_R","Strike_R","Strike_R","Defend_R","Defend_R","Defend_R","Defend_R","Bash","ReplayTheSpireMod:Muscle Training+1","Armaments","True Grit","hubris:ReadiedAction","Immolate"],"relics":["Burning Blood","Ring of Chaos","StuffTheSpire:Expresso","ReplayTheSpireMod:TigerMarble","halation:PrussianBluePaint"],"acts_visited":["Exordium"],"potions_floor_usage":[6,8],"damage_taken":[{"damage":2,"enemies":"conspire:RoseBush","floor":1,"turns":3},{"damage":1,"enemies":"Small Slimes","floor":2,"turns":3},{"damage":2,"enemies":"Cultist","floor":3,"turns":3},{"damage":35,"enemies":"Red Slaver","floor":4,"turns":6},{"damage":25,"enemies":"Lagavulin","floor":6,"turns":8},{"damage":34,"enemies":"3 Sentries","floor":8,"turns":6}],"seed_played":"-1469698318496249724","potions_obtained":[{"floor":4,"key":"Swift Potion"},{"floor":6,"key":"blueLaboratory:FruitPunch"}],"is_trial":true,"path_per_floor":["M","M","M","M","?","E","?","E"],"character_chosen":"IRONCLAD","items_purchased":[],"campfire_rested":0,"item_purchase_floors":[],"current_hp_per_floor":[80,80,80,51,51,32,32,0,0],"gold":191,"neow_bonus":"","is_daily":false,"chose_seed":false,"campfire_upgraded":0,"win_rate":0.0,"timestamp":1608415918,"path_taken":["M","M","M","M","?","E","?","E"],"items_purchased_type":[],"build_version":"2020-12-13","purchased_purges":0,"victory":false,"max_hp_per_floor":[80,80,80,80,80,80,80,82,82],"card_choices":[{"not_picked":["Wild Strike","StuffTheSpire:RockThrow"],"picked":"ReplayTheSpireMod:Muscle Training","floor":1},{"not_picked":["ReplayTheSpireMod:Muscle Training","StuffTheSpire:BloodClot"],"picked":"Armaments","floor":2},{"not_picked":["Armaments","Dropkick"],"picked":"True Grit","floor":3},{"not_picked":["ReplayTheSpireMod:Strike From Hell","Warcry"],"picked":"hubris:ReadiedAction","floor":4},{"not_picked":["Exhume","StuffTheSpire:TitanForm"],"picked":"Immolate","floor":6}],"player_experience":1755228,"relics_obtained":[{"floor":5,"key":"ReplayTheSpireMod:TigerMarble"},{"floor":6,"key":"halation:PrussianBluePaint"}],"event_choices":[{"damage_healed":0,"gold_gain":0,"player_choice":"Upgraded","damage_taken":0,"max_hp_gain":0,"max_hp_loss":0,"event_name":"Upgrade Shrine","floor":7,"gold_loss":0,"cards_upgraded":["ReplayTheSpireMod:Muscle Training"]}],"is_beta":false,"boss_relics":[],"items_purged_floors":[],"is_endless":false,"potions_floor_spawned":[4,6],"killed_by":"3 Sentries","ascension_level":5}}