{"host":"usewcu4ohw2wtmxk","time":1608348765,"event":{"mods":["AchievementEnabler","BaseMod","Colored Powertips","Minty Spire (QoL Compilation)","Permanent Neow","Quick Restart","Relic Stats","StSLib"],"gold_per_floor":[109,109,9,9,29,29,61,78,101,101,113,143,163,113,113,212,212,231,246,65,115,135,135,151,176,176,176,23,51,51,62,62,62,62],"floor_reached":33,"playtime":812,"items_purged":["Strike_B"],"score":310,"play_id":"503a8be9-2928-44b4-961b-f88639f6a6ba","local_time":"20201219113245","is_ascension_mode":true,"campfire_choices":[{"data":"Dualcast","floor":6.0,"key":"SMITH"},{"data":"Skim","floor":10.0,"key":"SMITH"},{"data":"Turbo","floor":15.0,"key":"SMITH"},{"data":"Buffer","floor":23,"key":"SMITH"},{"data":"Coolheaded","floor":27,"key":"SMITH"},{"floor":30,"key":"REST"},{"data":"Heatsinks","floor":32,"key":"SMITH"}],"circlet_count":0,"master_deck":["Strike_B","Defend_B","Defend_B","Zap","Dualcast+1","Ball Lightning","Skim+1","Cold Snap","Turbo+1","Ball Lightning","Buffer+1","Glacier","Heatsinks+1","Hologram+1","Coolheaded+1","Recycle+1"],"relics":["FrozenCore","Art of War","PreservedInsect","Bag of Marbles","Medical Kit","WingedGreaves","OrangePellets","Pen Nib"],"acts_visited":["Exordium","TheCity"],"potions_floor_usage":[25,25],"damage_taken":[{"damage":2.0,"enemies":"2 Louse","floor":1.0,"turns":2.0},{"damage":0.0,"enemies":"Cultist","floor":5.0,"turns":2.0},{"damage":18.0,"enemies":"3 Sentries","floor":7.0,"turns":4.0},{"damage":0.0,"enemies":"Small Slimes","floor":8.0,"turns":2.0},{"damage":2.0,"enemies":"Blue Slaver","floor":11.0,"turns":2.0},{"damage":6.0,"enemies":"Gremlin Nob","floor":12.0,"turns":3.0},{"damage":0.0,"enemies":"Gremlin Gang","floor":13.0,"turns":1.0},{"damage":36.0,"enemies":"The Guardian","floor":16.0,"turns":10.0},{"damage":9.0,"enemies":"Shell Parasite","floor":18.0,"turns":4.0},{"damage":10.0,"enemies":"3 Byrds","floor":19.0,"turns":2.0},{"damage":11,"enemies":"Snecko","floor":22,"turns":6},{"damage":7,"enemies":"Shelled Parasite and Fungi","floor":24,"turns":6},{"damage":8,"enemies":"Book of Stabbing","floor":25,"turns":4},{"damage":15,"enemies":"Gremlin Leader","floor":29,"turns":8},{"damage":21,"enemies":"Sentry and Sphere","floor":31,"turns":8},{"damage":3,"enemies":"Champ","floor":33,"turns":4}],"seed_played":"8356310318052904528","potions_obtained":[{"floor":1.0,"key":"Fire Potion"},{"floor":7.0,"key":"AttackPotion"},{"floor":11.0,"key":"DistilledChaos"},{"floor":12.0,"key":"Explosive Potion"},{"floor":16.0,"key":"Weak Potion"},{"floor":19.0,"key":"FearPotion"},{"floor":29,"key":"Ancient Potion"},{"floor":31,"key":"LiquidBronze"}],"is_trial":false,"path_per_floor":["M","?","$","?","M","R","E","M","T","R","M","E","M","?","R","B",null,"M","M","$","?","M","R","M","E","T","R","$","E","R","M","R","B"],"character_chosen":"DEFECT","items_purchased":["Ball Lightning","Glacier","Medical Kit","OrangePellets"],"campfire_rested":1,"item_purchase_floors":[3,20,20,28],"current_hp_per_floor":[66,66,66,66,66,66,48,48,48,48,46,40,40,40,40,4,68,59,49,49,49,38,38,31,23,23,23,23,8,28,7,7,4,4],"gold":62,"neow_bonus":"REMOVE_TWO","is_daily":false,"chose_seed":false,"campfire_upgraded":6,"win_rate":0.0,"timestamp":1608348765,"path_taken":["M","?","$","?","M","R","E","?","T","R","M","E","M","?","R","BOSS","M","M","$","?","M","R","M","E","T","R","$","E","R","?","R","BOSS"],"items_purchased_type":["Card","Card","Relic","Relic"],"build_version":"2020-12-13","purchased_purges":1,"victory":false,"max_hp_per_floor":[68,68,68,68,68,68,68,68,68,68,68,68,68,68,68,68,68,68,68,68,68,68,68,68,68,68,68,68,68,68,68,68,68,68],"relic_stats":{"OrangePellets":[2],"counters":[16,68],"PreservedInsect":115,"Pen Nib":[1],"Art of War":[3],"Medical Kit":[1],"obtain_stats":[{"OrangePellets":28,"PreservedInsect":9,"WingedGreaves":25,"Pen Nib":29,"Art of War":7,"Bag of Marbles":12,"Cracked Core":0,"Medical Kit":20,"FrozenCore":17},{"OrangePellets":13,"PreservedInsect":4,"WingedGreaves":13,"Pen Nib":14,"Art of War":3,"Bag of Marbles":6,"Cracked Core":0,"Medical Kit":10,"FrozenCore":8},{"OrangePellets":48,"PreservedInsect":10,"WingedGreaves":48,"Pen Nib":56,"Art of War":8,"Bag of Marbles":15,"Cracked Core":0,"Medical Kit":32,"FrozenCore":26}],"FrozenCore":[12]},"card_choices":[{"not_picked":["Storm","Fusion","Rebound"],"picked":"SKIP","floor":1.0},{"not_picked":["Gash","Barrage"],"picked":"Skim","floor":5.0},{"not_picked":["Loop","Doom and Gloom","Chaos"],"picked":"SKIP","floor":7.0},{"not_picked":["Barrage","Sweeping Beam","Rebound"],"picked":"SKIP","floor":8.0},{"not_picked":["Rebound","Redo"],"picked":"Cold Snap","floor":11.0},{"not_picked":["Barrage","Hyperbeam"],"picked":"Turbo","floor":12.0},{"not_picked":["Compile Driver","Cold Snap"],"picked":"Ball Lightning","floor":13.0},{"not_picked":["Rainbow","Thunder Strike"],"picked":"Buffer","floor":16.0},{"not_picked":["Hello World","Melter","Turbo+1"],"picked":"SKIP","floor":18.0},{"not_picked":["Compile Driver","Storm","Rip and Tear+1"],"picked":"SKIP","floor":19.0},{"not_picked":["Leap","Blizzard"],"picked":"Heatsinks","floor":22},{"not_picked":["Rebound+1","All For One"],"picked":"Hologram+1","floor":24},{"not_picked":["Stack","Barrage"],"picked":"Coolheaded","floor":25},{"not_picked":["Lockon","Cold Snap+1"],"picked":"Recycle+1","floor":29},{"not_picked":["Compile Driver","Steam Power","Conserve Battery"],"picked":"SKIP","floor":31}],"player_experience":212030,"relics_obtained":[{"floor":7.0,"key":"Art of War"},{"floor":9.0,"key":"PreservedInsect"},{"floor":12.0,"key":"Bag of Marbles"},{"floor":25,"key":"WingedGreaves"},{"floor":29,"key":"Pen Nib"}],"event_choices":[{"damage_healed":0.0,"max_hp_gain":0.0,"max_hp_loss":0.0,"gold_gain":0.0,"event_name":"Liars Game","player_choice":"Ignored","floor":2.0,"gold_loss":0.0,"damage_taken":0.0},{"cards_removed":["Defend_B"],"damage_healed":0.0,"max_hp_gain":0.0,"max_hp_loss":0.0,"gold_gain":0.0,"event_name":"Bonfire Elementals","player_choice":"Offered Basic","floor":4.0,"gold_loss":0.0,"damage_taken":0.0},{"cards_removed":["Strike_B"],"damage_healed":0.0,"max_hp_gain":0.0,"max_hp_loss":0.0,"gold_gain":0.0,"event_name":"The Cleric","player_choice":"Card Removal","floor":14.0,"gold_loss":50.0,"damage_taken":0.0},{"damage_healed":0,"gold_gain":100,"player_choice":"Bet on Murderer","damage_taken":0,"max_hp_gain":0,"max_hp_loss":0,"event_name":"The Joust","floor":21,"gold_loss":50}],"is_beta":false,"boss_relics":[{"not_picked":["Ectoplasm","SlaversCollar"],"picked":"FrozenCore"}],"items_purged_floors":[3],"is_endless":false,"potions_floor_spawned":[1,7,11,12,16,19,29,31],"killed_by":"Champ","ascension_level":1}}