{"host":"2461dio7vetlq1z3","time":1608343621,"event":{"mods":["2.2 Compatiblity","AchievementEnabler","BaseMod","Better Third Choice","Hermit","Marisa????????","Minty Spire (QoL Compilation)","Relic Stats","Spicy Shops","StSLib","The Animator","Waifu the Spire"],"gold_per_floor":[116,131,148,164,181,181,210,222,222,222,254,274,274,285,285,285,285],"floor_reached":16,"playtime":597,"items_purged":[],"score":282,"play_id":"a33e5921-88ca-4901-950e-5a25209d8ec2","local_time":"20201219030701","is_ascension_mode":true,"campfire_choices":[{"data":"Immolate","floor":6,"key":"SMITH"},{"data":"Bash","floor":10,"key":"SMITH"},{"data":"Dropkick","floor":15,"key":"SMITH"}],"circlet_count":0,"master_deck":["AscendersBane","Strike_R","Strike_R","Strike_R","Strike_R","Defend_R","Defend_R","Defend_R","Defend_R","Bash+1","Immolate+1","Disarm","Second Wind","Evolve","Shrug It Off","Dual Wield","Dropkick+1","Sever Soul","Shrug It Off"],"relics":["Burning Blood","Anchor","Regal Pillow","Gambling Chip"],"acts_visited":["Exordium"],"potions_floor_usage":[4,11,16],"damage_taken":[{"damage":12,"enemies":"Jaw Worm","floor":1,"turns":3},{"damage":4,"enemies":"2 Louse","floor":2,"turns":3},{"damage":0,"enemies":"Cultist","floor":3,"turns":2},{"damage":0,"enemies":"Exordium Thugs","floor":4,"turns":1},{"damage":7,"enemies":"Looter","floor":5,"turns":4},{"damage":51,"enemies":"Lagavulin","floor":7,"turns":8},{"damage":0,"enemies":"Red Slaver","floor":8,"turns":3},{"damage":0,"enemies":"3 Sentries","floor":11,"turns":3},{"damage":19,"enemies":"Exordium Thugs","floor":12,"turns":6},{"damage":0,"enemies":"3 Louse","floor":14,"turns":2},{"damage":36,"enemies":"The Guardian","floor":16,"turns":5}],"seed_played":"7177690355390906561","potions_obtained":[{"floor":1,"key":"Fire Potion"},{"floor":2,"key":"LiquidBronze"},{"floor":5,"key":"SteroidPotion"},{"floor":11,"key":"Strength Potion"}],"is_trial":false,"path_per_floor":["M","M","M","M","M","R","E","M","T","R","E","M","?","M","R","B"],"character_chosen":"IRONCLAD","items_purchased":[],"campfire_rested":0,"item_purchase_floors":[],"current_hp_per_floor":[62,64,70,75,74,74,29,35,35,35,41,28,28,34,34,0,0],"gold":285,"neow_bonus":"ONE_RANDOM_RARE_CARD","is_daily":false,"chose_seed":false,"campfire_upgraded":3,"win_rate":0.0,"timestamp":1608343621,"path_taken":["M","M","M","M","M","R","E","M","T","R","E","M","?","M","R","BOSS"],"items_purchased_type":[],"build_version":"2020-12-13","purchased_purges":0,"victory":false,"max_hp_per_floor":[75,75,75,75,75,75,75,75,75,75,75,75,75,75,75,75,75],"relic_stats":{"Regal Pillow":0,"counters":[11,40],"Gambling Chip":[8],"obtain_stats":[{"Anchor":7,"Regal Pillow":9,"Gambling Chip":11,"Burning Blood":0},{"Anchor":6,"Regal Pillow":7,"Gambling Chip":8,"Burning Blood":0},{"Anchor":21,"Regal Pillow":24,"Gambling Chip":27,"Burning Blood":0}],"Burning Blood":59},"card_choices":[{"not_picked":["Warcry","Cleave"],"picked":"Disarm","floor":1},{"not_picked":["Whirlwind","Seeing Red"],"picked":"Second Wind","floor":2},{"not_picked":["Dual Wield","Heavy Blade"],"picked":"Evolve","floor":3},{"not_picked":["Headbutt","Warcry"],"picked":"Shrug It Off","floor":4},{"not_picked":["Sword Boomerang","Twin Strike"],"picked":"Dual Wield","floor":5},{"not_picked":["Infernal Blade","Clash"],"picked":"Dropkick","floor":7},{"not_picked":["Pommel Strike","Body Slam"],"picked":"Sever Soul","floor":8},{"not_picked":["Havoc","Bloodletting","Clothesline"],"picked":"SKIP","floor":11},{"not_picked":["Pommel Strike","Dual Wield"],"picked":"Shrug It Off","floor":12},{"not_picked":["Perfected Strike","Body Slam","Sword Boomerang"],"picked":"SKIP","floor":14}],"player_experience":895330,"relics_obtained":[{"floor":7,"key":"Anchor"},{"floor":9,"key":"Regal Pillow"},{"floor":11,"key":"Gambling Chip"}],"event_choices":[{"cards_removed":["Strike_R"],"damage_healed":0,"gold_gain":0,"player_choice":"Forget","damage_taken":0,"max_hp_gain":0,"max_hp_loss":0,"event_name":"Living Wall","floor":13,"gold_loss":0}],"is_beta":false,"boss_relics":[],"items_purged_floors":[],"is_endless":false,"potions_floor_spawned":[1,2,5,7,11,14],"killed_by":"The Guardian","ascension_level":20}}