{"host":"pew4fjlaqz7m1maf","time":1608379580,"event":{"mods":["AchievementEnabler","Bartender","BaseMod","Bestiary","Colored Map","Colored Powertips","DeckTracker","Duelist Mod","GifTheSpireLib","Hero for Fun","Hyrulean Relics","Jedi Mod","Kalas","LagranYue(ùfäiòNÅEåé)","Magitek Elite","MarisaÅiñ∂âJÅ@ñÇóùçπÅj","Minty Spire (QoL Compilation)","Prisma Mod","Quick Restart","Random Character Button","Rare Cards Sparkle","Relic Stats","Replay The Spire","SOSÅiézîb?îVéqÅj","StSLib","Steal the Spire","Td1madao Mod","The Animator","The Bug Knight","The Mystic","The Senshi","The Servant 0.9.4","The Wild Card","TheHero","Åyå˜î\ModÅz?ñæìIç≈?Boss"],"gold_per_floor":[141,141,141,88,103,131,131,149,149,175,194,239,264,282,282,385,385,400,400,400,200,203,214,219,97,97,97,73,73,33,33,33,118,118,123,96,84,82,357,357,356,341,341],"floor_reached":42,"playtime":3369,"items_purged":["theDuelist:VampireCurse"],"score":590,"play_id":"39e9fbf2-8cd5-43af-9820-35f91bd8f0c4","local_time":"20201219050620","is_ascension_mode":false,"campfire_choices":[{"data":"theDuelist:Freezadon","floor":7,"key":"SMITH"},{"data":"theDuelist:DragonPiper","floor":27,"key":"SMITH"},{"floor":32,"key":"REST"},{"floor":40,"key":"REST"}],"circlet_count":0,"master_deck":["theDuelist:Freezadon+1","theDuelist:InfernityDoomDragon","theDuelist:CyberDragonCore","theDuelist:BabyDragon","theDuelist:CurseAging","theDuelist:GaiaDragonChamp","theDuelist:HazyFlameHydra","theDuelist:DefenseDraw","theDuelist:YamataDragon","ReplayTheSpireMod:Splinters","theDuelist:DarkHorus","theDuelist:BlasterDragonInfernos","theDuelist:DeltaMagnet","theDuelist:BlackStego","theDuelist:CastleWalls","theDuelist:WaterDragon","theDuelist:LesserDragon","theDuelist:BSkullDragon","theDuelist:FiveHeaded","theDuelist:CastleWalls","theDuelist:CursedBill","theDuelist:DragonPiper+1","theDuelist:MagicSparks+1","theDuelist:Earthquake+1","theDuelist:DragonZombie","theDuelist:BusterDrake","theDuelist:BlackPtera","theDuelist:Freezadon","theDuelist:CoralDragon","theDuelist:GaiaDragonChamp","theDuelist:MagicSparks+1","theDuelist:Lancephorhynchus+1","theDuelist:Sabersaurus","theDuelist:PotGenerosity+1","theDuelist:MagicSparks+1","theDuelist:StampingDestruction+1","theDuelist:TailSwipe","Regret","Parasite","theDuelist:DestructPotion+1"],"relics":["theDuelist:MillenniumPuzzle","theDuelist:CardPoolRelic","theDuelist:CardPoolBasicRelic","theDuelist:BoosterPackPoolRelic","theDuelist:CardPoolAddRelic","theDuelist:CardPoolMinusRelic","theDuelist:CardPoolSaveRelic","theDuelist:CardPoolOptionsRelic","LagranYue:RandomDrawCardRelic","NeowsBlessing","Replay:WaspNest","Bottled Flame","theDuelist:MillenniumRing","Bottled Lightning","Pet Ghost","theDuelist:ElectricKey","Onion Ring","theDuelist:YugiMirror","LagranYue:SoulBurningRelic"],"acts_visited":["Exordium","TheCity","TheBeyond"],"potions_floor_usage":[16,16,16,24,30,33,41],"damage_taken":[{"damage":0,"enemies":"Small Slimes","floor":1,"turns":1},{"damage":0,"enemies":"Cultist","floor":5,"turns":1},{"damage":0,"enemies":"Gremlin Nob","floor":6,"turns":1},{"damage":3,"enemies":"2 Louse","floor":8,"turns":2},{"damage":24,"enemies":"3 Sentries","floor":10,"turns":5},{"damage":0,"enemies":"Exordium Thugs","floor":11,"turns":2},{"damage":18,"enemies":"Lagavulin","floor":13,"turns":4},{"damage":0,"enemies":"Looter","floor":14,"turns":1},{"damage":8,"enemies":"The Guardian","floor":16,"turns":8},{"damage":3,"enemies":"3 Byrds","floor":18,"turns":4},{"damage":0,"enemies":"Chosen","floor":22,"turns":1},{"damage":9,"enemies":"Book of Stabbing","floor":23,"turns":4},{"damage":28,"enemies":"Shelled Parasite and Fungi","floor":24,"turns":4},{"damage":14,"enemies":"Chosen and Byrds","floor":28,"turns":4},{"damage":21,"enemies":"Sentry and Sphere","floor":30,"turns":5},{"damage":43,"enemies":"Champ","floor":33,"turns":9},{"damage":45,"enemies":"Orb Walker","floor":35,"turns":5},{"damage":4,"enemies":"3 Shapes","floor":36,"turns":3},{"damage":13,"enemies":"Writhing Mass","floor":37,"turns":3},{"damage":25,"enemies":"3 Darklings","floor":38,"turns":3},{"damage":11,"enemies":"Writhing Mass","floor":41,"turns":4},{"damage":23,"enemies":"Jaw Worm Horde","floor":42,"turns":1}],"seed_played":"7171688474516841264","potions_obtained":[{"floor":1,"key":"SpeedPotion"},{"floor":8,"key":"Strength Potion"},{"floor":10,"key":"theDuelist:VampireVial"},{"floor":12,"key":"jedi:hoardpotion"},{"floor":16,"key":"theDuelist:TokenPotion"},{"floor":18,"key":"theDuelist:StunPotion"},{"floor":24,"key":"Dexterity Potion"},{"floor":38,"key":"theDuelist:ElectricBrew"},{"floor":41,"key":"theDuelist:SealedPackB"}],"is_trial":false,"path_per_floor":["M","?","?","$","M","E","R","M","T","E","M","?","E","M","R_BF","B",null,"M","?","?","?","M","E","M","$","T","R","M","?","M","T","R","B",null,"M","M","M","M","?","R","M","M"],"character_chosen":"THE_DUELIST","items_purchased":["theDuelist:DarkHorus","theDuelist:BlackPtera"],"campfire_rested":2,"item_purchase_floors":[4,25],"current_hp_per_floor":[80,80,80,80,80,80,80,77,77,53,53,53,35,35,35,38,80,77,89,89,89,89,80,52,52,52,52,38,38,17,17,44,1,92,47,43,30,5,5,31,21,0,0],"gold":341,"neow_bonus":"THREE_ENEMY_KILL","is_daily":false,"chose_seed":false,"campfire_upgraded":2,"win_rate":0.0,"timestamp":1608379580,"path_taken":["M","?","?","$","?","E","R","M","T","E","M","?","E","M","R_BF","BOSS","M","?","?","?","?","E","M","$","T","R","M","?","?","?","R","BOSS","M","M","M","M","?","R","?","M"],"items_purchased_type":["Card","Card"],"build_version":"2020-12-13","purchased_purges":1,"victory":false,"max_hp_per_floor":[80,80,80,80,80,80,80,80,80,80,80,80,80,80,80,80,80,80,92,92,92,92,92,92,92,92,92,92,92,92,92,92,92,92,92,92,92,92,92,92,94,94,94],"relic_stats":{"counters":[22,75],"obtain_stats":[{"LagranYue:RandomDrawCardRelic":0,"NeowsBlessing":0,"LagranYue:SoulBurningRelic":34,"Replay:WaspNest":6,"theDuelist:MillenniumPuzzle":0,"theDuelist:CardPoolSaveRelic":0,"Pet Ghost":13,"theDuelist:MillenniumRing":10,"theDuelist:BoosterPackPoolRelic":0,"theDuelist:CardPoolMinusRelic":0,"Bottled Flame":9,"theDuelist:YugiMirror":31,"theDuelist:CardPoolBasicRelic":0,"Onion Ring":23,"theDuelist:CardPoolAddRelic":0,"theDuelist:CardPoolOptionsRelic":0,"Bottled Lightning":12,"theDuelist:CardPoolRelic":0,"theDuelist:ElectricKey":17},{"LagranYue:RandomDrawCardRelic":0,"NeowsBlessing":0,"LagranYue:SoulBurningRelic":16,"Replay:WaspNest":3,"theDuelist:MillenniumPuzzle":0,"theDuelist:CardPoolSaveRelic":0,"Pet Ghost":7,"theDuelist:MillenniumRing":5,"theDuelist:BoosterPackPoolRelic":0,"theDuelist:CardPoolMinusRelic":0,"Bottled Flame":4,"theDuelist:YugiMirror":15,"theDuelist:CardPoolBasicRelic":0,"Onion Ring":12,"theDuelist:CardPoolAddRelic":0,"theDuelist:CardPoolOptionsRelic":0,"Bottled Lightning":6,"theDuelist:CardPoolRelic":0,"theDuelist:ElectricKey":9},{"LagranYue:RandomDrawCardRelic":0,"NeowsBlessing":0,"LagranYue:SoulBurningRelic":56,"Replay:WaspNest":3,"theDuelist:MillenniumPuzzle":0,"theDuelist:CardPoolSaveRelic":0,"Pet Ghost":16,"theDuelist:MillenniumRing":10,"theDuelist:BoosterPackPoolRelic":0,"theDuelist:CardPoolMinusRelic":0,"Bottled Flame":5,"theDuelist:YugiMirror":47,"theDuelist:CardPoolBasicRelic":0,"Onion Ring":34,"theDuelist:CardPoolAddRelic":0,"theDuelist:CardPoolOptionsRelic":0,"Bottled Lightning":12,"theDuelist:CardPoolRelic":0,"theDuelist:ElectricKey":25}]},"card_choices":[{"not_picked":["theDuelist:DarkDriceratops","theDuelist:CyberValley","theDuelist:BlackBrutdrago","theDuelist:ViceDragon"],"picked":"theDuelist:Earthquake","floor":1},{"not_picked":["theDuelist:Pyrorex","theDuelist:SafeZone","theDuelist:DarkHorus","theDuelist:RedEyes"],"picked":"theDuelist:Freezadon","floor":5},{"not_picked":["theDuelist:TwinHeadedFire","theDuelist:TwinBarrelDragon","theDuelist:Kabazauls","theDuelist:Destroyersaurus"],"picked":"theDuelist:BlackStego","floor":6},{"not_picked":["theDuelist:CyberDinosaur","theDuelist:Beatraptor","theDuelist:MoltenDestruction","theDuelist:Freezadon"],"picked":"theDuelist:InfernityDoomDragon","floor":8},{"not_picked":["theDuelist:Scapegoat","theDuelist:QueenDragunDjinn","theDuelist:Lancephorhynchus","theDuelist:ChimeratechOverdragon"],"picked":"theDuelist:BlasterDragonInfernos","floor":10},{"not_picked":["theDuelist:MirageDragon","theDuelist:CyberValley","theDuelist:SilverDragon","theDuelist:FiendSkull"],"picked":"theDuelist:HazyFlameHydra","floor":11},{"not_picked":["theDuelist:BusterBlader","theDuelist:Pyrorex","theDuelist:DefenseZone","theDuelist:Duoterion"],"picked":"theDuelist:DefenseDraw","floor":12},{"not_picked":["theDuelist:Vandalgyon","theDuelist:TotemDragon","theDuelist:MiraculousDescent","theDuelist:DragonRavine"],"picked":"SKIP","floor":13},{"not_picked":["theDuelist:BigFire","theDuelist:DarkCreator","theDuelist:HarpieFeather","theDuelist:Terraforming"],"picked":"theDuelist:DianKeto","floor":14},{"not_picked":["theDuelist:Earthquake","theDuelist:DragonShield","theDuelist:AncientRules","theDuelist:GoldSarcophagus"],"picked":"theDuelist:StampingDestruction","floor":18},{"not_picked":["theDuelist:TwinBarrelDragon+1","theDuelist:Pyrorex","theDuelist:Kabazauls","theDuelist:CurseDragon","theDuelist:MythicWaterDragon"],"picked":"SKIP","floor":22},{"not_picked":["theDuelist:SnowdustDragon","theDuelist:BSkullDragon"],"picked":"theDuelist:DragonZombie","floor":23},{"not_picked":["theDuelist:MaskedDragon","theDuelist:BusterBlader","theDuelist:CloudianGhost","theDuelist:AtomicScrapDragon"],"picked":"theDuelist:BusterDrake","floor":24},{"not_picked":["theDuelist:YamataDragon","theDuelist:ViceDragon","theDuelist:HazyFlameHydra+1","theDuelist:BlackTyranno"],"picked":"theDuelist:Freezadon","floor":28},{"not_picked":["theDuelist:TwinBarrelDragon","theDuelist:DarkDriceratops","theDuelist:RedRisingDragon","theDuelist:SuperancientDinobeast"],"picked":"theDuelist:CoralDragon","floor":30},{"not_picked":["theDuelist:QueenDragunDjinn","theDuelist:BusterBladerDDS","theDuelist:BSkullDragon","theDuelist:GravityLash"],"picked":"theDuelist:Lancephorhynchus+1","floor":33},{"not_picked":["theDuelist:MirageDragon+1","theDuelist:CurseDragon+1","theDuelist:BlackStego","theDuelist:BlackBrutdrago"],"picked":"theDuelist:Sabersaurus","floor":35},{"not_picked":["theDuelist:WhiteHowling+1","theDuelist:Vandalgyon+1","theDuelist:SystemDown","theDuelist:AutorokketDragon+1"],"picked":"SKIP","floor":36},{"not_picked":["theDuelist:BattleguardKing+1","theDuelist:BlockGolem","theDuelist:SlotMachine","theDuelist:TheCreator"],"picked":"theDuelist:PotGenerosity+1","floor":37},{"not_picked":["theDuelist:LesserDragon","theDuelist:CoralDragon+1","theDuelist:MirageDragon+1","theDuelist:CyberValley","theDuelist:ArmedDragon5"],"picked":"SKIP","floor":38},{"not_picked":["theDuelist:Hinotama","theDuelist:BlockGolem","theDuelist:BigEye","theDuelist:Terraforming"],"picked":"theDuelist:DestructPotion+1","floor":41}],"player_experience":41411,"relics_obtained":[{"floor":6,"key":"Replay:WaspNest"},{"floor":9,"key":"Bottled Flame"},{"floor":10,"key":"theDuelist:MillenniumRing"},{"floor":12,"key":"Bottled Lightning"},{"floor":13,"key":"Pet Ghost"},{"floor":23,"key":"Onion Ring"},{"floor":31,"key":"theDuelist:YugiMirror"}],"event_choices":[{"damage_healed":0,"gold_gain":0,"player_choice":"Delta Electro","duelist":true,"damage_taken":0,"max_hp_gain":0,"max_hp_loss":0,"event_name":"Egyptian Village","floor":2,"gold_loss":0,"cards_obtained":["Delta Electromagnet Warrior"]},{"cards_removed":["theDuelist:CaveDragon"],"damage_healed":0,"gold_gain":0,"player_choice":"Purged","damage_taken":0,"max_hp_gain":0,"max_hp_loss":0,"event_name":"Purifier","floor":3,"gold_loss":0},{"damage_healed":0,"gold_gain":0,"player_choice":"Break - +12 Max HP","duelist":true,"damage_taken":0,"max_hp_gain":0,"max_hp_loss":0,"event_name":"Tomb of the Nameless","floor":19,"gold_loss":0},{"damage_healed":0,"gold_gain":0,"player_choice":"Traded Lesser Dragon for Dragon Piper","duelist":true,"damage_taken":0,"max_hp_gain":0,"max_hp_loss":0,"event_name":"Card Trader","floor":20,"gold_loss":0},{"total_magic_score":55,"gold_gain":0,"greed_reward":2,"duelist":true,"damage_taken":0,"relics_obtained":[],"points":4,"max_hp_gain":0,"max_hp_loss":0,"spent_points":{"magic":0,"greed":2,"war":0,"power":2,"hunger":0},"event_name":"Nameless Tomb","floor":21,"gold_loss":0,"cards_obtained":["theDuelist:MagicSparks","theDuelist:MagicSparks"]},{"damage_healed":0,"gold_gain":0,"player_choice":"Copied","damage_taken":0,"max_hp_gain":0,"max_hp_loss":0,"event_name":"Duplicator","floor":29,"gold_loss":0,"cards_obtained":["theDuelist:MagicSparks"]},{"damage_healed":0,"gold_gain":275,"player_choice":"Desecrate","damage_taken":0,"max_hp_gain":0,"max_hp_loss":0,"event_name":"Golden Shrine","floor":39,"gold_loss":0,"cards_obtained":["Regret"]}],"is_beta":false,"boss_relics":[{"not_picked":["Replay:Drink Me","jedi:battlestandard"],"picked":"theDuelist:ElectricKey"},{"not_picked":["Cursed Key","Replay:Ancient Bell"],"picked":"LagranYue:SoulBurningRelic"}],"items_purged_floors":[25],"is_endless":false,"potions_floor_spawned":[1,8,10,16,18,24,38,41],"killed_by":"Jaw Worm Horde","ascension_level":0}}