{"host":"cvi30shpqg1ukvbr","time":1608347490,"event":{"mods":["Act Like it!","BaseMod","Better Altar","Better Match","Better Note","Better Sensory Stone","Better Skull","Better Third Choice","Conspire","GifTheSpireLib","Hubris","Infinite Spire","Minty Spire (QoL Compilation)","Relic Stats","Replay The Spire","Shop Mod","Spicy Shops","StSLib","Stuff the Spire"],"gold_per_floor":[118,393,408,26,36,66,66,96,123,158,176,176,186,204,204,306,306,321,281,281,281,19,46,63,63,112,112,127,153,171,184,184,283,283,300,316,316,316,72,72,99,99,125,152,152,180,180,195,195,195],"floor_reached":51,"playtime":2511,"items_purged":["Regret","Voices"],"score":1009,"play_id":"d05d0295-7d8f-4c0c-8c64-263da2b59610","local_time":"20201219121130","is_ascension_mode":true,"campfire_choices":[{"data":"Rage","floor":7.0,"key":"SMITH"},{"floor":12.0,"key":"REST"},{"data":"Combust","floor":15.0,"key":"SMITH"},{"data":"Inflame","floor":25.0,"key":"SMITH"},{"data":"Dark Embrace","floor":32.0,"key":"SMITH"},{"data":"Corruption","floor":40,"key":"SMITH"},{"data":"infinitespire:Starlight","floor":45,"key":"SMITH"},{"data":"Double Tap","floor":49,"key":"SMITH"}],"circlet_count":0,"master_deck":["Strike_R","Strike_R","Strike_R","Strike_R","Defend_R","Defend_R","Defend_R+1","Defend_R","Bash","Pommel Strike","Headbutt","Combust+1","Rage+1","Fire Breathing","Rampage+1","hubris:ReadiedAction","Shrug It Off","Shrug It Off","Berserk+1","Inflame+1","ReplayTheSpireMod:Stacked","Decay","True Grit","Dark Embrace+1","Flex+1","Feel No Pain+1","ReplayTheSpireMod:Strike From Hell+1","Twin Strike","StuffTheSpire:Incineration+1","Feed","StuffTheSpire:Pyroclast+1","Corruption+1","Abandon+1","infinitespire:Starlight+1","StuffTheSpire:Incineration+1","Disarm","Writhe","Double Tap+1"],"relics":["Burning Blood","Lantern","infinitespire:WardingShard","Medical Kit","Gremlin Food","Matryoshka","Iron Hammer","StuffTheSpire:Gunfinga","Self Forming Clay","hubris:Backtick","hubris:GlazedTorus","ReplayTheSpireMod:CursedCoin","Replay:Baseball","hubris:TenFootPole","conspire:BottledYoYo","Replay:Rubber Ducky","StuffTheSpire:Experiment12","StuffTheSpire:EmeraldSignet","Bottled Tornado","Replay:Bronze Core","Oddly Smooth Stone","Ring of Hypnosis","King of Hearts","Bag of Preparation","ReplayTheSpireMod:Spearhead","Juzu Bracelet","Boot"],"acts_visited":["Exordium","TheCity","TheBeyond"],"potions_floor_usage":[],"damage_taken":[{"damage":0.0,"enemies":"2 Louse","floor":1.0,"turns":2.0},{"damage":3.0,"enemies":"Cultist","floor":3.0,"turns":3.0},{"damage":0.0,"enemies":"Small Slimes","floor":5.0,"turns":2.0},{"damage":13.0,"enemies":"3 Sentries","floor":6.0,"turns":6.0},{"damage":35.0,"enemies":"Lagavulin","floor":8.0,"turns":6.0},{"damage":18.0,"enemies":"Gremlin Nob","floor":10.0,"turns":4.0},{"damage":2.0,"enemies":"2 Fungi Beasts","floor":11.0,"turns":3.0},{"damage":0.0,"enemies":"Looter","floor":13.0,"turns":2.0},{"damage":1.0,"enemies":"Gremlin Gang","floor":14.0,"turns":2.0},{"damage":30.0,"enemies":"Fading Forest","floor":16.0,"turns":11.0},{"damage":11.0,"enemies":"2 Thieves","floor":18.0,"turns":4.0},{"damage":13.0,"enemies":"Book of Stabbing","floor":23.0,"turns":5.0},{"damage":4.0,"enemies":"Shell Parasite","floor":24.0,"turns":5.0},{"damage":23.0,"enemies":"Snake Plant","floor":28.0,"turns":5.0},{"damage":0.0,"enemies":"Gremlin Leader","floor":29.0,"turns":6.0},{"damage":0.0,"enemies":"Centurion and Healer","floor":30.0,"turns":6.0},{"damage":16.0,"enemies":"Cultist and Chosen","floor":31.0,"turns":4.0},{"damage":8.0,"enemies":"conspire:MysteriousRune","floor":33.0,"turns":9.0},{"damage":0.0,"enemies":"3 Shapes","floor":35.0,"turns":4.0},{"damage":0.0,"enemies":"Orb Walker","floor":36.0,"turns":3.0},{"damage":29,"enemies":"Nemesis","floor":41,"turns":7},{"damage":0,"enemies":"R_Hoarder","floor":44,"turns":7},{"damage":1,"enemies":"Giant Head","floor":46,"turns":7},{"damage":0,"enemies":"Transient","floor":48,"turns":5},{"damage":74,"enemies":"Awakened One","floor":50,"turns":12}],"seed_played":"-4585513999016384110","potions_obtained":[{"floor":3.0,"key":"Reflective Coating"},{"floor":8.0,"key":"Fire Potion"},{"floor":10.0,"key":"BloodPotion"},{"floor":13.0,"key":"Adrenaline Potion"},{"floor":30.0,"key":"PowerPotion"},{"floor":35.0,"key":"ElixirPotion"}],"is_trial":false,"path_per_floor":["M","?","M","$","M","E","R","E","T","E","M","R","M","M","R","B",null,"M","?","?","?","$","E","M","R","T","T","M","E","M","M","R","B",null,"M","M","AVR","?","$","R","E","?","T","E","R","E","?","M","R","B",null],"character_chosen":"IRONCLAD","items_purchased":["infinitespire:WardingShard","Medical Kit","ReplayTheSpireMod:CursedCoin","True Grit","Replay:Baseball","hubris:TenFootPole","King of Hearts"],"campfire_rested":1,"item_purchase_floors":[4,4,22,22,22,22,39],"current_hp_per_floor":[80,80,80,80,80,73,73,44,44,32,36,60,66,71,71,47,80,75,75,75,75,75,68,70,70,70,70,55,61,67,57,57,55,80,84,84,84,84,84,84,61,51,51,72,72,81,84,84,84,34],"gold":195,"neow_bonus":"RANDOM_COMMON_RELIC","is_daily":false,"chose_seed":false,"campfire_upgraded":7,"win_rate":0.0,"timestamp":1608347490,"path_taken":["M","?","M","$","M","E","R","E","T","E","?","R","M","M","R","BOSS","M","?","?","?","$","E","M","R","T","?","M","E","M","M","R","BOSS","M","?","AVR","?","$","R","E","?","T","E","R","E","?","M","R","BOSS"],"items_purchased_type":["Relic","Relic","Relic","Card","Relic","Relic","Relic"],"build_version":"2020-12-13","purchased_purges":2,"victory":true,"max_hp_per_floor":[80,80,80,80,80,80,80,80,80,80,80,80,80,80,80,80,80,80,80,80,80,80,80,80,80,80,80,80,80,80,80,80,80,80,84,84,84,84,84,84,84,84,84,84,84,84,84,84,84,87],"relic_stats":{"counters":[25,130],"Self Forming Clay":[186],"Bag of Preparation":[8],"Juzu Bracelet":0,"Medical Kit":[7],"Boot":[4],"obtain_stats":[{"Lantern":0,"StuffTheSpire:EmeraldSignet":27,"King of Hearts":39,"Bag of Preparation":41,"Juzu Bracelet":44,"Bottled Tornado":29,"Boot":46,"Burning Blood":0,"Replay:Rubber Ducky":26,"StuffTheSpire:Experiment12":26,"StuffTheSpire:Gunfinga":9,"Matryoshka":8,"hubris:Backtick":17,"Replay:Bronze Core":34,"Iron Hammer":9,"hubris:GlazedTorus":17,"Gremlin Food":6,"Ring of Hypnosis":38,"Self Forming Clay":10,"ReplayTheSpireMod:CursedCoin":22,"Oddly Smooth Stone":37,"Medical Kit":4,"Replay:Baseball":22,"ReplayTheSpireMod:Spearhead":43,"infinitespire:WardingShard":4,"hubris:TenFootPole":22,"conspire:BottledYoYo":23},{"Lantern":0,"StuffTheSpire:EmeraldSignet":13,"King of Hearts":20,"Bag of Preparation":21,"Juzu Bracelet":22,"Bottled Tornado":15,"Boot":23,"Burning Blood":0,"Replay:Rubber Ducky":13,"StuffTheSpire:Experiment12":13,"StuffTheSpire:Gunfinga":5,"Matryoshka":5,"hubris:Backtick":10,"Replay:Bronze Core":18,"Iron Hammer":5,"hubris:GlazedTorus":10,"Gremlin Food":4,"Ring of Hypnosis":20,"Self Forming Clay":6,"ReplayTheSpireMod:CursedCoin":11,"Oddly Smooth Stone":20,"Medical Kit":2,"Replay:Baseball":11,"ReplayTheSpireMod:Spearhead":21,"infinitespire:WardingShard":2,"hubris:TenFootPole":11,"conspire:BottledYoYo":12},{"Lantern":0,"StuffTheSpire:EmeraldSignet":55,"King of Hearts":92,"Bag of Preparation":99,"Juzu Bracelet":106,"Bottled Tornado":66,"Boot":113,"Burning Blood":0,"Replay:Rubber Ducky":55,"StuffTheSpire:Experiment12":55,"StuffTheSpire:Gunfinga":19,"Matryoshka":19,"hubris:Backtick":41,"Replay:Bronze Core":85,"Iron Hammer":19,"hubris:GlazedTorus":41,"Gremlin Food":13,"Ring of Hypnosis":92,"Self Forming Clay":23,"ReplayTheSpireMod:CursedCoin":45,"Oddly Smooth Stone":92,"Medical Kit":5,"Replay:Baseball":45,"ReplayTheSpireMod:Spearhead":99,"infinitespire:WardingShard":5,"hubris:TenFootPole":45,"conspire:BottledYoYo":50}],"Burning Blood":117},"card_choices":[{"not_picked":["hubris:ReadiedAction","Clothesline"],"picked":"Pommel Strike","floor":1.0},{"not_picked":["hubris:ReadiedAction","Pummel"],"picked":"Headbutt","floor":3.0},{"not_picked":["ReplayTheSpireMod:Strike From Hell","conspire:Charge"],"picked":"Combust","floor":5.0},{"not_picked":["StuffTheSpire:BloodClot","Dark Embrace"],"picked":"Rage","floor":6.0},{"not_picked":["StuffTheSpire:Slingshot","Combust"],"picked":"Fire Breathing","floor":8.0},{"not_picked":["ReplayTheSpireMod:LeadingStrike","hubris:ReadiedAction"],"picked":"Rampage","floor":10.0},{"not_picked":["Anger","Iron Wave"],"picked":"hubris:ReadiedAction","floor":11.0},{"not_picked":["Run Through","Dual Wield"],"picked":"Shrug It Off","floor":13.0},{"not_picked":["ReplayTheSpireMod:Strike From Hell","Flex"],"picked":"Shrug It Off","floor":14.0},{"not_picked":["Exhume","Eclipse"],"picked":"Berserk","floor":16.0},{"not_picked":["StuffTheSpire:Incineration","Massacre+1"],"picked":"Inflame","floor":18.0},{"not_picked":["infinitespire:OneForAll","Demonic Infusion"],"picked":"Dark Embrace","floor":23.0},{"not_picked":["Rampage","hubris:SharpeningStone"],"picked":"Flex+1","floor":24.0},{"not_picked":["Entrench+1","StuffTheSpire:Incineration"],"picked":"Feel No Pain+1","floor":28.0},{"not_picked":["Wild Strike","Warcry"],"picked":"ReplayTheSpireMod:Strike From Hell+1","floor":29.0},{"not_picked":["Pommel Strike","Anger+1"],"picked":"Twin Strike","floor":30.0},{"not_picked":["Disarm","Armaments+1"],"picked":"StuffTheSpire:Incineration+1","floor":31.0},{"not_picked":["Eclipse","Exhume"],"picked":"Feed","floor":33.0},{"not_picked":["Seeing Red+1","Life Link+1"],"picked":"StuffTheSpire:Pyroclast+1","floor":35.0},{"not_picked":["Headbutt+1","Clothesline+1"],"picked":"Corruption","floor":36.0},{"not_picked":["Thunderclap","Sword Boomerang+1"],"picked":"Abandon+1","floor":41},{"not_picked":["infinitespire:Punishment","infinitespire:FutureSight"],"picked":"infinitespire:Starlight","floor":42},{"not_picked":["Perfected Strike","Wild Strike"],"picked":"StuffTheSpire:Incineration+1","floor":44},{"not_picked":["Bloodletting+1","Sever Soul+1"],"picked":"Disarm","floor":46},{"not_picked":["Seeing Red+1","Replay:Undeath\u0027s Touch+1"],"picked":"Double Tap","floor":48}],"player_experience":1757346,"relics_obtained":[{"floor":6.0,"key":"Gremlin Food"},{"floor":8.0,"key":"Matryoshka"},{"floor":9.0,"key":"Iron Hammer"},{"floor":9.0,"key":"StuffTheSpire:Gunfinga"},{"floor":10.0,"key":"Self Forming Clay"},{"floor":23.0,"key":"conspire:BottledYoYo"},{"floor":26.0,"key":"Replay:Rubber Ducky"},{"floor":26.0,"key":"StuffTheSpire:Experiment12"},{"floor":27.0,"key":"StuffTheSpire:EmeraldSignet"},{"floor":29.0,"key":"Bottled Tornado"},{"floor":38,"key":"Ring of Hypnosis"},{"floor":41,"key":"Bag of Preparation"},{"floor":43,"key":"ReplayTheSpireMod:Spearhead"},{"floor":44,"key":"Juzu Bracelet"},{"floor":46,"key":"Boot"}],"event_choices":[{"damage_healed":0.0,"max_hp_gain":0.0,"max_hp_loss":0.0,"gold_gain":275.0,"event_name":"Golden Shrine","player_choice":"Desecrate","floor":2.0,"gold_loss":0.0,"damage_taken":0.0,"cards_obtained":["Regret"]},{"damage_healed":0.0,"max_hp_gain":0.0,"max_hp_loss":0.0,"gold_gain":0.0,"event_name":"Designer","player_choice":"Upgrade","floor":19.0,"gold_loss":40.0,"damage_taken":0.0,"cards_upgraded":["Berserk"]},{"damage_healed":0.0,"max_hp_gain":0.0,"max_hp_loss":0.0,"gold_gain":0.0,"event_name":"Upgrade Shrine","player_choice":"Upgraded","floor":20.0,"gold_loss":0.0,"damage_taken":0.0,"cards_upgraded":["Rampage"]},{"damage_healed":0.0,"max_hp_gain":0.0,"max_hp_loss":0.0,"gold_gain":0.0,"cards_transformed":["Strike_R"],"event_name":"Transmorgrifier","player_choice":"Transformed","floor":21.0,"gold_loss":0.0,"damage_taken":0.0,"cards_obtained":["ReplayTheSpireMod:Stacked"]},{"damage_healed":21,"gold_gain":0,"player_choice":"Writhe","damage_taken":0,"max_hp_gain":0,"max_hp_loss":0,"event_name":"Winding Halls","floor":47,"gold_loss":0,"cards_obtained":["Writhe"]}],"is_beta":false,"boss_relics":[{"not_picked":["hubris:TerracottaHorce","conspire:SeveredTorchhead"],"picked":"hubris:Backtick"},{"not_picked":["hubris:GrandSneckoEye","Honey Jar"],"picked":"Replay:Bronze Core"}],"items_purged_floors":[22,39],"is_endless":false,"potions_floor_spawned":[3,8,10,13,18,28,30,31,35,36,48],"ascension_level":1}}