{"host":"9vk21r6l9dtkpvh9","time":1608354240,"event":{"mods":["2.2 Compatiblity","AchievementEnabler","Act Like it!","Astrologer","Bard","Bartender","BaseMod","Better Altar","Better Match","Better Note","Better Sensory Stone","Better Skull","Better Third Choice","BetterRewards","CapriCore","CatGirl Mod","Colored Map","Colored Powertips","Conspire","DeckTracker","Downfall","Energized Spire","Fiend Mod","Gensokyo","GifTheSpireLib","Hermit","Hubris","Infinite Spire","Jorbs\u0027s Wanderer Trilogy","Koishi","LagranYue(???·?)","Luminous","Mad Scientist","Marisa????????","Mimic Mod","Minty Spire (QoL Compilation)","Potionbrewer","Rare Cards Sparkle","Relic Stats","Replay The Spire","SOS???????","Shade Mod","Spicy Shops","StSLib","SuperFastMode","Td1madao Mod","The Animator","The Construct","The Forsaken","The Gatherer","The Hayseed","The Hierophant","The Immortal","The Jungle","The Mystic","The Necromancer","The Runesmith","The Senshi","The Servant 0.9.4","The Trickster","The Valiant","The Wild Card","TheBandit","TheSwordswoman","TheWitcher","WarShipGirlsR/????R mod","vexMod","???Mod??????Boss"],"gold_per_floor":[110,110,32,32,43,74,89,105,105,105,29,29,56,74,74,171,271,288,305,318,318,373,373,400,400,453,480,480,496,496,513,513,609,609,622,622,251,289,289,289,289],"floor_reached":40,"playtime":2342,"items_purged":["Strike_R","Strike_R"],"score":507,"play_id":"2b4b39f7-3f59-4d87-8f8d-4c6c8034bc0f","local_time":"20201219000400","is_ascension_mode":false,"campfire_choices":[{"data":"Bash","floor":10,"key":"SMITH"},{"data":"Sword Boomerang","floor":12,"key":"SMITH"},{"data":"Feel No Pain","floor":15,"key":"SMITH"},{"data":"Metallicize","floor":23,"key":"SMITH"},{"data":"Wild Strike","floor":25,"key":"SMITH"},{"data":"infinitespire:SevenWalls","floor":32,"key":"SMITH"}],"circlet_count":0,"master_deck":["Strike_R+1","Strike_R+1","Defend_R","Defend_R+1","Defend_R","Defend_R","Bash+1","Reaper","Sword Boomerang+1","Thunderclap","Shrug It Off","Feel No Pain+1","Shrug It Off","Offering","Double Tap","Heavy Blade+1","Metallicize+1","Armaments+1","Wild Strike+1","infinitespire:SevenWalls+1","Impervious","Spot Weakness","infinitespire:Collect","hubris:ReadiedAction","potionbrewer:FortifiedSerum+1"],"relics":["Burning Blood","LagranYue:RandomDrawCardRelic","infinitespire:Lychee Nut","Pet Ghost","Winged Necklace","Replay:Wanted Poster","Anchor","Mercury Hourglass","Boot","conspire:TopHat","hubris:BottledRain","conspire:SpecialSausage","Membership Card","PrismaticShard","Juzu Bracelet","hubris:SlimyHat"],"acts_visited":["Exordium","TheCity","TheBeyond"],"potions_floor_usage":[19,20,24,33],"damage_taken":[{"damage":4,"enemies":"2 Louse","floor":1,"turns":4},{"damage":6,"enemies":"Cultist","floor":5,"turns":3},{"damage":70,"enemies":"3 Sentries","floor":6,"turns":14},{"damage":0,"enemies":"Jaw Worm","floor":7,"turns":5},{"damage":0,"enemies":"Large Slime","floor":8,"turns":4},{"damage":33,"enemies":"Lagavulin","floor":13,"turns":8},{"damage":6,"enemies":"Gremlin Gang","floor":14,"turns":5},{"damage":27,"enemies":"The Guardian","floor":16,"turns":16},{"damage":22,"enemies":"2 Thieves","floor":18,"turns":4},{"damage":10,"enemies":"Shell Parasite","floor":19,"turns":4},{"damage":13,"enemies":"Snake Plant","floor":20,"turns":4},{"damage":52,"enemies":"Slavers","floor":24,"turns":10},{"damage":6,"enemies":"Replay:Snechameleon","floor":27,"turns":5},{"damage":7,"enemies":"Centurion and Healer","floor":29,"turns":5},{"damage":0,"enemies":"Chosen and Byrds","floor":31,"turns":4},{"damage":24,"enemies":"hubris:MusketHawk","floor":33,"turns":9},{"damage":6,"enemies":"3 Darklings","floor":35,"turns":6},{"damage":23,"enemies":"conspire:MimicChest","floor":38,"turns":9},{"damage":56,"enemies":"Nemesis","floor":40,"turns":4}],"seed_played":"-9154718843421304030","potions_obtained":[{"floor":5,"key":"FearPotion"},{"floor":8,"key":"infinitespire:BlackPotion"},{"floor":13,"key":"SkillPotion"},{"floor":19,"key":"SkillPotion"},{"floor":20,"key":"construct:ShiftPotion"},{"floor":24,"key":"FearPotion"},{"floor":33,"key":"potionbrewer:DiscountPotion"},{"floor":38,"key":"potionbrewer:ToxicPotion"}],"is_trial":false,"path_per_floor":["M","?","$","?","M","E","M","M","T","R","$","R","E","M","R","B",null,"M","M","M","?","T","R","E","R","T","E","AVR","M","?","M","R","B",null,"M","?","$","?","?","E"],"character_chosen":"IRONCLAD","items_purchased":["infinitespire:Lychee Nut","Feel No Pain","Membership Card","PrismaticShard","Juzu Bracelet","hubris:ReadiedAction"],"campfire_rested":0,"item_purchase_floors":[3,11,37,37,37,37],"current_hp_per_floor":[80,40,40,40,49,9,25,49,49,49,49,49,34,44,44,35,60,59,59,56,56,56,56,27,27,27,33,33,43,43,55,55,48,60,60,45,45,40,40,0,0],"gold":289,"neow_bonus":"ONE_RANDOM_RARE_CARD","is_daily":false,"chose_seed":false,"campfire_upgraded":6,"win_rate":0.0,"timestamp":1608354240,"path_taken":["M","?","?","?","M","E","?","M","T","R","$","R","E","M","R","BOSS","M","M","M","?","?","R","E","R","T","E","AVR","M","?","M","R","BOSS","M","?","$","?","?","E"],"items_purchased_type":["Relic","Card","Relic","Relic","Relic","Card"],"build_version":"2020-12-13","purchased_purges":2,"victory":false,"max_hp_per_floor":[80,80,60,60,60,60,60,60,60,60,60,60,60,60,60,60,60,60,60,60,60,60,60,60,60,60,60,60,60,60,60,60,60,60,60,60,60,60,60,60,60],"relic_stats":{"counters":[19,121],"Juzu Bracelet":1,"Boot":[97],"obtain_stats":[{"LagranYue:RandomDrawCardRelic":0,"conspire:SpecialSausage":34,"Juzu Bracelet":37,"hubris:SlimyHat":38,"Boot":26,"PrismaticShard":37,"Burning Blood":0,"Pet Ghost":6,"conspire:TopHat":27,"Mercury Hourglass":24,"Replay:Wanted Poster":17,"Winged Necklace":13,"Anchor":22,"infinitespire:Lychee Nut":3,"Membership Card":37,"hubris:BottledRain":28},{"LagranYue:RandomDrawCardRelic":0,"conspire:SpecialSausage":16,"Juzu Bracelet":17,"hubris:SlimyHat":18,"Boot":12,"PrismaticShard":17,"Burning Blood":0,"Pet Ghost":3,"conspire:TopHat":13,"Mercury Hourglass":12,"Replay:Wanted Poster":8,"Winged Necklace":6,"Anchor":11,"infinitespire:Lychee Nut":1,"Membership Card":17,"hubris:BottledRain":13},{"LagranYue:RandomDrawCardRelic":0,"conspire:SpecialSausage":102,"Juzu Bracelet":108,"hubris:SlimyHat":117,"Boot":81,"PrismaticShard":108,"Burning Blood":0,"Pet Ghost":21,"conspire:TopHat":86,"Mercury Hourglass":81,"Replay:Wanted Poster":59,"Winged Necklace":38,"Anchor":71,"infinitespire:Lychee Nut":4,"Membership Card":108,"hubris:BottledRain":86}],"Burning Blood":96,"Mercury Hourglass":[157]},"card_choices":[{"not_picked":["conspire:ExplosiveBarrier","hubris:ReadiedAction"],"picked":"Sword Boomerang","floor":1},{"not_picked":["Body Slam","hubris:ReadiedAction"],"picked":"Thunderclap","floor":5},{"not_picked":["Reckless Charge","Cleave"],"picked":"Shrug It Off","floor":6},{"not_picked":["Fire Breathing","Rampage","Abandon"],"picked":"SKIP","floor":7},{"not_picked":["Sword Boomerang","Rage","Reckless Charge"],"picked":"SKIP","floor":8},{"not_picked":["Pommel Strike","Life Link"],"picked":"Shrug It Off","floor":13},{"not_picked":["Body Slam","Battle Trance"],"picked":"Offering","floor":14},{"not_picked":["Eclipse","Replay:Many Hands"],"picked":"Double Tap","floor":16},{"not_picked":["Iron Wave","Abandon"],"picked":"Heavy Blade+1","floor":18},{"not_picked":["Headbutt","Run Through","Thunderclap"],"picked":"SKIP","floor":19},{"not_picked":["infinitespire:OneForAll+1","Evolve+1"],"picked":"Metallicize","floor":20},{"not_picked":["Iron Wave","Brutality"],"picked":"Wild Strike","floor":24},{"not_picked":["Sever Soul","hubris:CleavingFinish","Body Slam"],"picked":"SKIP","floor":27},{"not_picked":["Massacre","hubris:ReadiedAction+1","Armaments+1"],"picked":"SKIP","floor":29},{"not_picked":["Heavy Blade","Sword Boomerang","Cleave"],"picked":"SKIP","floor":31},{"not_picked":["Eclipse","Bludgeon"],"picked":"Impervious","floor":33},{"not_picked":["Armaments+1","Flame Barrier"],"picked":"Spot Weakness","floor":35},{"not_picked":["infinitespire:SevenWalls","Replay:Fractal Strike"],"picked":"infinitespire:Collect","floor":36},{"not_picked":["theTrickster:Repetition+1","animator:Hakurou+1"],"picked":"potionbrewer:FortifiedSerum+1","floor":38}],"player_experience":608299,"relics_obtained":[{"floor":6,"key":"Pet Ghost"},{"floor":13,"key":"Winged Necklace"},{"floor":22,"key":"Anchor"},{"floor":24,"key":"Mercury Hourglass"},{"floor":26,"key":"Boot"},{"floor":27,"key":"conspire:TopHat"},{"floor":38,"key":"hubris:SlimyHat"}],"event_choices":[{"damage_healed":0,"gold_gain":0,"player_choice":"UP UP UP ","damage_taken":46,"relics_obtained":[],"max_hp_gain":0,"max_hp_loss":0,"event_name":"betterSkull:BetterSkull","floor":2,"gold_loss":0,"cards_upgraded":["Strike_R","Strike_R","Defend_R"]},{"cards_removed":["Strike_R"],"damage_healed":0,"gold_gain":0,"player_choice":"Purged","damage_taken":0,"max_hp_gain":0,"max_hp_loss":0,"event_name":"Purifier","floor":4,"gold_loss":0},{"cards_removed":["Offering"],"damage_healed":0,"gold_gain":0,"player_choice":"Take \u0026 Give","damage_taken":0,"max_hp_gain":0,"max_hp_loss":0,"event_name":"betterNote:BetterNote","floor":21,"gold_loss":0,"cards_obtained":["Armaments"]},{"damage_healed":0,"gold_gain":0,"player_choice":"Ignored","damage_taken":0,"max_hp_gain":0,"max_hp_loss":0,"event_name":"Vampires","floor":30,"gold_loss":0}],"is_beta":false,"boss_relics":[{"not_picked":["vexMod:ImprovementManual","vexMod:MegatonBomb"],"picked":"Replay:Wanted Poster"},{"not_picked":["vexMod:RockOfEvil","Sozu"],"picked":"conspire:SpecialSausage"}],"items_purged_floors":[37,37],"is_endless":false,"potions_floor_spawned":[5,8,13,19,20,24,33,38],"killed_by":"Nemesis","ascension_level":0}}