{"host":"0cm5wy4nhuju7tij","time":1608370100,"event":{"mods":["2.2 Compatiblity","AchievementEnabler","BaseMod","Better Third Choice","BetterRewards","Colored Powertips","Curses Come First","Custom Start","Displayed Cursed Tome","Downfall","Energized Spire","Filter the Spire","Fireblade Mod","Highlight Path","Minty Spire (QoL Compilation)","Permanent Neow","Railgun Mod","Robot Space Explorer","Shop Mod","Spicy Shops","StSLib","The Mystic","The Servant 0.9.4"],"gold_per_floor":[111,123,134,151,161,161,180,214,214,214,214,214,15,28,28,127,127,143,161,176,176,191,224,224,224,224,253,277,320,14,14,14,113,113,129,144,196,73,123,140,172,67,67,67,86,86,86,101,101,101,101],"floor_reached":50,"playtime":3853,"items_purged":["RobotSpaceExplorer:Strike","RobotSpaceExplorer:Defend"],"score":541,"play_id":"23a4bcad-b8f8-4048-bb17-1d8c14f9419e","local_time":"20201219042820","is_ascension_mode":false,"campfire_choices":[{"data":"RobotSpaceExplorer:Electropulse","floor":6,"key":"SMITH"},{"floor":10,"key":"REST"},{"floor":12,"key":"REST"},{"floor":15,"key":"REST"},{"floor":24,"key":"REST"},{"floor":32,"key":"REST"},{"data":"RobotSpaceExplorer:Accelerator","floor":44,"key":"SMITH"},{"data":"RobotSpaceExplorer:ToxicBomb","floor":46,"key":"SMITH"},{"floor":49,"key":"REST"}],"circlet_count":0,"master_deck":["RobotSpaceExplorer:Strike","RobotSpaceExplorer:Strike","RobotSpaceExplorer:Defend","RobotSpaceExplorer:Scan","RobotSpaceExplorer:MiniLasers","RobotSpaceExplorer:GlueShot","RobotSpaceExplorer:Smokescreen","RobotSpaceExplorer:Electropulse+1","RobotSpaceExplorer:Pulsar","RobotSpaceExplorer:ScrapToss","RobotSpaceExplorer:Electroshield","RobotSpaceExplorer:Counterblock","RobotSpaceExplorer:Discharger+1","RobotSpaceExplorer:MetalStrike","RobotSpaceExplorer:GlueShot","RobotSpaceExplorer:Blaster+1","RobotSpaceExplorer:MiniDrones+1","RobotSpaceExplorer:FrostMissile+1","RobotSpaceExplorer:MiniBoosters+1","RobotSpaceExplorer:MiniDrones","RobotSpaceExplorer:Electroshield+1","RobotSpaceExplorer:SurgingShield","RobotSpaceExplorer:ImprovisedAttack","RobotSpaceExplorer:Jetpack","RobotSpaceExplorer:ChargingLaser+1","RobotSpaceExplorer:ToxicBomb+1","RobotSpaceExplorer:Accelerator+1","RobotSpaceExplorer:BigMissile+1","RobotSpaceExplorer:Smokescreen+1","RobotSpaceExplorer:TurboDodge+1","RobotSpaceExplorer:MiniDrones","RobotSpaceExplorer:StarDust+1","RobotSpaceExplorer:ScrapMissile+1","RobotSpaceExplorer:LuckyStrike+1","Clumsy","RobotSpaceExplorer:Counterblock","RobotSpaceExplorer:DoubleBlock+1","RobotSpaceExplorer:ScrapMissile+1"],"relics":["RobotSpaceExplorer:TurboCore","Boot","RobotSpaceExplorer:BottledGravity","Bronze Scales","RobotSpaceExplorer:SearchSpecs","Mummified Hand","MawBank","RobotSpaceExplorer:ClockworkSextant","Meat on the Bone","CaptainsWheel","TungstenRod","Pocketwatch","Whetstone","Kunai"],"acts_visited":["Exordium","TheCity","TheBeyond"],"potions_floor_usage":[41,41],"damage_taken":[{"damage":0,"enemies":"2 Louse","floor":1,"turns":2},{"damage":9,"enemies":"Cultist","floor":2,"turns":6},{"damage":0,"enemies":"Jaw Worm","floor":3,"turns":4},{"damage":4,"enemies":"Exordium Thugs","floor":4,"turns":4},{"damage":3,"enemies":"Blue Slaver","floor":5,"turns":4},{"damage":2,"enemies":"2 Fungi Beasts","floor":7,"turns":4},{"damage":53,"enemies":"Gremlin Nob","floor":8,"turns":6},{"damage":1,"enemies":"Exordium Thugs","floor":14,"turns":2},{"damage":11,"enemies":"Slime Boss","floor":16,"turns":7},{"damage":7,"enemies":"2 Thieves","floor":18,"turns":3},{"damage":12,"enemies":"Spheric Guardian","floor":19,"turns":4},{"damage":21,"enemies":"Snecko","floor":20,"turns":6},{"damage":5,"enemies":"Snake Plant","floor":22,"turns":4},{"damage":13,"enemies":"Book of Stabbing","floor":23,"turns":6},{"damage":6,"enemies":"Shelled Parasite and Fungi","floor":27,"turns":5},{"damage":0,"enemies":"3 Cultists","floor":28,"turns":4},{"damage":17,"enemies":"Slavers","floor":29,"turns":4},{"damage":26,"enemies":"Automaton","floor":33,"turns":11},{"damage":13,"enemies":"Orb Walker","floor":35,"turns":4},{"damage":4,"enemies":"3 Shapes","floor":36,"turns":4},{"damage":25,"enemies":"2 Orb Walkers","floor":37,"turns":3},{"damage":11,"enemies":"Mind Bloom Boss Battle","floor":39,"turns":7},{"damage":0,"enemies":"Spire Growth","floor":40,"turns":5},{"damage":54,"enemies":"Giant Head","floor":41,"turns":10},{"damage":0,"enemies":"Maw","floor":45,"turns":7},{"damage":20,"enemies":"Transient","floor":48,"turns":5},{"damage":68,"enemies":"Time Eater","floor":50,"turns":10}],"seed_played":"2414933313309693143","potions_obtained":[{"floor":1,"key":"Block Potion"},{"floor":4,"key":"SpeedPotion"},{"floor":7,"key":"SpeedPotion"},{"floor":8,"key":"Energy Potion"},{"floor":14,"key":"FairyPotion"}],"is_trial":false,"path_per_floor":["M","M","M","M","M","R","M","E","T","R","?","R","$","M","R","B",null,"M","M","M","?","M","E","R","?","T","M","M","E","$","?","R","B",null,"M","M","?","$","?","M","E","$","T","R","M","R","?","M","R","B"],"character_chosen":"RobotSpaceExplorer","items_purchased":["Bronze Scales","RobotSpaceExplorer:MetalStrike","Meat on the Bone","RobotSpaceExplorer:MiniDrones","Whetstone","RobotSpaceExplorer:Counterblock"],"campfire_rested":6,"item_purchase_floors":[13,13,30,38,42,42],"current_hp_per_floor":[75,66,66,62,59,59,57,4,4,26,26,48,48,47,69,58,75,68,56,35,35,30,17,39,39,39,33,33,16,16,16,38,24,75,62,58,45,45,46,46,34,34,34,34,46,46,46,38,60,0,0],"gold":101,"neow_bonus":"TRANSFORM_CARD","is_daily":false,"chose_seed":false,"campfire_upgraded":3,"win_rate":0.0,"timestamp":1608370100,"path_taken":["M","M","M","M","M","R","M","E","T","R","?","R","$","M","R","BOSS","M","M","M","?","M","E","R","?","T","?","M","E","$","?","R","BOSS","M","M","?","$","?","?","E","$","T","R","M","R","?","?","R","BOSS"],"items_purchased_type":["Relic","Card","Relic","Card","Relic","Card"],"build_version":"2020-12-13","purchased_purges":2,"victory":false,"max_hp_per_floor":[75,75,75,75,75,75,75,75,75,75,75,75,75,75,75,75,75,75,75,75,75,75,75,75,75,75,75,75,75,75,75,75,75,75,75,75,75,75,75,75,75,75,75,75,75,75,75,75,75,75,75],"card_choices":[{"not_picked":["RobotSpaceExplorer:Blitz","RobotSpaceExplorer:FranticSearch"],"picked":"RobotSpaceExplorer:Smokescreen","floor":1},{"not_picked":["RobotSpaceExplorer:SurgingShield","RobotSpaceExplorer:Calculate"],"picked":"RobotSpaceExplorer:Electropulse","floor":2},{"not_picked":["RobotSpaceExplorer:FranticSearch","RobotSpaceExplorer:FreezingShield"],"picked":"RobotSpaceExplorer:Pulsar","floor":3},{"not_picked":["RobotSpaceExplorer:GlueShot","RobotSpaceExplorer:ShovelStrike"],"picked":"RobotSpaceExplorer:ScrapToss","floor":4},{"not_picked":["RobotSpaceExplorer:MetalStrike","RobotSpaceExplorer:DualCore"],"picked":"RobotSpaceExplorer:Electroshield","floor":5},{"not_picked":["RobotSpaceExplorer:FreezingShield","RobotSpaceExplorer:Reload"],"picked":"RobotSpaceExplorer:Counterblock","floor":7},{"not_picked":["RobotSpaceExplorer:SlimeMissile","RobotSpaceExplorer:DoubleFind"],"picked":"RobotSpaceExplorer:Discharger","floor":8},{"not_picked":["RobotSpaceExplorer:MakeshiftVolley","RobotSpaceExplorer:FranticSearch"],"picked":"RobotSpaceExplorer:GlueShot","floor":14},{"not_picked":["RobotSpaceExplorer:Wormhole","RobotSpaceExplorer:DroneSwarm"],"picked":"RobotSpaceExplorer:Blaster","floor":16},{"not_picked":["RobotSpaceExplorer:Electroshield","RobotSpaceExplorer:ScrapShield"],"picked":"RobotSpaceExplorer:MiniDrones","floor":18},{"not_picked":["RobotSpaceExplorer:Smokescreen","RobotSpaceExplorer:ShovelStrike"],"picked":"RobotSpaceExplorer:FrostMissile+1","floor":19},{"not_picked":["RobotSpaceExplorer:Probe","RobotSpaceExplorer:ImprovisedAttack"],"picked":"RobotSpaceExplorer:MiniBoosters","floor":20},{"not_picked":["RobotSpaceExplorer:FrostMissile","RobotSpaceExplorer:GlueShot"],"picked":"RobotSpaceExplorer:MiniDrones","floor":22},{"not_picked":["RobotSpaceExplorer:Calculate","RobotSpaceExplorer:Pulsar"],"picked":"RobotSpaceExplorer:Electroshield+1","floor":23},{"not_picked":["RobotSpaceExplorer:Ammunition","RobotSpaceExplorer:GlueShot"],"picked":"RobotSpaceExplorer:SurgingShield","floor":27},{"not_picked":["RobotSpaceExplorer:SelfCleaning+1","RobotSpaceExplorer:ShovelStrike"],"picked":"RobotSpaceExplorer:ImprovisedAttack","floor":28},{"not_picked":["RobotSpaceExplorer:ExhaustFan","RobotSpaceExplorer:Pulsar"],"picked":"RobotSpaceExplorer:Jetpack","floor":29},{"not_picked":["RobotSpaceExplorer:DroneSwarm","RobotSpaceExplorer:Wormhole"],"picked":"RobotSpaceExplorer:Accelerator","floor":33},{"not_picked":["RobotSpaceExplorer:SlimeMissile","RobotSpaceExplorer:DualCore"],"picked":"RobotSpaceExplorer:BigMissile+1","floor":35},{"not_picked":["RobotSpaceExplorer:Blitz","RobotSpaceExplorer:Pulsar"],"picked":"RobotSpaceExplorer:Smokescreen+1","floor":36},{"not_picked":["RobotSpaceExplorer:GlueShot","RobotSpaceExplorer:Pulsar"],"picked":"RobotSpaceExplorer:TurboDodge+1","floor":37},{"not_picked":["RobotSpaceExplorer:GlueShot+1","RobotSpaceExplorer:Blitz+1"],"picked":"RobotSpaceExplorer:StarDust+1","floor":39},{"not_picked":["RobotSpaceExplorer:StarLightning","RobotSpaceExplorer:Ammunition"],"picked":"RobotSpaceExplorer:ScrapMissile+1","floor":40},{"not_picked":["RobotSpaceExplorer:FranticSearch","RobotSpaceExplorer:SwiftStep"],"picked":"RobotSpaceExplorer:LuckyStrike+1","floor":41},{"not_picked":["RobotSpaceExplorer:SlimeMissile+1","RobotSpaceExplorer:Smokescreen"],"picked":"RobotSpaceExplorer:DoubleBlock+1","floor":45},{"not_picked":["RobotSpaceExplorer:FreezingShield+1","RobotSpaceExplorer:SlimeMissile+1"],"picked":"RobotSpaceExplorer:ScrapMissile+1","floor":48}],"player_experience":240540,"relics_obtained":[{"floor":8,"key":"Boot"},{"floor":9,"key":"RobotSpaceExplorer:BottledGravity"},{"floor":23,"key":"Mummified Hand"},{"floor":26,"key":"MawBank"},{"floor":29,"key":"RobotSpaceExplorer:ClockworkSextant"},{"floor":37,"key":"CaptainsWheel"},{"floor":39,"key":"TungstenRod"},{"floor":41,"key":"Pocketwatch"},{"floor":43,"key":"Kunai"}],"event_choices":[{"damage_healed":0,"gold_gain":0,"player_choice":"Forge","damage_taken":0,"max_hp_gain":0,"max_hp_loss":0,"event_name":"Accursed Blacksmith","floor":11,"gold_loss":0,"cards_upgraded":["RobotSpaceExplorer:Discharger"]},{"damage_healed":0,"gold_gain":0,"player_choice":"Ignored","damage_taken":0,"max_hp_gain":0,"max_hp_loss":0,"event_name":"Ghosts","floor":21,"gold_loss":0},{"damage_healed":0,"gold_gain":0,"player_choice":"Upgraded","damage_taken":0,"max_hp_gain":0,"max_hp_loss":0,"event_name":"Upgrade Shrine","floor":25,"gold_loss":0,"cards_upgraded":["RobotSpaceExplorer:MiniBoosters"]},{"damage_healed":0,"gold_gain":0,"cards_transformed":["RobotSpaceExplorer:Strike","RobotSpaceExplorer:Defend"],"player_choice":"Became Test Subject","damage_taken":0,"max_hp_gain":0,"max_hp_loss":0,"event_name":"Drug Dealer","floor":31,"gold_loss":0,"cards_obtained":["RobotSpaceExplorer:ChargingLaser","RobotSpaceExplorer:ToxicBomb"]},{"damage_healed":0,"gold_gain":0,"player_choice":"Fight","damage_taken":0,"max_hp_gain":0,"max_hp_loss":0,"event_name":"Mysterious Sphere","floor":37,"gold_loss":0},{"damage_healed":0,"gold_gain":0,"player_choice":"Fight","damage_taken":0,"max_hp_gain":0,"max_hp_loss":0,"event_name":"MindBloom","floor":39,"gold_loss":0},{"damage_healed":0,"gold_gain":0,"player_choice":"Upgraded","damage_taken":0,"max_hp_gain":0,"max_hp_loss":0,"event_name":"Upgrade Shrine","floor":47,"gold_loss":0,"cards_upgraded":["RobotSpaceExplorer:Blaster"]}],"is_beta":false,"boss_relics":[{"not_picked":["Busted Crown","Black Star"],"picked":"RobotSpaceExplorer:SearchSpecs"},{"not_picked":["Coffee Dripper","SlaversCollar"],"picked":"RobotSpaceExplorer:TurboCore"}],"items_purged_floors":[30,38],"is_endless":false,"potions_floor_spawned":[1,4,7,8,14,18,28,29,35,39,41],"killed_by":"Time Eater","ascension_level":0}}