{"host":"h792lphzw6wlba86","time":1608351680,"event":{"mods":["AchievementEnabler","Aspiration","BaseMod","Better Altar","Better Match","Better Note","Better Sensory Stone","Better Skull","Better Third Choice","BetterRewards","CCEM","Colored Map","Conspire","Downfall","GifTheSpireLib","Googly Eyes","Halation","Highlight Path","Hubris","Hunter ??","Jedi Mod","Mimic Mod","Minty Spire (QoL Compilation)","Permanent Neow","Replay The Spire","Shop Mod","Spicy Shops","StSLib","Stuff the Spire","The Jungle","Unceasing Turn Reminder","everything is the same but u backflip on backflip","slay the spire mod where everything is the same but ironclad has a cowboy hat"],"gold_per_floor":[99,135,60,95,110,110,136,167,179,104,123,123,142,142,158,270,270,270,131,131,172,192,192,218,255,255,255,272,294,314,333,356,362,362],"floor_reached":33,"playtime":2240,"items_purged":["hexamod:Defend"],"score":327,"play_id":"6be82572-1322-4a54-8371-75f58605de64","local_time":"20201218222120","is_ascension_mode":true,"campfire_choices":[{"floor":1,"key":"RECALL"},{"floor":3,"key":"DIG"},{"floor":6,"key":"REST"},{"floor":10,"key":"REST"},{"floor":18,"key":"DIG"},{"floor":20,"key":"DIG"},{"floor":27,"key":"REST"}],"circlet_count":0,"master_deck":["hexamod:Strike+1","hexamod:Strike+1","hexamod:Strike+1","hexamod:Defend","hexamod:Defend","hexamod:Defend+1","hexamod:Sear+1","hexamod:Float+1","hexamod:SpectersWail+1","hexamod:SixthSeal","hexamod:Hexaguard+1","hexamod:SpectersWail+1","hexamod:WildfireWeapon+1","hexamod:SoulSteal+1","Pot Of Greed","Pot Of Greed+1","hexamod:Haunt","hexamod:RecurringNightmare+1","hexamod:GhostflameBarrier+1","hexamod:ExtraCrispy","hexamod:PhantomCloak"],"relics":["Black Star","Shovel","downfall:HeartBlessingRed","Replay:Mystery Machine","hubris:Spice","CCEMRelics:Sandal","halation:IllGainedPizza","downfall:HeartBlessingBlue","Grinning Jar","ReplayTheSpireMod:Lightbulb","downfall:RedIOU","jedi:archwizardhat"],"acts_visited":["Exordium","TheCity"],"potions_floor_usage":[16,21,25,25,28],"damage_taken":[{"damage":9,"enemies":"conspire:MimicChest","floor":2,"turns":5},{"damage":44,"enemies":"Lagavulin","floor":4,"turns":7},{"damage":0,"enemies":"Cultist","floor":5,"turns":3},{"damage":32,"enemies":"3 Sentries","floor":8,"turns":6},{"damage":2,"enemies":"2 Louse","floor":9,"turns":3},{"damage":0,"enemies":"Small Slimes","floor":11,"turns":2},{"damage":0,"enemies":"Blue Slaver","floor":13,"turns":3},{"damage":5,"enemies":"Exordium Thugs","floor":15,"turns":3},{"damage":21,"enemies":"downfall:Watcher","floor":16,"turns":13},{"damage":0,"enemies":"downfall:FleeingMerchant","floor":19,"turns":4},{"damage":52,"enemies":"Slavers","floor":21,"turns":3},{"damage":2,"enemies":"Chosen","floor":22,"turns":3},{"damage":27,"enemies":"Gremlin Leader","floor":25,"turns":3},{"damage":1,"enemies":"Shell Parasite","floor":28,"turns":4},{"damage":0,"enemies":"3 Cultists","floor":29,"turns":3},{"damage":4,"enemies":"Snake Plant","floor":30,"turns":4},{"damage":14,"enemies":"Shelled Parasite and Fungi","floor":31,"turns":4},{"damage":0,"enemies":"3 Cultists","floor":32,"turns":3},{"damage":15,"enemies":"downfall:Ironclad","floor":33,"turns":5}],"seed_played":"5245768108716477533","potions_obtained":[{"floor":4,"key":"Dexterity Potion"},{"floor":8,"key":"FearPotion"},{"floor":11,"key":"sneckomod:MuddlingPotion"},{"floor":13,"key":"PowerPotion"},{"floor":22,"key":"PowerPotion"},{"floor":25,"key":"SpeedPotion"},{"floor":28,"key":"SpeedPotion"},{"floor":31,"key":"Ancient Potion"}],"is_trial":false,"path_per_floor":["R","?","R","E","M","R","T","E","M","R","M","?","M","?","M","B",null,"R","$","R","E","M","?","T","E","?","R","M","M","M","M","M","B"],"character_chosen":"THE_SPIRIT","items_purchased":["hexamod:SoulSteal+1"],"campfire_rested":3,"item_purchase_floors":[19],"current_hp_per_floor":[70,61,61,25,25,48,48,16,14,50,50,50,50,79,74,53,96,88,88,88,36,34,34,34,7,7,28,27,27,23,9,9,0,0],"gold":362,"neow_bonus":"BOSS_RELIC","is_daily":false,"chose_seed":false,"campfire_upgraded":0,"win_rate":0.0,"timestamp":1608351680,"path_taken":["R","?","R","E","?","R","T","E","M","R","?","?","M","?","M","BOSS","R","$","R","E","M","?","T","E","?","R","?","M","M","M","M","BOSS"],"items_purchased_type":["Card"],"build_version":"2020-12-13","purchased_purges":1,"victory":false,"max_hp_per_floor":[70,70,70,78,78,78,78,78,78,88,88,88,88,88,88,88,96,88,88,88,88,88,88,80,72,72,72,72,72,72,72,72,72,72],"card_choices":[{"not_picked":["hexamod:GhostLash","hexamod:RainOfEmbers"],"picked":"hexamod:SpectersWail","floor":2},{"not_picked":["hexamod:GhostflameInferno","hexamod:SwordOfDarkness"],"picked":"hexamod:SixthSeal","floor":4},{"not_picked":["hexamod:RainOfEmbers","hexamod:ShieldOfDarkness","hexamod:FastForward"],"picked":"SKIP","floor":5},{"not_picked":["hexamod:SpectersWail","hexamod:BacktrackSmack"],"picked":"hexamod:Hexaguard","floor":8},{"not_picked":["hexamod:ShieldOfDarkness","hexamod:HexaLevel"],"picked":"hexamod:SpectersWail","floor":9},{"not_picked":["hexamod:RetreatToShadows","hexamod:RadiantFlame","hexamod:BacktrackSmack"],"picked":"SKIP","floor":11},{"not_picked":["hexamod:HeatCrush","hexamod:NecessarySacrifice","hexamod:GhostShield"],"picked":"SKIP","floor":13},{"not_picked":["hexamod:ChargedBarrage","hexamod:SpectersWail","hexamod:GhostLash"],"picked":"SKIP","floor":15},{"not_picked":["hexamod:CrushingStance","hexamod:SixthSeal"],"picked":"hexamod:WildfireWeapon","floor":16},{"not_picked":["hexamod:BacktrackSmack","hexamod:NightmareGuise","hexamod:ApocalypticArmor"],"picked":"SKIP","floor":19},{"not_picked":["hexamod:NightmareStrike","hexamod:ChargedBarrage"],"picked":"hexamod:Haunt","floor":21},{"not_picked":["hexamod:AdvancingGuard+1","hexamod:RainOfEmbers","hubris:SpiceAddiction"],"picked":"SKIP","floor":22},{"not_picked":["hexamod:FlamesFromBeyond","hexamod:GhostOfSpirePresent","hexamod:NightmareGuise"],"picked":"SKIP","floor":25},{"not_picked":["hexamod:GhostShield","hexamod:Haunt"],"picked":"hexamod:RecurringNightmare+1","floor":28},{"not_picked":["hexamod:TimeOfNeed","hexamod:DynamicBlow"],"picked":"hexamod:GhostflameBarrier+1","floor":29},{"not_picked":["hexamod:RainOfEmbers","hexamod:PhantomFireball+1","hexamod:GhostShield"],"picked":"SKIP","floor":30},{"not_picked":["hexamod:BacktrackSmack","hexamod:NightmareStrike"],"picked":"hexamod:ExtraCrispy","floor":31},{"not_picked":["hexamod:EmpoweredFlame","hexamod:InspiringFlames"],"picked":"hexamod:PhantomCloak","floor":32}],"player_experience":641107,"relics_obtained":[{"floor":2,"key":"Shovel"},{"floor":3,"key":"Replay:Mystery Machine"},{"floor":4,"key":"hubris:Spice"},{"floor":8,"key":"CCEMRelics:Sandal"},{"floor":8,"key":"halation:IllGainedPizza"},{"floor":18,"key":"hubris:Spice"},{"floor":20,"key":"Grinning Jar"},{"floor":21,"key":"ReplayTheSpireMod:Lightbulb"},{"floor":21,"key":"Tiny Chest"},{"floor":24,"key":"hubris:Spice"},{"floor":25,"key":"jedi:archwizardhat"},{"floor":25,"key":"hubris:Spice"}],"event_choices":[{"damage_healed":29,"gold_gain":0,"player_choice":"Banana","damage_taken":0,"max_hp_gain":0,"max_hp_loss":0,"event_name":"Big Fish","floor":14,"gold_loss":0}],"is_beta":false,"boss_relics":[{"not_picked":["Runic Pyramid","hubris:Spice"],"picked":"hubris:Spice"}],"items_purged_floors":[19],"is_endless":false,"potions_floor_spawned":[4,8,11,13,15,22,25,28,31],"killed_by":"downfall:Ironclad","ascension_level":2}}