{"host":"sst22apzgpn07t8v","time":1608384424,"event":{"mods":["Act Like it!","BaseMod","Downfall","Hallownest","HololiveMod","KinomotoSakuraMod(ñÿîVñ{?)","Lobotomy","LobotomyExtend","Minty Spire (QoL Compilation)","Prisma Mod","Replay The Spire","Shop Mod","StSLib","[IsaacMod]à»éTêÎìÉ"],"gold_per_floor":[100,134,134,134,166,166,189,189,289,322,332,79,79,96,111,212,312,312,252,270,270,283,283,283,283,316,316,316,316],"floor_reached":28,"playtime":1248,"items_purged":[],"score":340,"play_id":"6b84e723-d0c3-4aae-b74e-762935893744","local_time":"20201219212704","is_ascension_mode":true,"campfire_choices":[],"circlet_count":0,"master_deck":["LongBird","SpecialBullet","SpecialBullet","SpecialBullet","SpecialBullet","SpecialBullet","SpecialBullet","SpecialBullet","SpecialBullet","DoctorFetus+1","SecurityCode","RecordCode","ExtractionCode","OldLady","Justitia+1","PunishingBird","Amita","Lamp+4","RapturousDream+1","Scorched","Gaze+1","SomewhereSpear+1","DespairKnight","DaCapo+1","RapturousDream+1","Tough+1","WristCuter+1","InTheNameOfLoveAndHate+1","ParadiseLost+1","Woodsman","TheSmile+1","Diffraction+1","SomewhereSpear+1","BlueStar","SolemnVow+1","Beak+1","ControlCode","Diffraction+1","InTheNameOfLoveAndHate+1","Harvest+1","InformationCode"],"relics":["CogitoBucket","HushsDoor","downfall:HeartsMalice","Bottled Lightning","LetterFromLob","Ancient Tea Set","Replay:Wax Seal","Ginger","PunchingBag","MerchantsRug","Toolbox","Justitia_r","Replay:Wanted Poster","TreeSap","Eternal Feather","Bag of Preparation"],"acts_visited":["Exordium","TheCity"],"potions_floor_usage":[],"damage_taken":[{"damage":0,"enemies":"Lagavulin","floor":2,"turns":1},{"damage":0,"enemies":"Small Slimes","floor":4,"turns":1},{"damage":0,"enemies":"Gremlin Nob","floor":5,"turns":1},{"damage":20,"enemies":"3 Sentries","floor":10,"turns":3},{"damage":1,"enemies":"Cultist","floor":11,"turns":2},{"damage":2,"enemies":"downfall:FleeingMerchant","floor":12,"turns":4},{"damage":15,"enemies":"Jaw Worm","floor":14,"turns":2},{"damage":1,"enemies":"Red Slaver","floor":15,"turns":2},{"damage":66,"enemies":"downfall:Silent","floor":16,"turns":5},{"damage":0,"enemies":"Spheric Guardian","floor":20,"turns":1},{"damage":31,"enemies":"Snake Plant","floor":22,"turns":2},{"damage":41,"enemies":"Replay:Snechameleon","floor":26,"turns":3},{"damage":101,"enemies":"Snecko","floor":28,"turns":2}],"seed_played":"3172806521618724028","potions_obtained":[{"floor":3,"key":"DistilledChaos"},{"floor":3,"key":"LiquidMemories"},{"floor":3,"key":"Block Potion"}],"is_trial":false,"path_per_floor":["R","E","?","M","E","R","T","R","?","E","M","$","?","M","M","B",null,"R","?","M","?","M","?","T","R","E","R","M"],"character_chosen":"Angela","items_purchased":["MerchantsRug","Toolbox"],"campfire_rested":0,"item_purchase_floors":[12,12],"current_hp_per_floor":[70,70,70,70,70,70,70,70,70,58,68,70,70,70,70,20,70,70,70,70,70,61,61,61,70,49,70,0,0],"gold":316,"neow_bonus":"THREE_ENEMY_KILL","is_daily":false,"chose_seed":false,"campfire_upgraded":0,"win_rate":0.0,"timestamp":1608384424,"path_taken":["R","E","?","?","E","R","T","R","?","E","?","?","?","M","M","BOSS","R","?","M","?","M","?","T","R","E","R","?"],"items_purchased_type":["Relic","Relic"],"build_version":"2020-12-13","purchased_purges":0,"victory":false,"max_hp_per_floor":[70,70,70,70,70,70,70,70,70,70,70,70,70,70,70,70,70,70,70,70,70,70,70,70,70,70,70,70,70],"card_choices":[{"not_picked":[],"picked":"DoctorFetus","floor":0},{"not_picked":["MeatLantern","VoidDream"],"picked":"OldLady","floor":2},{"not_picked":["Regret_ego","Spore"],"picked":"Justitia","floor":2},{"not_picked":["Noise","SwordSharpenedByTears","CUTE"],"picked":"SKIP","floor":4},{"not_picked":["Yin","Scarecrow"],"picked":"PunishingBird","floor":5},{"not_picked":["FourthMatchFlame","CherryBlossom"],"picked":"Amita","floor":5},{"not_picked":["SomewhereSpear+1","BlueScar+1"],"picked":"Lamp+1","floor":9},{"not_picked":["Penitence+1","ScreamingWedge+1"],"picked":"RapturousDream+1","floor":10},{"not_picked":["QueenOfHatred","UniverseFragment"],"picked":"Scorched","floor":10},{"not_picked":["Horn+1","Lantern+1"],"picked":"Gaze+1","floor":10},{"not_picked":["Loneliness+1","CUTE+1"],"picked":"SomewhereSpear+1","floor":11},{"not_picked":["MeltingLove","Wellcheers","Murderer"],"picked":"Singing Bowl","floor":11},{"not_picked":["RedEyes+1","Discord+1","Beak+1"],"picked":"SKIP","floor":11},{"not_picked":["Wellcheers","Yin","BeautyBeast"],"picked":"Singing Bowl","floor":12},{"not_picked":["CherryBlossoms","BeautyBeast"],"picked":"DespairKnight","floor":12},{"not_picked":["BloodyDesire+1","Harmony+1"],"picked":"DaCapo+1","floor":12},{"not_picked":["Soda+1","Noise+1"],"picked":"RapturousDream+1","floor":12},{"not_picked":["SpiderBud","MHz"],"picked":"LongBird","floor":14},{"not_picked":["InTheNameOfLoveAndHate+1","TodaysExpression+1"],"picked":"Tough+1","floor":14},{"not_picked":["BlueScar+1","Penitence+1","Horn+1"],"picked":"SKIP","floor":14},{"not_picked":["CUTE+1","Spore+1"],"picked":"WristCuter+1","floor":15},{"not_picked":["Murderer","Rudolta","CherryBlossoms"],"picked":"Singing Bowl","floor":15},{"not_picked":["Penitence+1","Beak+1"],"picked":"InTheNameOfLoveAndHate+1","floor":15},{"not_picked":["Justitia+1","Pinks+1"],"picked":"ParadiseLost+1","floor":16},{"not_picked":["LittlePrince","Wellcheers","WallGazer"],"picked":"Singing Bowl","floor":16},{"not_picked":["HeroicMonk","FairyFestival"],"picked":"Woodsman","floor":16},{"not_picked":["Pinks+1","Mimicry+1"],"picked":"TheSmile+1","floor":16},{"not_picked":["CherryBlossom+1","Horn+1"],"picked":"Beak+1","floor":20},{"not_picked":["CherryBlossoms","VoidDream","Wellcheers"],"picked":"Singing Bowl","floor":20},{"not_picked":["Hornet+1","SomewhereSpear+1"],"picked":"Diffraction+1","floor":20},{"not_picked":["FeatherOfHonor+1","RedEyes+1"],"picked":"SomewhereSpear+1","floor":22},{"not_picked":["Variant","SingingMachine"],"picked":"BlueStar","floor":22},{"not_picked":["Regret_ego+1","RedEyes+1"],"picked":"SolemnVow+1","floor":22},{"not_picked":["RapturousDream+1","Lantern+1"],"picked":"Beak+1","floor":22},{"not_picked":["BloodyDesire+1","Lantern+1"],"picked":"Diffraction+1","floor":26},{"not_picked":["FairyFestival","Laetitia","BeautyBeast"],"picked":"Singing Bowl","floor":26},{"not_picked":["ScreamingWedge+1","Horn+1"],"picked":"InTheNameOfLoveAndHate+1","floor":26},{"not_picked":["LifeForTheDareDevil+1","Penitence+1"],"picked":"Harvest+1","floor":26}],"player_experience":177923,"relics_obtained":[{"floor":2,"key":"Bottled Lightning"},{"floor":2,"key":"LetterFromLob"},{"floor":5,"key":"Ancient Tea Set"},{"floor":7,"key":"Replay:Wax Seal"},{"floor":10,"key":"Ginger"},{"floor":24,"key":"Eternal Feather"},{"floor":26,"key":"Bag of Preparation"}],"event_choices":[{"damage_healed":0,"gold_gain":0,"player_choice":"Got Potions","damage_taken":0,"max_hp_gain":0,"max_hp_loss":0,"event_name":"Lab","floor":3,"gold_loss":0},{"cards_removed":["Beak"],"damage_healed":0,"gold_gain":0,"player_choice":"Elegance","damage_taken":0,"max_hp_gain":0,"max_hp_loss":0,"event_name":"Back to Basics","floor":23,"gold_loss":0}],"is_beta":false,"boss_relics":[{"not_picked":["Cursed Key","Replay:Drink Me"],"picked":"Replay:Wanted Poster"},{"not_picked":[]}],"items_purged_floors":[],"is_endless":false,"potions_floor_spawned":[],"killed_by":"Snecko","ascension_level":1}}