{"host":"bnl7o5cb2omwu7ka","time":1608367443,"event":{"mods":["AchievementEnabler","BaseMod","BetterRewards","Block Reminder","Colored Map","Colored Powertips","Conspire","Defective Defect","Downfall","Duelist Mod","Energized Spire","Googly Eyes","Highlight Path","Infinite Spire","Ironclad Rager","Jedi Mod","Mimic Mod","Minty Spire (QoL Compilation)","Permanent Neow","Quick Restart","Rare Cards Sparkle","Replay The Spire","Spikes Relics","StSLib","The IronCluck","egg","everything is the same but u backflip on backflip","slay the spire mod where everything is the same but ironclad has a cowboy hat"],"gold_per_floor":[135,151,165,184,58,58,72,87,87,106,119,52,52,71,71,174,174,192,182,200,76,91,91,91],"floor_reached":23,"playtime":4535,"items_purged":["theDuelist:CheerfulCoffin"],"score":191,"play_id":"7a899507-6fc7-42aa-8ff6-a243f4605a7e","local_time":"20201219034403","is_ascension_mode":false,"campfire_choices":[{"data":"theDuelist:LegendaryOcean","floor":6,"key":"SMITH"},{"floor":15,"key":"REST"}],"circlet_count":0,"master_deck":["theDuelist:SevenColoredFish","theDuelist:SevenColoredFish","theDuelist:AquaSpirit","conspire:GhostlyDefend","theDuelist:IslandTurtle","theDuelist:IslandTurtle","theDuelist:RevivalJam","conspire:GhostlyStrike","conspire:GhostlyStrike","theDuelist:BlizzardThunderbird","theDuelist:GishkiBeast","theDuelist:SwampFrog","theDuelist:GiantRedSeasnake","theDuelist:IslandTurtle","theDuelist:LegendaryOcean+1","theDuelist:ToadallyAwesome","theDuelist:EvigishkiTetrogre","theDuelist:Skystarray","theDuelist:KoakiMeiruIce","theDuelist:FishborgLauncher","theDuelist:GamecieltheSeaTurtleKaiju","theDuelist:Boneheimer","theDuelist:HydraViper","theDuelist:Cryomancer","theDuelist:RageDeepSea","theDuelist:BubbleBringer"],"relics":["theDuelist:MillenniumPuzzle","theDuelist:CardPoolRelic","theDuelist:CardPoolBasicRelic","theDuelist:BoosterPackPoolRelic","theDuelist:CardPoolAddRelic","theDuelist:CardPoolMinusRelic","theDuelist:CardPoolSaveRelic","theDuelist:CardPoolOptionsRelic","infinitespire:Broken Mirror","energizedSpire:DeadBattery"],"acts_visited":["Exordium","TheCity"],"potions_floor_usage":[],"damage_taken":[{"damage":1,"enemies":"Jaw Worm","floor":1,"turns":3},{"damage":1,"enemies":"Small Slimes","floor":2,"turns":4},{"damage":0,"enemies":"Cultist","floor":3,"turns":4},{"damage":0,"enemies":"Blue Slaver","floor":4,"turns":4},{"damage":4,"enemies":"3 Louse","floor":7,"turns":5},{"damage":16,"enemies":"Exordium Thugs","floor":8,"turns":6},{"damage":7,"enemies":"Red Slaver","floor":10,"turns":3},{"damage":5,"enemies":"Blue Slaver","floor":11,"turns":2},{"damage":12,"enemies":"3 Louse","floor":14,"turns":4},{"damage":45,"enemies":"The Guardian","floor":16,"turns":14},{"damage":0,"enemies":"Chosen","floor":18,"turns":4},{"damage":21,"enemies":"2 Thieves","floor":19,"turns":4},{"damage":15,"enemies":"Snecko","floor":20,"turns":6},{"damage":14,"enemies":"Centurion and Healer","floor":22,"turns":8},{"damage":37,"enemies":"Gremlin Leader","floor":23,"turns":5}],"seed_played":"-6784988548555892624","potions_obtained":[{"floor":1,"key":"theDuelist:WhiteBottle"},{"floor":2,"key":"theDuelist:DebuffArmorPotion"},{"floor":11,"key":"jedi:tentaclejuice"},{"floor":20,"key":"theDuelist:BurningPotion"}],"is_trial":false,"path_per_floor":["M","M","M","M","$","R","M","M","T","M","M","$","?","M","R","B",null,"M","M","M","$","M","E"],"character_chosen":"THE_DUELIST","items_purchased":["theDuelist:IslandTurtle","theDuelist:LegendaryOcean","theDuelist:FishborgLauncher","theDuelist:RageDeepSea"],"campfire_rested":1,"item_purchase_floors":[5,5,12,21],"current_hp_per_floor":[79,78,78,78,78,78,74,58,58,51,46,46,46,34,58,13,80,80,59,44,44,30,0,0],"gold":91,"neow_bonus":"TRANSFORM_CARD","is_daily":false,"chose_seed":false,"campfire_upgraded":1,"win_rate":0.0,"timestamp":1608367443,"path_taken":["M","M","M","M","$","R","M","M","T","M","M","$","?","M","R","BOSS","M","M","M","$","M","E"],"items_purchased_type":["Card","Card","Card","Card"],"build_version":"2020-12-13","purchased_purges":1,"victory":false,"max_hp_per_floor":[80,80,80,80,80,80,80,80,80,80,80,80,80,80,80,80,80,80,80,80,80,80,80,80],"card_choices":[{"not_picked":["theDuelist:Dorover","theDuelist:ImperialCustom","theDuelist:NaturiaCliff","theDuelist:SummoningSwarm"],"picked":"theDuelist:BlizzardThunderbird","floor":1},{"not_picked":["theDuelist:GraydleSlimeJr","theDuelist:AquaSpirit","theDuelist:AbyssWarrior","theDuelist:FuryFire"],"picked":"theDuelist:GishkiBeast","floor":2},{"not_picked":["theDuelist:CatShark","theDuelist:BoulderTortoise","theDuelist:GoldenFlyingFish","theDuelist:Dorover"],"picked":"theDuelist:SwampFrog","floor":3},{"not_picked":["theDuelist:NaturiaEggplant","theDuelist:NaturiaDragonfly","theDuelist:BoulderTortoise","theDuelist:AbyssWarrior"],"picked":"theDuelist:GiantRedSeasnake","floor":4},{"not_picked":["theDuelist:NaturiaLeodrake","theDuelist:NimbleAngler","theDuelist:LegendaryOcean"],"picked":"theDuelist:ToadallyAwesome","floor":7},{"not_picked":["theDuelist:GishkiAvance","theDuelist:NaturiaSunflower","theDuelist:SevenColoredFish","theDuelist:WaterHazard"],"picked":"theDuelist:EvigishkiTetrogre","floor":8},{"not_picked":["theDuelist:GemKnightAmethyst","theDuelist:AbyssWarrior","theDuelist:OldWhiteTurtle","theDuelist:AbyssDweller"],"picked":"theDuelist:Skystarray","floor":10},{"not_picked":["theDuelist:CatShark","theDuelist:AtlanteanHeavyInfantry","theDuelist:SeedSacredTree","theDuelist:SpikedGillman"],"picked":"theDuelist:KoakiMeiruIce","floor":11},{"not_picked":["theDuelist:NaturalDisaster","theDuelist:NaturiaSacredTree","theDuelist:SharkStickers","theDuelist:CyberShark"],"picked":"SKIP","floor":14},{"not_picked":["theDuelist:NaturiaBarkion","theDuelist:HuntingInstinct","theDuelist:LostBlueBreaker","theDuelist:EvigishkiSoulOgre"],"picked":"theDuelist:GamecieltheSeaTurtleKaiju","floor":16},{"not_picked":["theDuelist:NaturiaAntjaw","theDuelist:NaturiaMantis+1","theDuelist:SummoningSwarm","theDuelist:Dewdark"],"picked":"theDuelist:Boneheimer","floor":18},{"not_picked":["theDuelist:GraydleSlime","theDuelist:NaturiaRagweed","theDuelist:FishSwaps","theDuelist:NaturiaEggplant"],"picked":"theDuelist:HydraViper","floor":19},{"not_picked":["theDuelist:HydraViper","theDuelist:Boneheimer","theDuelist:RevivalJam","theDuelist:EnchantingMermaid"],"picked":"theDuelist:Cryomancer","floor":20},{"not_picked":["theDuelist:SurvivalInstinct","theDuelist:NatureReflection","theDuelist:AcidTrapHole","theDuelist:FishRain"],"picked":"theDuelist:BubbleBringer","floor":22}],"player_experience":451654,"relics_obtained":[{"floor":9,"key":"infinitespire:Broken Mirror"}],"event_choices":[{"damage_healed":0,"gold_gain":0,"player_choice":"Agree","damage_taken":0,"max_hp_gain":0,"max_hp_loss":0,"event_name":"conspire:LoneGhost","floor":13,"gold_loss":0}],"is_beta":false,"boss_relics":[{"not_picked":["theDuelist:ElectricKey","Kintsugi"],"picked":"energizedSpire:DeadBattery"}],"items_purged_floors":[21],"is_endless":false,"potions_floor_spawned":[1,2,11,14,18,20],"killed_by":"Gremlin Leader","ascension_level":0}}