{"host":"ormi09wwzv7sq47a","time":1608418609,"event":{"mods":["2.2 Compatiblity","AchievementEnabler","Act Like it!","BaseMod","Bestiary","Better Note","Better Sensory Stone","Better Skull","Better Vampires","Colored Map","Colored Powertips","Curses Come First","DeckTracker","Downfall","Highlight Path","Minty Spire (QoL Compilation)","Permanent Neow","Quick Restart","Rare Cards Sparkle","Relic Stats","Shop Mod","StSLib","The Jungle"],"gold_per_floor":[99,111,111,111,130,161,187,204,154,180,195,210,49,67,85,85,85],"floor_reached":16,"playtime":778,"items_purged":[],"score":160,"play_id":"50dce18c-f465-40e7-9254-f1475182a943","local_time":"20201219205649","is_ascension_mode":true,"campfire_choices":[{"data":"Slimebound:Split","floor":1,"key":"SMITH"},{"data":"Slimebound:HauntingLick","floor":3,"key":"SMITH"},{"data":"Slimebound:CorrosiveSpit","floor":9,"key":"SMITH"}],"circlet_count":0,"master_deck":["Slimebound:Strike_Slimebound","Slimebound:Strike_Slimebound","Slimebound:Strike_Slimebound","Slimebound:Defend_Slimebound","Slimebound:Defend_Slimebound","Slimebound:Defend_Slimebound","Slimebound:Defend_Slimebound","Slimebound:Split+1","Slimebound:CorrosiveSpit+1","Slimebound:HauntingLick+1","Slimebound:LeechEnergy","Slimebound:SlimeSpikes","Slimebound:Teamwork","Slimebound:SamplingLick","Slimebound:Schlurp","Slimebound:Prepare","Slimebound:SlimeBarrage","Slimebound:RejuvenatingLick","Slimebound:AcidTongue"],"relics":["Slimebound:AbsorbEndCombat","Slimebound:GreedOozeRelic","Toy Ornithopter","Oddly Smooth Stone","CaptainsWheel","Medical Kit"],"acts_visited":["Exordium"],"potions_floor_usage":[6,10,12],"damage_taken":[{"damage":10,"enemies":"Jaw Worm","floor":2,"turns":4},{"damage":11,"enemies":"Small Slimes","floor":5,"turns":3},{"damage":33,"enemies":"Lagavulin","floor":6,"turns":5},{"damage":8,"enemies":"2 Louse","floor":8,"turns":3},{"damage":14,"enemies":"3 Sentries","floor":10,"turns":6},{"damage":0,"enemies":"Lots of Slimes","floor":11,"turns":3},{"damage":0,"enemies":"2 Fungi Beasts","floor":12,"turns":2},{"damage":8,"enemies":"downfall:FleeingMerchant","floor":13,"turns":4},{"damage":15,"enemies":"3 Louse","floor":14,"turns":2},{"damage":18,"enemies":"Exordium Thugs","floor":15,"turns":3},{"damage":78,"enemies":"downfall:Defect","floor":16,"turns":6}],"seed_played":"4617649527371469859","potions_obtained":[{"floor":5,"key":"SkillPotion"},{"floor":8,"key":"Slimebound:SlimyTonguePotion"},{"floor":11,"key":"Slimebound:SlimedPotion"},{"floor":14,"key":"SteroidPotion"},{"floor":15,"key":"Ancient Potion"}],"is_trial":false,"path_per_floor":["R","M","R","?","M","E","T","M","R","E","M","M","$","M","M","B"],"character_chosen":"SLIMEBOUND","items_purchased":["Medical Kit"],"campfire_rested":0,"item_purchase_floors":[13],"current_hp_per_floor":[54,58,58,58,59,39,39,43,43,50,56,60,60,53,51,0,0],"gold":85,"neow_bonus":"REMOVE_CARD","is_daily":false,"chose_seed":false,"campfire_upgraded":3,"win_rate":0.0,"timestamp":1608418609,"path_taken":["R","M","R","?","M","E","T","M","R","E","M","M","$","M","M","BOSS"],"items_purchased_type":["Relic"],"build_version":"2020-12-13","purchased_purges":0,"victory":false,"max_hp_per_floor":[60,60,60,60,60,60,60,60,60,60,60,60,60,60,60,60,60],"relic_stats":{"counters":[11,38],"Medical Kit":[0],"obtain_stats":[{"Slimebound:GreedOozeRelic":4,"CaptainsWheel":10,"Oddly Smooth Stone":7,"Slimebound:AbsorbEndCombat":0,"Medical Kit":13,"Toy Ornithopter":6},{"Slimebound:GreedOozeRelic":1,"CaptainsWheel":5,"Oddly Smooth Stone":3,"Slimebound:AbsorbEndCombat":0,"Medical Kit":8,"Toy Ornithopter":3},{"Slimebound:GreedOozeRelic":4,"CaptainsWheel":20,"Oddly Smooth Stone":12,"Slimebound:AbsorbEndCombat":0,"Medical Kit":28,"Toy Ornithopter":12}],"Toy Ornithopter":9},"card_choices":[{"not_picked":["Slimebound:RollThrough","Slimebound:SplitLeeching"],"picked":"Slimebound:HauntingLick","floor":2},{"not_picked":["Slimebound:FinishingTackle","Slimebound:GoopSpray"],"picked":"Slimebound:LeechEnergy","floor":5},{"not_picked":["Slimebound:DisruptingSlam","Slimebound:SplitMire"],"picked":"Slimebound:SlimeSpikes","floor":6},{"not_picked":["Slimebound:SamplingLick","Slimebound:LeechEnergy"],"picked":"Slimebound:Teamwork","floor":8},{"not_picked":["Slimebound:BestDefense","Slimebound:PressTheAttack"],"picked":"Slimebound:SamplingLick","floor":10},{"not_picked":["Slimebound:SamplingLick","Slimebound:SplitBruiser"],"picked":"Slimebound:Schlurp","floor":11},{"not_picked":["Slimebound:RollThrough","Slimebound:Nibble"],"picked":"Slimebound:Prepare","floor":12},{"not_picked":["Slimebound:RollThrough","Slimebound:Schlurp"],"picked":"Slimebound:SlimeBarrage","floor":13},{"not_picked":["Slimebound:SplitAcid","Slimebound:FinishingTackle"],"picked":"Slimebound:RejuvenatingLick","floor":14},{"not_picked":["Slimebound:RejuvenatingLick","Slimebound:SamplingLick"],"picked":"Slimebound:AcidTongue","floor":15}],"player_experience":707436,"relics_obtained":[{"floor":6,"key":"Toy Ornithopter"},{"floor":7,"key":"Oddly Smooth Stone"},{"floor":10,"key":"CaptainsWheel"}],"event_choices":[],"is_beta":false,"boss_relics":[],"items_purged_floors":[],"is_endless":false,"potions_floor_spawned":[5,8,11,14,15],"killed_by":"downfall:Defect","ascension_level":8}}