{"host":"g1na4j704t0qpw5f","time":1608400982,"event":{"mods":["AchievementEnabler","BaseMod","Card Forge","Colored Powertips","Custom Start","Googly Eyes","Highlight Path","Minty Spire (QoL Compilation)","StSLib"],"gold_per_floor":[114,125,49191,49191,49131,49131,48471,48497,48523,48523,48537,48537,48563,48577,48577,48651,48651,48664,48128,48139,48139,48139,48165,48165,47067,47091,47108,47123,47151,46668,46679,46679,46756,46756,46768,46780,46295,46306,46319,46348,46348,45199,45199,45229,45254,45254,45294,45294,45294,45294],"floor_reached":51,"playtime":2357,"items_purged":[],"score":2392,"play_id":"4a41fd3e-4409-4154-9712-5a05b2659971","local_time":"20201219130302","is_ascension_mode":true,"campfire_choices":[{"data":"Defragment","floor":6,"key":"SMITH"},{"data":"Redo","floor":12,"key":"SMITH"},{"data":"Rainbow","floor":15,"key":"SMITH"},{"data":"Madness","floor":24,"key":"SMITH"},{"data":"Defragment","floor":32,"key":"SMITH"},{"data":"Fission","floor":41,"key":"SMITH"},{"floor":46,"key":"DIG"},{"floor":49,"key":"DIG"}],"circlet_count":0,"master_deck":["AscendersBane","Zap+1","Dualcast+1","Blizzard+1","Capacitor+1","Chill+1","Coolheaded+1","Defragment+1","Glacier+1","Redo+1","Seek+1","Capacitor+1","Chill+1","Cold Snap+1","Coolheaded+1","Defragment+1","Consume+1","Glacier+1","Redo+1","Defragment+1","Chaos+1","Barrage","Madness+1","Glacier+1","Rainbow+1","Blizzard+1","Redo+1","Chill","Coolheaded","Core Surge","Biased Cognition","Self Repair","Secret Technique+1","Glacier","Defragment+1","Fission+1","Coolheaded","Hologram+1","Coolheaded","Double Energy+1","Apotheosis+1","Multi-Cast+1","Defragment","Redo+1"],"relics":["Hammer of Thor","Seething Fire","Anvil of the Gods","SacredBark","FrozenCore","Inserter","Sling","Lizard Tail","HornCleat","DollysMirror","Oddly Smooth Stone","Strawberry","Letter Opener","Art of War","Sundial","Black Star","Anchor","Lantern","OrangePellets","MutagenicStrength","Vajra","Mercury Hourglass","Torii","Unceasing Top","Orrery","Bag of Preparation","Akabeko","Incense Burner","War Paint","Toolbox","Pen Nib","Busted Crown","Dream Catcher","Potion Belt","Lee\u0027s Waffle","Toxic Egg 2","Centennial Puzzle","Medical Kit","Question Card","Ice Cream","InkBottle","Juzu Bracelet","Eternal Feather","Shovel","CeramicFish","MealTicket","Orichalcum","Bottled Flame"],"acts_visited":["Exordium","TheCity","TheBeyond"],"potions_floor_usage":[50,50,50],"damage_taken":[{"damage":0,"enemies":"Jaw Worm","floor":1,"turns":4},{"damage":0,"enemies":"Small Slimes","floor":2,"turns":3},{"damage":0,"enemies":"3 Sentries","floor":8,"turns":4},{"damage":0,"enemies":"2 Louse","floor":11,"turns":2},{"damage":0,"enemies":"Gremlin Nob","floor":13,"turns":4},{"damage":0,"enemies":"Blue Slaver","floor":14,"turns":4},{"damage":0,"enemies":"Slime Boss","floor":16,"turns":5},{"damage":3,"enemies":"Shell Parasite","floor":18,"turns":5},{"damage":4,"enemies":"2 Thieves","floor":20,"turns":3},{"damage":0,"enemies":"Slavers","floor":23,"turns":6},{"damage":0,"enemies":"Snecko","floor":27,"turns":5},{"damage":0,"enemies":"Centurion and Healer","floor":28,"turns":6},{"damage":0,"enemies":"Gremlin Leader","floor":29,"turns":4},{"damage":0,"enemies":"Snake Plant","floor":31,"turns":3},{"damage":0,"enemies":"Automaton","floor":33,"turns":6},{"damage":0,"enemies":"Orb Walker","floor":35,"turns":5},{"damage":0,"enemies":"3 Darklings","floor":36,"turns":2},{"damage":0,"enemies":"Spire Growth","floor":38,"turns":4},{"damage":0,"enemies":"Writhing Mass","floor":39,"turns":5},{"damage":0,"enemies":"Giant Head","floor":40,"turns":6},{"damage":0,"enemies":"Reptomancer","floor":44,"turns":4},{"damage":0,"enemies":"Mind Bloom Boss Battle","floor":45,"turns":3},{"damage":0,"enemies":"Giant Head","floor":47,"turns":6},{"damage":0,"enemies":"Awakened One","floor":50,"turns":7}],"seed_played":"5325522190968516097","potions_obtained":[{"floor":1,"key":"PowerPotion"},{"floor":2,"key":"LiquidMemories"},{"floor":39,"key":"Swift Potion"},{"floor":45,"key":"Fire Potion"}],"is_trial":false,"path_per_floor":["M","M","$","?","?","R","$","E","T","?","M","R","E","M","R","B",null,"M","$","M","?","?","E","R","$","T","M","M","E","$","M","R","B",null,"M","M","$","M","M","E","R","$","T","E","?","R","E","?","R","B",null],"character_chosen":"DEFECT","items_purchased":["Sling","Lizard Tail","HornCleat","Barrage","Madness","DollysMirror","Oddly Smooth Stone","Strawberry","Rainbow","Anchor","Lantern","OrangePellets","Chill","Torii","Unceasing Top","Orrery","Self Repair","Secret Technique","War Paint","Toolbox","Pen Nib","Dream Catcher","Potion Belt","Lee\u0027s Waffle","Apotheosis+1","Multi-Cast+1","Defragment","Medical Kit","Question Card","Ice Cream"],"campfire_rested":0,"item_purchase_floors":[3,3,3,3,3,7,7,7,7,19,19,19,19,25,25,25,25,25,30,30,30,37,37,37,42,42,42,42,42,42],"current_hp_per_floor":[64,64,64,64,64,64,71,71,71,71,71,71,71,71,71,71,76,73,73,69,47,47,47,47,47,47,54,61,61,61,61,61,68,79,83,83,90,90,90,90,90,90,90,90,90,90,90,85,85,85],"gold":45294,"neow_bonus":"BOSS_RELIC","is_daily":false,"chose_seed":false,"campfire_upgraded":6,"win_rate":0.0,"timestamp":1608400982,"path_taken":["M","M","$","?","?","R","$","E","T","?","M","R","E","M","R","BOSS","M","$","M","?","?","E","R","$","T","M","M","E","$","M","R","BOSS","M","M","$","M","M","E","R","$","T","E","?","R","E","?","R","BOSS"],"items_purchased_type":["Relic","Relic","Relic","Card","Card","Relic","Relic","Relic","Card","Relic","Relic","Relic","Card","Relic","Relic","Relic","Card","Card","Relic","Relic","Relic","Relic","Relic","Relic","Card","Card","Card","Relic","Relic","Relic"],"build_version":"2020-12-13","purchased_purges":0,"victory":true,"max_hp_per_floor":[71,71,71,71,71,71,78,78,78,78,78,78,78,78,78,78,78,78,78,78,83,83,83,83,83,83,83,83,83,83,83,83,83,83,83,83,90,90,90,90,90,90,90,90,90,90,90,85,85,85],"card_choices":[{"not_picked":["Aggregate","Heatsinks"],"picked":"Defragment","floor":1},{"not_picked":["Conserve Battery","Go for the Eyes"],"picked":"Chaos","floor":2},{"not_picked":["Loop","Streamline"],"picked":"Blizzard","floor":8},{"not_picked":["Coolheaded","Steam"],"picked":"Redo","floor":11},{"not_picked":["Loop","Hello World","Consume"],"picked":"SKIP","floor":13},{"not_picked":["Steam","Reinforced Body","Rebound"],"picked":"SKIP","floor":14},{"not_picked":["Lockon","Compile Driver","Cold Snap"],"picked":"SKIP","floor":18},{"not_picked":["Gash","Conserve Battery","Stack+1"],"picked":"SKIP","floor":20},{"not_picked":["Barrage","Storm","BootSequence"],"picked":"SKIP","floor":23},{"not_picked":["Turbo+1","Genetic Algorithm+1"],"picked":"Coolheaded","floor":25},{"not_picked":["Heatsinks","Conserve Battery"],"picked":"Core Surge","floor":25},{"not_picked":["Loop+1","Rip and Tear"],"picked":"Biased Cognition","floor":25},{"not_picked":["Redo","Chaos","Consume"],"picked":"SKIP","floor":27},{"not_picked":["Compile Driver","Beam Cell","Cold Snap"],"picked":"SKIP","floor":28},{"not_picked":["Doom and Gloom","FTL"],"picked":"Glacier","floor":29},{"not_picked":["Steam Power","Gash"],"picked":"Defragment","floor":31},{"not_picked":["Seek","Meteor Strike"],"picked":"Fission","floor":33},{"not_picked":[],"picked":"Coolheaded","floor":35},{"not_picked":["Conserve Battery+1"],"picked":"SKIP","floor":36},{"not_picked":[],"picked":"Hologram+1","floor":38},{"not_picked":[],"picked":"Coolheaded","floor":39},{"not_picked":[],"picked":"Double Energy+1","floor":40},{"not_picked":["Gash+1","Scrape"],"picked":"SKIP","floor":44},{"not_picked":["White Noise+1"],"picked":"Redo+1","floor":47}],"player_experience":480120,"relics_obtained":[{"floor":8,"key":"Letter Opener"},{"floor":9,"key":"Art of War"},{"floor":13,"key":"Sundial"},{"floor":23,"key":"Vajra"},{"floor":23,"key":"Mercury Hourglass"},{"floor":26,"key":"Bag of Preparation"},{"floor":29,"key":"Akabeko"},{"floor":29,"key":"Incense Burner"},{"floor":40,"key":"Toxic Egg 2"},{"floor":40,"key":"Centennial Puzzle"},{"floor":43,"key":"InkBottle"},{"floor":44,"key":"Juzu Bracelet"},{"floor":44,"key":"Eternal Feather"},{"floor":45,"key":"Shovel"},{"floor":46,"key":"CeramicFish"},{"floor":47,"key":"MealTicket"},{"floor":47,"key":"Orichalcum"},{"floor":49,"key":"Bottled Flame"}],"event_choices":[{"damage_healed":0,"gold_gain":0,"player_choice":"Ignored","damage_taken":0,"max_hp_gain":0,"max_hp_loss":0,"event_name":"Liars Game","floor":4,"gold_loss":0},{"damage_healed":0,"gold_gain":0,"player_choice":"Left Gold","damage_taken":0,"max_hp_gain":0,"max_hp_loss":0,"event_name":"World of Goop","floor":5,"gold_loss":60},{"damage_healed":0,"gold_gain":0,"player_choice":"Grow","damage_taken":0,"max_hp_gain":0,"max_hp_loss":0,"event_name":"Living Wall","floor":10,"gold_loss":0,"cards_upgraded":["Blizzard"]},{"damage_healed":0,"gold_gain":0,"player_choice":"Shed Blood","damage_taken":27,"max_hp_gain":5,"max_hp_loss":0,"event_name":"Forgotten Altar","floor":21,"gold_loss":0},{"damage_healed":0,"gold_gain":0,"player_choice":"Inject Mutagens","damage_taken":0,"relics_obtained":["MutagenicStrength"],"max_hp_gain":0,"max_hp_loss":0,"event_name":"Drug Dealer","floor":22,"gold_loss":0},{"damage_healed":0,"gold_gain":0,"player_choice":"Fight","damage_taken":0,"max_hp_gain":0,"max_hp_loss":0,"event_name":"MindBloom","floor":45,"gold_loss":0},{"damage_healed":0,"gold_gain":0,"player_choice":"Max HP","damage_taken":0,"max_hp_gain":0,"max_hp_loss":5,"event_name":"Winding Halls","floor":48,"gold_loss":0}],"is_beta":false,"boss_relics":[{"not_picked":["Tiny House","SlaversCollar"],"picked":"Black Star"},{"not_picked":["Sozu","Runic Dome"],"picked":"Busted Crown"}],"items_purged_floors":[],"is_endless":false,"potions_floor_spawned":[1,2,13,18,29,33,36,39,40,45],"ascension_level":17}}