{"host":"eij2hi4lqijdd5un","time":1608416195,"event":{"mods":["BaseMod","Colored Map","Colored Powertips","Minty Spire (QoL Compilation)","Quick Restart","StSLib"],"gold_per_floor":[115,115,115,65,85,116,116,141,218,218,72,98,109,124,124,224,224,234,245,245,245,274,274,309,309,381,381,396,396,412,430,430,527,527,544,558,233,455,505,534,534,545,569,580,580,580,592,604,604,604],"floor_reached":51,"playtime":1701,"items_purged":["Defend_R","Defend_R"],"score":1041,"play_id":"ed3b1547-5f98-46f3-8fb3-ff0983a61d39","local_time":"20201219231635","is_ascension_mode":true,"campfire_choices":[{"data":"Sword Boomerang","floor":7,"key":"SMITH"},{"data":"Strike_R","floor":10,"key":"SMITH"},{"data":"Shrug It Off","floor":15,"key":"SMITH"},{"data":"Inflame","floor":23,"key":"SMITH"},{"data":"Carnage","floor":25,"key":"SMITH"},{"data":"Shockwave","floor":27,"key":"SMITH"},{"data":"Battle Trance","floor":32,"key":"SMITH"},{"data":"Intimidate","floor":41,"key":"SMITH"},{"floor":49,"key":"REST"}],"circlet_count":0,"master_deck":["Strike_R+1","Defend_R","Bash+1","Battle Trance+1","Sword Boomerang+1","Inflame+1","Shockwave+1","Carnage+1","Shrug It Off+1","Offering","True Grit+1","Headbutt+1","Uppercut+1","Feed+1","Impervious","Intimidate+1","Clothesline+1","Shrug It Off+1","Sever Soul+1","Shockwave+1"],"relics":["Burning Blood","NeowsBlessing","Lantern","InkBottle","Mummified Hand","Red Skull","Philosopher\u0027s Stone","White Beast Statue","Red Mask","Bottled Flame","Bottled Lightning","Snecko Eye","Whetstone","Lizard Tail","Frozen Egg 2","Juzu Bracelet"],"acts_visited":["Exordium","TheCity","TheBeyond"],"potions_floor_usage":[12,22,22,31,50,50,50],"damage_taken":[{"damage":0,"enemies":"2 Louse","floor":1,"turns":1},{"damage":0,"enemies":"Small Slimes","floor":5,"turns":1},{"damage":0,"enemies":"3 Sentries","floor":6,"turns":1},{"damage":52,"enemies":"Lagavulin","floor":8,"turns":7},{"damage":15,"enemies":"3 Sentries","floor":12,"turns":5},{"damage":4,"enemies":"Jaw Worm","floor":13,"turns":2},{"damage":0,"enemies":"Exordium Thugs","floor":14,"turns":2},{"damage":7,"enemies":"Hexaghost","floor":16,"turns":7},{"damage":6,"enemies":"Chosen","floor":18,"turns":3},{"damage":6,"enemies":"Shell Parasite","floor":19,"turns":3},{"damage":8,"enemies":"Masked Bandits","floor":22,"turns":3},{"damage":25,"enemies":"Slavers","floor":24,"turns":4},{"damage":9,"enemies":"Sentry and Sphere","floor":28,"turns":4},{"damage":3,"enemies":"Snecko","floor":30,"turns":3},{"damage":11,"enemies":"Centurion and Healer","floor":31,"turns":4},{"damage":32,"enemies":"Collector","floor":33,"turns":7},{"damage":11,"enemies":"3 Darklings","floor":35,"turns":4},{"damage":6,"enemies":"Orb Walker","floor":36,"turns":1},{"damage":6,"enemies":"Mind Bloom Boss Battle","floor":39,"turns":4},{"damage":17,"enemies":"Reptomancer","floor":40,"turns":5},{"damage":6,"enemies":"Jaw Worm Horde","floor":42,"turns":2},{"damage":36,"enemies":"Maw","floor":44,"turns":8},{"damage":24,"enemies":"Writhing Mass","floor":47,"turns":3},{"damage":25,"enemies":"4 Shapes","floor":48,"turns":4},{"damage":49,"enemies":"Donu and Deca","floor":50,"turns":9}],"seed_played":"-3760382477617557962","potions_obtained":[{"floor":1,"key":"Explosive Potion"},{"floor":8,"key":"ElixirPotion"},{"floor":13,"key":"BlessingOfTheForge"},{"floor":16,"key":"AttackPotion"},{"floor":22,"key":"Dexterity Potion"},{"floor":24,"key":"Explosive Potion"},{"floor":28,"key":"Energy Potion"},{"floor":31,"key":"Explosive Potion"},{"floor":42,"key":"Ancient Potion"}],"is_trial":false,"path_per_floor":["M","?","?","?","M","E","R","E","T","R","$","E","M","M","R","B",null,"M","M","?","?","?","R","E","R","T","R","M","?","M","M","R","B",null,"M","M","$","?","?","E","R","M","T","M","?","?","M","M","R","B",null],"character_chosen":"IRONCLAD","items_purchased":["Inflame","Whetstone","Intimidate"],"campfire_rested":1,"item_purchase_floors":[11,37,37],"current_hp_per_floor":[78,71,71,71,77,80,80,34,34,34,34,25,27,33,33,32,68,68,68,68,68,66,66,47,47,47,47,44,44,50,48,48,22,70,68,71,71,71,71,64,64,68,68,38,87,87,69,54,81,38],"gold":604,"neow_bonus":"THREE_ENEMY_KILL","is_daily":false,"chose_seed":false,"campfire_upgraded":8,"win_rate":0.0,"timestamp":1608416195,"path_taken":["M","?","?","?","M","E","R","E","T","R","?","E","M","M","R","BOSS","M","M","?","?","?","R","E","R","T","R","M","?","?","M","R","BOSS","M","M","$","?","?","E","R","M","T","M","?","?","M","M","R","BOSS"],"items_purchased_type":["Card","Relic","Card"],"build_version":"2020-12-13","purchased_purges":2,"victory":true,"max_hp_per_floor":[80,80,80,80,80,80,80,80,80,80,80,80,80,80,80,80,80,80,80,80,80,80,80,80,80,80,80,80,80,83,86,86,86,86,89,92,92,92,92,96,96,100,100,100,87,87,87,91,91,91],"card_choices":[{"not_picked":["Carnage","Shrug It Off"],"picked":"Battle Trance","floor":1},{"not_picked":["Searing Blow","Clash"],"picked":"Sword Boomerang","floor":5},{"not_picked":["Dark Embrace","Infernal Blade","Entrench"],"picked":"SKIP","floor":6},{"not_picked":["Dark Embrace","Body Slam","Sever Soul"],"picked":"SKIP","floor":8},{"not_picked":["Sever Soul","Combust"],"picked":"Shockwave","floor":12},{"not_picked":["True Grit","Perfected Strike"],"picked":"Carnage","floor":13},{"not_picked":["Anger","Armaments"],"picked":"Shrug It Off","floor":14},{"not_picked":["Berserk","Impervious"],"picked":"Offering","floor":16},{"not_picked":["Perfected Strike","Shrug It Off"],"picked":"True Grit+1","floor":18},{"not_picked":["Heavy Blade","Dual Wield"],"picked":"Headbutt+1","floor":19},{"not_picked":["Twin Strike","Sentinel+1"],"picked":"Uppercut+1","floor":22},{"not_picked":["Armaments","Warcry","Pummel"],"picked":"SKIP","floor":24},{"not_picked":["Perfected Strike","Warcry"],"picked":"Feed","floor":28},{"not_picked":["Headbutt","Anger","Cleave+1"],"picked":"SKIP","floor":30},{"not_picked":["Perfected Strike","Wild Strike","Second Wind+1"],"picked":"SKIP","floor":31},{"not_picked":["Immolate","Bludgeon"],"picked":"Impervious","floor":33},{"not_picked":["Pummel","Havoc","Seeing Red+1"],"picked":"SKIP","floor":35},{"not_picked":["Perfected Strike+1","Power Through","Dark Embrace"],"picked":"SKIP","floor":36},{"not_picked":["Flex+1","Cleave"],"picked":"Clothesline+1","floor":39},{"not_picked":["Thunderclap+1","Sever Soul+1"],"picked":"Shrug It Off+1","floor":40},{"not_picked":["Havoc+1","True Grit"],"picked":"Sever Soul+1","floor":42},{"not_picked":["Corruption+1","Dark Embrace+1","Rampage+1"],"picked":"SKIP","floor":44},{"not_picked":["Cleave+1","Body Slam"],"picked":"Shockwave+1","floor":47},{"not_picked":["Clothesline","Dropkick+1","Perfected Strike+1"],"picked":"SKIP","floor":48}],"player_experience":512325,"relics_obtained":[{"floor":6,"key":"Lantern"},{"floor":8,"key":"InkBottle"},{"floor":9,"key":"Mummified Hand"},{"floor":12,"key":"Red Skull"},{"floor":22,"key":"Red Mask"},{"floor":24,"key":"Bottled Flame"},{"floor":26,"key":"Bottled Lightning"},{"floor":39,"key":"Lizard Tail"},{"floor":40,"key":"Frozen Egg 2"},{"floor":43,"key":"Juzu Bracelet"}],"event_choices":[{"cards_removed":["Strike_R"],"damage_healed":0,"gold_gain":0,"player_choice":"Card Removal","damage_taken":7,"max_hp_gain":0,"max_hp_loss":0,"event_name":"Golden Wing","floor":2,"gold_loss":0},{"damage_healed":0,"gold_gain":0,"player_choice":"Grow","damage_taken":0,"max_hp_gain":0,"max_hp_loss":0,"event_name":"Living Wall","floor":3,"gold_loss":0,"cards_upgraded":["Bash"]},{"cards_removed":["Strike_R"],"damage_healed":0,"gold_gain":0,"player_choice":"Card Removal","damage_taken":0,"max_hp_gain":0,"max_hp_loss":0,"event_name":"The Cleric","floor":4,"gold_loss":50},{"damage_healed":0,"gold_gain":0,"player_choice":"Opened","damage_taken":0,"relics_obtained":["White Beast Statue"],"max_hp_gain":0,"max_hp_loss":0,"event_name":"The Mausoleum","floor":20,"gold_loss":0},{"cards_removed":["Defend_R"],"damage_healed":0,"gold_gain":0,"player_choice":"Elegance","damage_taken":0,"max_hp_gain":0,"max_hp_loss":0,"event_name":"Back to Basics","floor":21,"gold_loss":0},{"damage_healed":0,"gold_gain":0,"player_choice":"Fought Bandits","damage_taken":0,"max_hp_gain":0,"max_hp_loss":0,"event_name":"Masked Bandits","floor":22,"gold_loss":0},{"cards_removed":["Strike_R"],"damage_healed":0,"gold_gain":0,"player_choice":"Offered Basic","damage_taken":0,"max_hp_gain":0,"max_hp_loss":0,"event_name":"Bonfire Elementals","floor":29,"gold_loss":0},{"damage_healed":0,"gold_gain":222,"player_choice":"Wore Mask","damage_taken":0,"max_hp_gain":0,"max_hp_loss":0,"event_name":"Tomb of Lord Red Mask","floor":38,"gold_loss":0},{"damage_healed":0,"gold_gain":0,"player_choice":"Fight","damage_taken":0,"max_hp_gain":0,"max_hp_loss":0,"event_name":"MindBloom","floor":39,"gold_loss":0},{"damage_healed":87,"gold_gain":0,"player_choice":"Heal","damage_taken":0,"max_hp_gain":0,"max_hp_loss":13,"event_name":"The Moai Head","floor":45,"gold_loss":0},{"cards_removed":["Strike_R"],"damage_healed":0,"gold_gain":0,"player_choice":"Removed Attack","damage_taken":0,"max_hp_gain":0,"max_hp_loss":0,"event_name":"Falling","floor":46,"gold_loss":0}],"is_beta":false,"boss_relics":[{"not_picked":["Calling Bell","Runic Dome"],"picked":"Philosopher\u0027s Stone"},{"not_picked":["Empty Cage","Busted Crown"],"picked":"Snecko Eye"}],"items_purged_floors":[11,37],"is_endless":false,"potions_floor_spawned":[1,8,13,16,18,22,24,28,30,31,33,35,36,39,40,42,44,47,48],"ascension_level":8}}