{"host":"r5cycnjhcbwgkpkf","time":1608349407,"event":{"mods":["2.2 Compatiblity","AchievementEnabler","BaseMod","Bestiary","Better Match","Better Note","Better Skull","Better Third Choice","BetterRewards","Colored Map","Colored Powertips","Googly Eyes","Hermit","Infinite Spire","Minty Spire (QoL Compilation)","Replay The Spire","Spicy Shops","StSLib","The Servant 0.9.4"],"gold_per_floor":[110,52,52,23,23,23,56,69,69,83,100,119,119,146,146,245,245,256,256,270,369,369,369],"floor_reached":22,"playtime":1210,"items_purged":[],"score":412,"play_id":"fcc4975d-5096-4ae8-860c-1361894c3c7f","local_time":"20201218194327","is_ascension_mode":true,"campfire_choices":[{"data":"Zap","floor":6.0,"key":"SMITH"},{"floor":13.0,"key":"REST"},{"floor":15.0,"key":"REST"}],"circlet_count":0,"master_deck":["Strike_B","Strike_B+1","Strike_B","Strike_B","Defend_B","Defend_B","Defend_B","Defend_B","Zap+1","Dualcast","Redo+1","Defragment","Chaos+1","Conserve Battery","Self Repair","Coolheaded","Static Discharge","Ball Lightning","BootSequence","Thunder Strike","White Noise+1"],"relics":["Cracked Core","Gremlin Food","Blue Doll","Singing Bowl","Omamori","Unceasing Top","Lantern","Replay:WaspNest","infinitespire:WardingShard","Ring of Chaos"],"acts_visited":["Exordium","TheCity"],"potions_floor_usage":[],"damage_taken":[{"damage":0.0,"enemies":"Small Slimes","floor":1.0,"turns":3.0},{"damage":31.0,"enemies":"Gremlin Nob","floor":7.0,"turns":4.0},{"damage":1.0,"enemies":"Cultist","floor":8.0,"turns":3.0},{"damage":0.0,"enemies":"2 Louse","floor":10.0,"turns":2.0},{"damage":7.0,"enemies":"Red Slaver","floor":11.0,"turns":3.0},{"damage":5.0,"enemies":"Gremlin Gang","floor":12.0,"turns":5.0},{"damage":13.0,"enemies":"Lagavulin","floor":14.0,"turns":6.0},{"damage":27.0,"enemies":"The Guardian","floor":16.0,"turns":9.0},{"damage":15.0,"enemies":"Spheric Guardian","floor":18.0,"turns":4.0},{"damage":40,"enemies":"2 Thieves","floor":20,"turns":5},{"damage":37,"enemies":"Sentry and Sphere","floor":22,"turns":5}],"seed_played":"-3952774615397049968","potions_obtained":[{"floor":8.0,"key":"SkillPotion"},{"floor":12.0,"key":"Weak Potion"},{"floor":16.0,"key":"Fruit Juice"},{"floor":18.0,"key":"CultistPotion"},{"floor":20,"key":"FearPotion"}],"is_trial":false,"path_per_floor":["M","$","?","$","?","R","E","M","T","M","M","M","R","E","R","B",null,"M","?","M","?","M"],"character_chosen":"DEFECT","items_purchased":["Gremlin Food","Blue Doll","Redo","Defragment","Singing Bowl","Omamori","Conserve Battery"],"campfire_rested":2,"item_purchase_floors":[0,0,0,0,0,2,4],"current_hp_per_floor":[52,52,52,52,52,52,21,29,29,29,29,31,54,48,71,56,76,68,68,37,37,0,0],"gold":369,"neow_bonus":"","is_daily":false,"chose_seed":false,"campfire_upgraded":1,"win_rate":0.0,"timestamp":1608349407,"path_taken":["M","$","?","?","?","R","E","M","T","M","M","M","R","E","R","BOSS","M","?","?","?","M"],"items_purchased_type":["Relic","Relic","Card","Card","Relic","Relic","Card"],"build_version":"2020-12-13","purchased_purges":0,"victory":false,"max_hp_per_floor":[75,75,75,75,75,75,75,77,77,77,77,77,77,77,77,82,82,82,82,84,84,84,84],"card_choices":[{"not_picked":["Hologram","Reinforced Body"],"picked":"Chaos","floor":1.0},{"not_picked":["Turbo","Auto Shields"],"picked":"Self Repair","floor":7.0},{"not_picked":["Steam Power","Chaos","Compile Driver"],"picked":"Singing Bowl","floor":8.0},{"not_picked":["Rip and Tear","Loop"],"picked":"Coolheaded","floor":10.0},{"not_picked":["Gash","Coolheaded"],"picked":"Static Discharge","floor":11.0},{"not_picked":["Recycle","Loop"],"picked":"Ball Lightning","floor":12.0},{"not_picked":["Beam Cell","Compile Driver"],"picked":"BootSequence","floor":14.0},{"not_picked":["Seek","Biased Cognition"],"picked":"Thunder Strike","floor":16.0},{"not_picked":["Steam+1","Defragment"],"picked":"White Noise+1","floor":18.0},{"not_picked":["Turbo","Barrage","Reinforced Body"],"picked":"Singing Bowl","floor":20}],"player_experience":403663,"relics_obtained":[{"floor":7.0,"key":"Lantern"},{"floor":9.0,"key":"Replay:WaspNest"},{"floor":14.0,"key":"infinitespire:WardingShard"}],"event_choices":[{"damage_healed":0.0,"max_hp_gain":0.0,"max_hp_loss":0.0,"gold_gain":0.0,"event_name":"Accursed Blacksmith","player_choice":"Forge","floor":3.0,"gold_loss":0.0,"damage_taken":0.0,"cards_upgraded":["Chaos"]},{"cards_removed":["Conserve Battery"],"damage_healed":0.0,"max_hp_gain":0.0,"max_hp_loss":0.0,"gold_gain":0.0,"event_name":"WeMeetAgain","player_choice":"Gave Card","floor":5.0,"gold_loss":0.0,"damage_taken":0.0,"relics_obtained":["Unceasing Top"]},{"damage_healed":0.0,"max_hp_gain":0.0,"max_hp_loss":0.0,"gold_gain":0.0,"event_name":"N\u0027loth","player_choice":"Ignored","floor":19.0,"gold_loss":0.0,"damage_taken":0.0},{"damage_healed":0,"gold_gain":99,"player_choice":"Steal","damage_taken":0,"max_hp_gain":0,"max_hp_loss":0,"event_name":"betterThird:BetterNest","floor":21,"gold_loss":0}],"is_beta":false,"boss_relics":[{"not_picked":["Runic Dome","Honey Jar"],"picked":"Ring of Chaos"}],"items_purged_floors":[],"is_endless":false,"potions_floor_spawned":[8,12,16,18,20],"killed_by":"Sentry and Sphere","ascension_level":8}}