{"host":"9awhzt9lm2hp8nlw","time":1608366254,"event":{"mods":["BaseMod","Colored Map","Downfall","Highlight Path","Minty Spire (QoL Compilation)","Quick Restart","StSLib"],"gold_per_floor":[99,113,388,398,411,425,452,452,481,481,499,499,949,30,47,151,151,151,168,186,71,83,83,83,83,83,83],"floor_reached":26,"playtime":2061,"items_purged":["Regret","Slimebound:Icky"],"score":233,"play_id":"e672ca44-051b-4494-8f27-84319d53fbfd","local_time":"20201219002414","is_ascension_mode":false,"campfire_choices":[{"floor":1.0,"key":"RECALL"},{"data":"Guardian:TwinSlam","floor":8.0,"key":"SMITH"},{"data":"Guardian:BronzeArmor","floor":10.0,"key":"SMITH"},{"data":"Guardian:SphericShield","floor":18,"key":"SMITH"}],"circlet_count":0,"master_deck":["Guardian:Strike_Guardian","Guardian:Strike_Guardian","Guardian:Defend_Guardian","Guardian:CurlUp","Guardian:TwinSlam+1","Guardian:TemporalStrike","Guardian:BronzeArmor+1","Guardian:TimeCapacitor","Guardian:SpikerProtocol","Slimebound:Icky","Slimebound:Icky","Guardian:TimeSifter","Guardian:BronzeOrb","Guardian:SphericShield+1","Guardian:Suspension+1","Guardian:Gem_Cyan","Guardian:Repulse","Slimebound:CheckThePlaybook"],"relics":["Guardian:ModeShifter","Centennial Puzzle","Gremlin Horn","Lee\u0027s Waffle","Gambling Chip","Empty Cage","Bottled Lightning"],"acts_visited":["Exordium","TheCity"],"potions_floor_usage":[20],"damage_taken":[{"damage":3.0,"enemies":"Small Slimes","floor":2.0,"turns":3.0},{"damage":2.0,"enemies":"Cultist","floor":4.0,"turns":3.0},{"damage":8.0,"enemies":"2 Louse","floor":5.0,"turns":2.0},{"damage":8.0,"enemies":"2 Fungi Beasts","floor":6.0,"turns":4.0},{"damage":28.0,"enemies":"3 Sentries","floor":9.0,"turns":8.0},{"damage":6.0,"enemies":"3 Louse","floor":11.0,"turns":2.0},{"damage":4.0,"enemies":"downfall:FleeingMerchant","floor":14.0,"turns":4.0},{"damage":0.0,"enemies":"Blue Slaver","floor":15.0,"turns":2.0},{"damage":57.0,"enemies":"downfall:Silent","floor":16.0,"turns":9.0},{"damage":9,"enemies":"3 Byrds","floor":19,"turns":4},{"damage":15,"enemies":"Sentry and Sphere","floor":20,"turns":7},{"damage":7,"enemies":"downfall:FleeingMerchant","floor":21,"turns":4},{"damage":15,"enemies":"Snake Plant","floor":22,"turns":5},{"damage":33,"enemies":"Slavers","floor":26,"turns":3}],"seed_played":"954738402604773264","potions_obtained":[{"floor":6.0,"key":"Fire Potion"},{"floor":9.0,"key":"LiquidBronze"},{"floor":15.0,"key":"Dexterity Potion"},{"floor":19,"key":"Swift Potion"},{"floor":22,"key":"Guardian:StasisDiscoveryPotion"}],"is_trial":false,"path_per_floor":["R","M","?","M","M","M","T","R","E","R","M","?","?","$","M","B",null,"R","M","M","$","M","?","T","?","E"],"character_chosen":"GUARDIAN","items_purchased":["Guardian:BronzeOrb","Guardian:Gem_Fragmented","Gremlin Horn","Lee\u0027s Waffle","Gambling Chip"],"campfire_rested":0,"item_purchase_floors":[14,14,14,14,14],"current_hp_per_floor":[72,69,69,67,59,51,51,51,23,23,17,17,17,79,79,22,79,79,70,55,48,33,33,33,33,0,0],"gold":83,"neow_bonus":"REMOVE_TWO","is_daily":false,"chose_seed":false,"campfire_upgraded":3,"win_rate":0.0,"timestamp":1608366254,"path_taken":["R","M","?","M","M","?","T","R","E","R","M","?","?","$","M","BOSS","R","M","M","$","M","?","T","?","E"],"items_purchased_type":["Card","Card","Relic","Relic","Relic"],"build_version":"2020-12-13","purchased_purges":2,"victory":false,"max_hp_per_floor":[72,72,72,72,72,72,72,72,72,72,72,72,72,79,79,79,79,79,79,79,79,79,79,79,79,79,79],"card_choices":[{"not_picked":["Guardian:VentSteam","Guardian:Reroute"],"picked":"Guardian:TemporalStrike","floor":2.0},{"not_picked":["Guardian:TemporalStrike","Guardian:PrimingBeam","Guardian:Planning"],"picked":"SKIP","floor":4.0},{"not_picked":["Guardian:TemporalStrike","Guardian:EvasiveProtocol"],"picked":"Guardian:BronzeArmor","floor":5.0},{"not_picked":["Guardian:PiercingHide","Guardian:Incinerate"],"picked":"Guardian:TimeCapacitor","floor":6.0},{"not_picked":["Guardian:VentSteam","Guardian:SentryBeam"],"picked":"Guardian:Gem_Fragmented","floor":9.0},{"not_picked":["Guardian:PrismaticBarrier","Guardian:Recover"],"picked":"Guardian:SpikerProtocol","floor":11.0},{"not_picked":["Guardian:Harden","Guardian:VentSteam"],"picked":"Guardian:TimeSifter","floor":14.0},{"not_picked":["Guardian:RollAttack","Guardian:TemporalStrike"],"picked":"Guardian:Gem_Lightblue","floor":15.0},{"not_picked":["Guardian:HyperBeam_Guardian","Guardian:ExploitGems"],"picked":"Guardian:SphericShield","floor":16.0},{"not_picked":["Guardian:WalkerClaw","Guardian:TemporalShield","Guardian:PiercingHide"],"picked":"SKIP","floor":19},{"not_picked":["Guardian:FloatingOrbs","Guardian:MultiBeam"],"picked":"Guardian:Suspension+1","floor":20},{"not_picked":["Guardian:SentryBeam","Guardian:ArmoredProtocol"],"picked":"Guardian:Gem_Cyan","floor":21},{"not_picked":["Guardian:Harden","Guardian:ArmoredProtocol"],"picked":"Guardian:Repulse","floor":22}],"player_experience":15911,"relics_obtained":[{"floor":9.0,"key":"Centennial Puzzle"},{"floor":24,"key":"Bottled Lightning"}],"event_choices":[],"is_beta":false,"boss_relics":[{"not_picked":["SacredBark","Runic Pyramid"],"picked":"Empty Cage"}],"items_purged_floors":[14,21],"is_endless":false,"potions_floor_spawned":[6,9,15,19,22],"killed_by":"Slavers","ascension_level":0}}