{"host":"dsxpg2dh2uupq0t9","time":1608360691,"event":{"mods":["Act Like it!","Aspiration","BaseMod","Better Note","Better Skull","BetterRewards","Colored Powertips","DeckTracker","Halation","Hallownest","Hubris","Minty Spire (QoL Compilation)","Replay The Spire","Shop Mod","Spicy Shops","StSLib"],"gold_per_floor":[113,126,39,56,56,90,107,107,107,125,143,143,38,38,38,141,141,154,154,164,164,176,205,205,205,205,218,218,67,84,84,184,184,196,209,229,229,155,188,188,188,188,188,0,19,19,119,119],"floor_reached":50,"playtime":3930,"items_purged":[],"score":723,"play_id":"35920c9b-907a-4921-85b6-fb546d641d0c","local_time":"20201219015131","is_ascension_mode":true,"campfire_choices":[{"floor":8,"key":"REST"},{"floor":12,"key":"REST"},{"data":"ForeignInfluence","floor":15,"key":"SMITH"},{"floor":25,"key":"REST"},{"floor":32,"key":"REST"},{"floor":41,"key":"REST"},{"floor":44,"key":"REST"},{"floor":49,"key":"REST"}],"circlet_count":0,"master_deck":["Strike_P","Strike_P","Strike_P","Strike_P","Defend_P","Defend_P+1","Defend_P","Defend_P","Eruption+1","Vigilance","EmptyBody","Swift Strike","SandsOfTime","CrushJoints","ForeignInfluence+1","FlurryOfBlows","Tantrum","SashWhip+1","Ragnarok+1","ConjureBlade","FollowUp+1","Protect","Prostrate+1","ForeignInfluence+1","Perseverance","BattleHymn+1","Ragnarok","FlyingSleeves+1","WreathOfFlame","FollowUp+1","Pot Of Greed","Pot Of Greed","Pot Of Greed","Swivel+1","Consecrate"],"relics":["PureWater","NeowsBlessing","Pen Nib","Lizard Tail","hubris:Teleporter","hubris:ScarierMask","Calipers","Gremlin Horn","Bag of Marbles","Gremlin Food","SacredBark","hubris:Icosahedron","Blue Doll","Grinning Jar","StoneCalendar","Red Mask"],"acts_visited":["Exordium","TheCity","TheBeyond"],"potions_floor_usage":[6,11,35,37,40,40,40],"damage_taken":[{"damage":0,"enemies":"Small Slimes","floor":1,"turns":1},{"damage":0,"enemies":"Cultist","floor":2,"turns":1},{"damage":0,"enemies":"2 Louse","floor":4,"turns":1},{"damage":32,"enemies":"3 Sentries","floor":6,"turns":7},{"damage":11,"enemies":"Red Slaver","floor":7,"turns":3},{"damage":10,"enemies":"Exordium Wildlife","floor":10,"turns":4},{"damage":0,"enemies":"Lots of Slimes","floor":11,"turns":1},{"damage":49,"enemies":"The Guardian","floor":16,"turns":6},{"damage":0,"enemies":"3 Byrds","floor":18,"turns":3},{"damage":17,"enemies":"Chosen","floor":20,"turns":4},{"damage":0,"enemies":"Snecko","floor":22,"turns":2},{"damage":0,"enemies":"Gremlin Leader","floor":23,"turns":5},{"damage":0,"enemies":"Snake Plant","floor":27,"turns":1},{"damage":18,"enemies":"Shelled Parasite and Fungi","floor":30,"turns":3},{"damage":50,"enemies":"Pondfish","floor":33,"turns":7},{"damage":10,"enemies":"3 Shapes","floor":35,"turns":3},{"damage":2,"enemies":"Orb Walker","floor":36,"turns":2},{"damage":17,"enemies":"4 Shapes","floor":37,"turns":2},{"damage":28,"enemies":"Reptomancer","floor":40,"turns":4},{"damage":23,"enemies":"Transient","floor":48,"turns":5},{"damage":136,"enemies":"Replay:Hell Engine","floor":50,"turns":10}],"seed_played":"-6756017634128533424","potions_obtained":[{"floor":1,"key":"Regen Potion"},{"floor":6,"key":"Milkshake"},{"floor":10,"key":"Explosive Potion"},{"floor":16,"key":"SkillPotion"},{"floor":20,"key":"LifebloodPotion"},{"floor":23,"key":"LiquidBronze"},{"floor":35,"key":"Explosive Potion"},{"floor":37,"key":"LifebloodPotion"},{"floor":48,"key":"SmokeBomb"}],"is_trial":false,"path_per_floor":["M","M","$","M","?","E","M","R","T","M","M","R","$","T","R","B",null,"M","?","M","?","M","E","?","R","T","M","$","$","M","R","B",null,"M","M","M","?","$","E","R","?","T","R","?","M","R","B"],"character_chosen":"WATCHER","items_purchased":["Swift Strike","Ragnarok","Bag of Marbles","Gremlin Food","Blue Doll"],"campfire_rested":7,"item_purchase_floors":[3,13,28,29,39],"current_hp_per_floor":[72,72,72,72,72,45,34,55,55,45,45,66,66,66,66,17,72,72,72,55,55,55,55,55,72,72,72,62,62,44,65,15,72,62,60,43,43,43,15,36,43,43,64,64,41,62,0,0],"gold":119,"neow_bonus":"THREE_ENEMY_KILL","is_daily":false,"chose_seed":false,"campfire_upgraded":1,"win_rate":0.0,"timestamp":1608360691,"path_taken":["M","M","$","M","?","E","M","R","T","M","?","R","$","?","R","BOSS","M","?","?","?","?","E","?","R","T","?","?","$","M","R","BOSS","M","M","M","?","$","E","R","?","T","R","?","M","R","BOSS"],"items_purchased_type":["Card","Card","Relic","Relic","Relic"],"build_version":"2020-12-13","purchased_purges":0,"victory":false,"max_hp_per_floor":[72,72,72,72,72,72,72,72,72,72,72,72,72,72,72,72,72,72,72,72,72,72,72,72,72,72,72,72,72,72,72,72,72,72,72,72,72,72,72,72,72,72,72,72,72,72,72,72],"card_choices":[{"not_picked":["Wireheading","Indignation"],"picked":"EmptyBody","floor":1},{"not_picked":["FollowUp","ClearTheMind"],"picked":"EmptyMind","floor":2},{"not_picked":["JustLucky","Adaptation"],"picked":"SandsOfTime","floor":4},{"not_picked":["SpiritShield","CutThroughFate"],"picked":"ForeignInfluence","floor":6},{"not_picked":["Collect","Replay:Cycle"],"picked":"FlurryOfBlows","floor":7},{"not_picked":["Wireheading","CutThroughFate"],"picked":"Tantrum","floor":10},{"not_picked":["Adaptation","Prostrate"],"picked":"SashWhip","floor":11},{"not_picked":["Omniscience","Brilliance"],"picked":"ConjureBlade","floor":16},{"not_picked":["BowlingBash","ThirdEye"],"picked":"Weave","floor":18},{"not_picked":["SignatureMove","FlurryOfBlows"],"picked":"FollowUp+1","floor":20},{"not_picked":["PathToVictory+1","Replay:Anticipation"],"picked":"Protect","floor":22},{"not_picked":["Vengeance","Halt"],"picked":"Prostrate","floor":23},{"not_picked":["MasterReality","Replay:AtTheReady"],"picked":"Perseverance","floor":27},{"not_picked":["Pray","SashWhip"],"picked":"BattleHymn+1","floor":30},{"not_picked":["Scrawl","LessonLearned"],"picked":"Ragnarok","floor":33},{"not_picked":["CrushJoints","BowlingBash"],"picked":"FlyingSleeves+1","floor":35},{"not_picked":["ForeignInfluence","Replay:ManipulateFuture"],"picked":"WreathOfFlame","floor":36},{"not_picked":["Wireheading+1","WreathOfFlame"],"picked":"FollowUp+1","floor":37},{"not_picked":["ClearTheMind+1","Replay:BluntJabs+1"],"picked":"Swivel+1","floor":40},{"not_picked":["WindmillStrike","EmptyMind"],"picked":"Consecrate","floor":48}],"player_experience":617018,"relics_obtained":[{"floor":6,"key":"Pen Nib"},{"floor":9,"key":"Lizard Tail"},{"floor":14,"key":"hubris:Teleporter"},{"floor":23,"key":"Calipers"},{"floor":26,"key":"Gremlin Horn"},{"floor":40,"key":"Grinning Jar"},{"floor":43,"key":"StoneCalendar"}],"event_choices":[{"damage_healed":0,"gold_gain":0,"cards_transformed":["EmptyMind"],"player_choice":"Transformed","damage_taken":0,"max_hp_gain":0,"max_hp_loss":0,"event_name":"Transmorgrifier","floor":5,"gold_loss":0,"cards_obtained":["CrushJoints"]},{"cards_removed":["Weave"],"damage_healed":0,"gold_gain":0,"player_choice":"Offered Uncommon","damage_taken":0,"max_hp_gain":0,"max_hp_loss":0,"event_name":"Bonfire Elementals","floor":19,"gold_loss":0},{"damage_healed":0,"gold_gain":0,"player_choice":"Forge","damage_taken":0,"max_hp_gain":0,"max_hp_loss":0,"event_name":"Accursed Blacksmith","floor":21,"gold_loss":0,"cards_upgraded":["Ragnarok"]},{"damage_healed":0,"gold_gain":0,"player_choice":"Copied","damage_taken":0,"max_hp_gain":0,"max_hp_loss":0,"event_name":"Duplicator","floor":24,"gold_loss":0,"cards_obtained":["ForeignInfluence"]},{"damage_healed":0,"gold_gain":0,"player_choice":"Paid","damage_taken":0,"relics_obtained":["Red Mask"],"max_hp_gain":0,"max_hp_loss":0,"event_name":"Tomb of Lord Red Mask","floor":46,"gold_loss":188}],"is_beta":false,"boss_relics":[{"not_picked":["Astrolabe","Replay:Wanted Poster"],"picked":"hubris:ScarierMask"},{"not_picked":["Runic Dome","Replay:Bronze Core"],"picked":"SacredBark"}],"items_purged_floors":[],"is_endless":false,"potions_floor_spawned":[1,6,10,16,20,23,27,35,37,48],"killed_by":"Replay:Hell Engine","ascension_level":1}}