{"host":"su73a2bh8339ktv3","time":1608381547,"event":{"mods":["AchievementEnabler","Aspiration","Bard","BaseMod","Beaked The Cultist","Better Altar","Better Match","Better Note","Better Sensory Stone","Better Skull","Better Third Choice","BetterRewards","CCEM","Clawfect","Colored Map","Conspire","Downfall","GifTheSpireLib","Googly Eyes","Halation","Hermit","Highlight Path","Hubris","Hunter ??","Infinite Spire","Jedi Mod","Jorbs\u0027s Wanderer Trilogy","Mad Scientist","Marisa????????","Mimic Mod","Minty Spire (QoL Compilation)","Permanent Neow","Replay The Spire","Shade Mod","Shop Mod","Spicy Shops","StSLib","Stuff the Spire","The Administrix","The Blackbeard","The Bug Knight","The Construct","The Cursed","The Disciple","The Gatherer","The Hierophant","The Jungle","The Mystic","The Necromancer","The Problem Sleuth","The Runesmith","The Servant 0.9.4","The Spell Scribe","The Witch","Unceasing Turn Reminder","[IsaacMod]????","everything is the same but u backflip on backflip","slay the spire mod where everything is the same but ironclad has a cowboy hat"],"gold_per_floor":[114,114,129,24,55,86,6,41,117,134,99,146,146,166,166,270,270,290,290,301,313,313,313],"floor_reached":22,"playtime":1488,"items_purged":[],"score":194,"play_id":"79567e81-c662-463a-8846-d1246279076c","local_time":"20201219233907","is_ascension_mode":false,"campfire_choices":[{"data":"hermit:Combo","floor":13,"key":"SMITH"},{"floor":15,"key":"REST"}],"circlet_count":0,"master_deck":["hermit:Strike_Hermit","hermit:Strike_Hermit","hermit:Strike_Hermit","hermit:Strike_Hermit","hermit:Defend_Hermit","hermit:Defend_Hermit","hermit:Defend_Hermit","hermit:Defend_Hermit","hermit:Snapshot","hermit:Covet","EpicFetus","hermit:Dive+1","hermit:CalledShot","hermit:Vantage","hermit:Vantage","hermit:Headshot","hermit:Snipe","hermit:Combo+1","hermit:Grudge","hermit:Quickdraw","hermit:EternalForm","hermit:ShadowCloak","hermit:Spite","hermit:Ricochet+1","Hallucinations","hermit:LowProfile","hermit:Cheat+1"],"relics":["hermit:Momento","HushsDoor","Pocketwatch","TheBible","aspiration:FetidBarrel","aspiration:DSix","jedi:crownofsimplicity","jedi:cryingmask","Replay:Bottled Flurry","Replay:Bottled Steam","hubris:OldNail","SlaversCollar"],"acts_visited":["Exordium","theJungle:Jungle"],"potions_floor_usage":[21,21,22],"damage_taken":[{"damage":6,"enemies":"2 Louse","floor":1,"turns":4},{"damage":0,"enemies":"Small Slimes","floor":3,"turns":4},{"damage":1,"enemies":"Cultist","floor":5,"turns":10},{"damage":4,"enemies":"3 Sentries","floor":6,"turns":8},{"damage":16,"enemies":"Gremlin Nob","floor":8,"turns":4},{"damage":9,"enemies":"Cultist","floor":10,"turns":4},{"damage":13,"enemies":"Red Slaver","floor":14,"turns":2},{"damage":45,"enemies":"Slime Boss","floor":16,"turns":13},{"damage":7,"enemies":"theJungle:MUSHROOMGANG","floor":18,"turns":6},{"damage":26,"enemies":"theJungle:Flameango_and_Byrd","floor":20,"turns":5},{"damage":25,"enemies":"theJungle:JungleHuntersEncounter","floor":21,"turns":7},{"damage":14,"enemies":"theJungle:Lyon","floor":22,"turns":4}],"seed_played":"-829528422281838192","potions_obtained":[{"floor":1,"key":"Ancient Potion"},{"floor":18,"key":"Weak Potion"},{"floor":21,"key":"Venom Potion"}],"is_trial":false,"path_per_floor":["M","?","M","$","MIM","E","$","E","T","M","?","T","R","M","R","B",null,"M","?","M","M","M"],"character_chosen":"HERMIT","items_purchased":["hermit:Dive","aspiration:FetidBarrel","aspiration:DSix","hermit:Vantage","hermit:Combo","hermit:ShadowCloak","hermit:Spite"],"campfire_rested":1,"item_purchase_floors":[0,0,4,4,7,17,17],"current_hp_per_floor":[61,61,61,61,60,56,56,40,40,31,49,49,49,36,58,13,70,63,63,37,12,0,0],"gold":313,"neow_bonus":"","is_daily":false,"chose_seed":false,"campfire_upgraded":1,"win_rate":0.0,"timestamp":1608381547,"path_taken":["M","?","?","$","?","E","$","E","T","M","?","?","R","?","R","BOSS","M","?","M","M","?"],"items_purchased_type":["Card","Relic","Relic","Card","Card","Card","Card"],"build_version":"2020-12-13","purchased_purges":0,"victory":false,"max_hp_per_floor":[75,75,75,75,75,75,75,75,75,75,75,75,75,75,75,75,70,70,70,70,70,70,70],"card_choices":[{"not_picked":[],"picked":"EpicFetus","floor":0},{"not_picked":["hermit:Feint","hermit:Misfire"],"picked":"hermit:CalledShot","floor":1},{"not_picked":["hermit:Desperado","hermit:Determination"],"picked":"hermit:Vantage","floor":3},{"not_picked":["hermit:NoHoldsBarred","hermit:FatalDesire"],"picked":"hermit:Headshot","floor":5},{"not_picked":["hermit:ShadowCloak","hermit:CursedWeapon"],"picked":"hermit:Snipe","floor":6},{"not_picked":["hermit:Quickdraw","hermit:Showdown","hermit:Vantage"],"picked":"SKIP","floor":8},{"not_picked":["hermit:Glare","hermit:Purgatory"],"picked":"hermit:Grudge","floor":10},{"not_picked":["hermit:HighCaliber","hermit:HoleUp"],"picked":"hermit:Quickdraw","floor":14},{"not_picked":["hermit:FinalCanter","hermit:OverwhelmingPower"],"picked":"hermit:EternalForm","floor":16},{"not_picked":["hermit:Headshot","hermit:GhostlyPresence"],"picked":"hermit:Ricochet+1","floor":18},{"not_picked":["hermit:FlashPowder","hermit:Feint"],"picked":"hermit:LowProfile","floor":20},{"not_picked":["hermit:Misfire","hermit:LoneWolf"],"picked":"hermit:Cheat+1","floor":21}],"player_experience":119960,"relics_obtained":[{"floor":5,"key":"jedi:crownofsimplicity"},{"floor":6,"key":"jedi:cryingmask"},{"floor":8,"key":"Replay:Bottled Flurry"},{"floor":9,"key":"Replay:Bottled Steam"},{"floor":12,"key":"hubris:OldNail"}],"event_choices":[{"damage_healed":0,"gold_gain":0,"player_choice":"Grow","damage_taken":0,"max_hp_gain":0,"max_hp_loss":0,"event_name":"Living Wall","floor":2,"gold_loss":0,"cards_upgraded":["hermit:Dive"]},{"damage_healed":18,"gold_gain":0,"player_choice":"Healed","damage_taken":0,"max_hp_gain":0,"max_hp_loss":0,"event_name":"The Cleric","floor":11,"gold_loss":35},{"damage_healed":0,"gold_gain":0,"player_choice":"Take","damage_taken":0,"max_hp_gain":0,"max_hp_loss":0,"event_name":"betterNote:BetterNote","floor":19,"gold_loss":0,"cards_obtained":["Hallucinations"]}],"is_beta":false,"boss_relics":[{"not_picked":["Velvet Choker","aspiration:WatcherSkillbook"],"picked":"SlaversCollar"},{"not_picked":[]}],"items_purged_floors":[],"is_endless":false,"potions_floor_spawned":[1,18,21],"killed_by":"theJungle:Lyon","ascension_level":0}}