{"host":"Ian","time":1608369144,"event":{"mods":["BaseMod","Bestiary","Block Reminder","Colored Map","Highlight Path","Key Reminder","Minty Spire (QoL Compilation)","Relic Stats"],"gold_per_floor":[11,22,22,34,51,51,78,88,88,88,101,101,129,149,149,222,222,239,251,261,23,41,66,66,96,96,96,170,184,213,213,213,213,213],"floor_reached":33,"playtime":1358,"items_purged":["Strike_R"],"score":698,"play_id":"71f510ee-6114-4be2-8a9e-db242a11f123","local_time":"20201219091224","is_ascension_mode":true,"campfire_choices":[{"data":"Immolate","floor":6,"key":"SMITH"},{"data":"Wild Strike","floor":10,"key":"SMITH"},{"data":"Bash","floor":12,"key":"SMITH"},{"data":"True Grit","floor":15,"key":"SMITH"},{"floor":27,"key":"REST"},{"floor":32,"key":"REST"}],"circlet_count":0,"master_deck":["AscendersBane","Strike_R","Strike_R","Strike_R","Defend_R","Defend_R+1","Defend_R","Defend_R","Bash+1","Immolate+1","Wild Strike+1","Intimidate","Pommel Strike","Fire Breathing","Thunderclap","Double Tap+1","True Grit+1","Offering","Disarm","Flame Barrier","Second Wind","Iron Wave+1","Thunderclap+1","Shrug It Off"],"relics":["Burning Blood","Toy Ornithopter","Oddly Smooth Stone","War Paint","Black Star","Bag of Preparation","Sundial","Nunchaku","Mercury Hourglass","Bottled Lightning","keyreminder:keyreminder","Frozen Egg 2","Red Mask"],"acts_visited":["Exordium","TheCity"],"potions_floor_usage":[8,13,20,23,25,33,33],"damage_taken":[{"damage":9,"enemies":"Jaw Worm","floor":1,"turns":3},{"damage":1,"enemies":"Cultist","floor":2,"turns":3},{"damage":0,"enemies":"Small Slimes","floor":4,"turns":2},{"damage":7,"enemies":"Exordium Wildlife","floor":5,"turns":3},{"damage":32,"enemies":"Gremlin Nob","floor":7,"turns":4},{"damage":0,"enemies":"3 Louse","floor":8,"turns":2},{"damage":8,"enemies":"Looter","floor":11,"turns":2},{"damage":11,"enemies":"Lagavulin","floor":13,"turns":6},{"damage":0,"enemies":"Blue Slaver","floor":14,"turns":2},{"damage":0,"enemies":"Slime Boss","floor":16,"turns":6},{"damage":7,"enemies":"Spheric Guardian","floor":18,"turns":3},{"damage":0,"enemies":"3 Byrds","floor":19,"turns":4},{"damage":20,"enemies":"Snake Plant","floor":20,"turns":5},{"damage":22,"enemies":"Shelled Parasite and Fungi","floor":22,"turns":5},{"damage":15,"enemies":"Slavers","floor":23,"turns":4},{"damage":32,"enemies":"Book of Stabbing","floor":25,"turns":4},{"damage":21,"enemies":"Snecko","floor":29,"turns":4},{"damage":7,"enemies":"Masked Bandits","floor":30,"turns":3},{"damage":62,"enemies":"Automaton","floor":33,"turns":10}],"seed_played":"509691890136532925","potions_obtained":[{"floor":2,"key":"HeartOfIron"},{"floor":4,"key":"Block Potion"},{"floor":7,"key":"BloodPotion"},{"floor":8,"key":"HeartOfIron"},{"floor":14,"key":"Explosive Potion"},{"floor":18,"key":"Block Potion"},{"floor":22,"key":"SpeedPotion"},{"floor":23,"key":"Explosive Potion"},{"floor":25,"key":"Weak Potion"}],"is_trial":false,"path_per_floor":["M","M","?","M","M","R","E","M","T","R","M","R","E","M","R","B",null,"M","M","M","$","M","E","?","E","T","R","T","M","?","?","R","B"],"character_chosen":"IRONCLAD","items_purchased":["Bag of Preparation"],"campfire_rested":2,"item_purchase_floors":[21],"current_hp_per_floor":[65,70,70,75,74,74,48,74,74,74,72,72,70,75,75,75,75,74,75,61,61,45,41,41,20,20,42,42,27,26,26,48,0,0],"gold":213,"neow_bonus":"THREE_RARE_CARDS","is_daily":false,"chose_seed":false,"campfire_upgraded":4,"win_rate":0.0,"timestamp":1608369144,"path_taken":["M","M","?","M","M","R","E","M","T","R","?","R","E","?","R","BOSS","M","M","M","$","M","E","?","E","T","R","?","M","?","?","R","BOSS"],"items_purchased_type":["Relic"],"build_version":"2020-12-18","purchased_purges":1,"victory":false,"max_hp_per_floor":[75,75,75,75,75,75,75,75,75,75,75,75,75,75,75,75,75,75,75,75,75,75,75,75,75,75,75,75,75,75,75,75,75,75],"relic_stats":{"Nunchaku":[4],"counters":[19,75],"Sundial":[2],"Black Star":2,"Bag of Preparation":[12],"War Paint":["Double Tap","Defend_R"],"obtain_stats":[{"Oddly Smooth Stone":9,"Bag of Preparation":21,"War Paint":13,"Frozen Egg 2":28,"Burning Blood":0,"Mercury Hourglass":25,"keyreminder:keyreminder":26,"Nunchaku":23,"Sundial":23,"Black Star":17,"Red Mask":30,"Bottled Lightning":25,"Toy Ornithopter":7},{"Oddly Smooth Stone":6,"Bag of Preparation":13,"War Paint":8,"Frozen Egg 2":16,"Burning Blood":0,"Mercury Hourglass":16,"keyreminder:keyreminder":16,"Nunchaku":15,"Sundial":15,"Black Star":10,"Red Mask":18,"Bottled Lightning":16,"Toy Ornithopter":5},{"Oddly Smooth Stone":17,"Bag of Preparation":45,"War Paint":25,"Frozen Egg 2":58,"Burning Blood":0,"Mercury Hourglass":58,"keyreminder:keyreminder":58,"Nunchaku":54,"Sundial":54,"Black Star":33,"Red Mask":65,"Bottled Lightning":58,"Toy Ornithopter":15}],"Burning Blood":95,"Toy Ornithopter":28,"Mercury Hourglass":[75]},"card_choices":[{"not_picked":["Feed","Brutality"],"picked":"Immolate","floor":0},{"not_picked":["Twin Strike","Cleave","True Grit"],"picked":"SKIP","floor":1},{"not_picked":["Dropkick","Flex"],"picked":"Wild Strike","floor":2},{"not_picked":["Dark Embrace","Reckless Charge","Intimidate"],"picked":"SKIP","floor":4},{"not_picked":["Seeing Red","Dark Embrace","Flex"],"picked":"SKIP","floor":5},{"not_picked":["Flex","Dropkick"],"picked":"Pommel Strike","floor":7},{"not_picked":["Entrench","Brutality"],"picked":"Fire Breathing","floor":8},{"not_picked":["Flex","Heavy Blade"],"picked":"Thunderclap","floor":11},{"not_picked":["Sword Boomerang","Havoc"],"picked":"Double Tap","floor":13},{"not_picked":["Feel No Pain","Shrug It Off"],"picked":"True Grit","floor":14},{"not_picked":["Limit Break","Demon Form"],"picked":"Offering","floor":16},{"not_picked":["Clothesline","Body Slam","Anger"],"picked":"SKIP","floor":18},{"not_picked":["Warcry","Armaments+1"],"picked":"Disarm","floor":19},{"not_picked":["Anger","Thunderclap"],"picked":"Flame Barrier","floor":20},{"not_picked":["True Grit","Dual Wield+1"],"picked":"Second Wind","floor":22},{"not_picked":["Dropkick","Sword Boomerang","Double Tap"],"picked":"SKIP","floor":23},{"not_picked":["Sword Boomerang","Pommel Strike"],"picked":"Iron Wave+1","floor":25},{"not_picked":["Havoc","Twin Strike+1"],"picked":"Thunderclap+1","floor":29},{"not_picked":["Bloodletting","Blood for Blood"],"picked":"Shrug It Off","floor":30}],"player_experience":2556967,"relics_obtained":[{"floor":7,"key":"Toy Ornithopter"},{"floor":9,"key":"Oddly Smooth Stone"},{"floor":13,"key":"War Paint"},{"floor":23,"key":"Sundial"},{"floor":23,"key":"Nunchaku"},{"floor":25,"key":"Mercury Hourglass"},{"floor":25,"key":"Bottled Lightning"},{"floor":28,"key":"Frozen Egg 2"},{"floor":30,"key":"Red Mask"}],"event_choices":[{"damage_healed":0,"gold_gain":0,"cards_transformed":["Strike_R"],"player_choice":"Transformed","damage_taken":0,"max_hp_gain":0,"max_hp_loss":0,"event_name":"Transmorgrifier","floor":3,"gold_loss":0,"cards_obtained":["Intimidate"]},{"damage_healed":0,"gold_gain":0,"player_choice":"Fought Bandits","damage_taken":0,"max_hp_gain":0,"max_hp_loss":0,"event_name":"Masked Bandits","floor":30,"gold_loss":0},{"damage_healed":0,"gold_gain":0,"player_choice":"Ignored","damage_taken":0,"max_hp_gain":0,"max_hp_loss":0,"event_name":"Cursed Tome","floor":31,"gold_loss":0}],"is_beta":true,"boss_relics":[{"not_picked":["Philosopher\u0027s Stone","Astrolabe"],"picked":"Black Star"}],"items_purged_floors":[21],"is_endless":false,"potions_floor_spawned":[2,4,7,8,11,14,18,22,23,25],"killed_by":"Automaton","ascension_level":20}}