{"host":"30jsp143e4v19aze","time":1608411572,"event":{"mods":["BaseMod","Colored Map","Highlight Path","Minty Spire (QoL Compilation)","Quick Restart","Relic Sorter","Relic Stats","Say the Spire","StSLib"],"gold_per_floor":[489,114,132,155,305,25,25,25,25,25,25,54,67,87,120,120,120,120],"floor_reached":16,"playtime":1530,"items_purged":["Doubt"],"score":216,"play_id":"5049b776-c258-49ca-87bd-4e38364df233","local_time":"20201219215932","is_ascension_mode":true,"campfire_choices":[{"data":"Carnage","floor":6,"key":"SMITH"},{"data":"Combust","floor":10,"key":"SMITH"},{"data":"Bash","floor":15,"key":"SMITH"}],"circlet_count":0,"master_deck":["AscendersBane","Strike_R","Strike_R","Defend_R","Defend_R","Defend_R","Defend_R","Bash+1","Pommel Strike","Carnage+1","Combust+1","Battle Trance","Regret","Sword Boomerang","Limit Break"],"relics":["Empty Cage","Anchor","White Beast Statue","Bottled Lightning","Potion Belt","Prayer Wheel"],"acts_visited":["Exordium"],"potions_floor_usage":[14,16,16,16,16],"damage_taken":[{"damage":7,"enemies":"Cultist","floor":1,"turns":4},{"damage":6,"enemies":"Jaw Worm","floor":2,"turns":6},{"damage":11,"enemies":"Gremlin Nob","floor":11,"turns":3},{"damage":5,"enemies":"2 Louse","floor":12,"turns":2},{"damage":3,"enemies":"Large Slime","floor":13,"turns":3},{"damage":44,"enemies":"Lagavulin","floor":14,"turns":5},{"damage":12,"enemies":"Slime Boss","floor":16,"turns":5}],"seed_played":"8784423600809599087","potions_obtained":[{"floor":2,"key":"ColorlessPotion"},{"floor":11,"key":"Fire Potion"},{"floor":12,"key":"ColorlessPotion"},{"floor":13,"key":"FearPotion"},{"floor":14,"key":"ColorlessPotion"}],"is_trial":false,"path_per_floor":["M","M","T","?","$","R","?","?","T","R","E","M","M","E","R","B"],"character_chosen":"IRONCLAD","items_purchased":["Combust","Battle Trance","Regen Potion"],"campfire_rested":0,"item_purchase_floors":[5,5,5],"current_hp_per_floor":[21,61,55,55,55,55,55,55,55,55,55,44,39,36,6,6,0,0],"gold":120,"neow_bonus":"BOSS_RELIC","is_daily":false,"chose_seed":false,"campfire_upgraded":3,"win_rate":0.0,"timestamp":1608411572,"path_taken":["M","M","?","?","$","R","?","?","T","R","E","?","?","E","R","BOSS"],"items_purchased_type":["Card","Card","Potion"],"build_version":"2020-12-13","purchased_purges":1,"victory":false,"max_hp_per_floor":[75,75,75,75,75,75,75,75,75,75,75,75,75,75,75,75,75,75],"relic_stats":{"counters":[7,28],"Prayer Wheel":0,"obtain_stats":[{"Potion Belt":11,"Anchor":3,"Prayer Wheel":14,"Bottled Lightning":9,"Empty Cage":0,"Burning Blood":0,"White Beast Statue":7},{"Potion Belt":3,"Anchor":2,"Prayer Wheel":6,"Bottled Lightning":2,"Empty Cage":0,"Burning Blood":0,"White Beast Statue":2},{"Potion Belt":13,"Anchor":10,"Prayer Wheel":23,"Bottled Lightning":10,"Empty Cage":0,"Burning Blood":0,"White Beast Statue":10}]},"card_choices":[{"not_picked":["Clash","True Grit"],"picked":"Pommel Strike","floor":1},{"not_picked":["Havoc","Combust"],"picked":"Carnage","floor":2},{"not_picked":["Combust","Dropkick"],"picked":"Limit Break","floor":11},{"not_picked":["Armaments","Carnage","Havoc"],"picked":"SKIP","floor":12},{"not_picked":["Cleave","Blood for Blood","True Grit"],"picked":"SKIP","floor":13},{"not_picked":["Clothesline","Headbutt","Sentinel"],"picked":"SKIP","floor":14}],"player_experience":2937278,"relics_obtained":[{"floor":3,"key":"Anchor"},{"floor":9,"key":"Bottled Lightning"},{"floor":11,"key":"Potion Belt"},{"floor":14,"key":"Prayer Wheel"}],"event_choices":[{"damage_healed":0,"gold_gain":150,"player_choice":"AGREE","damage_taken":0,"max_hp_gain":0,"max_hp_loss":0,"event_name":"Liars Game","floor":4,"gold_loss":0,"cards_obtained":["Doubt"]},{"damage_healed":0,"gold_gain":0,"player_choice":"Box","damage_taken":0,"relics_obtained":["White Beast Statue"],"max_hp_gain":0,"max_hp_loss":0,"event_name":"Big Fish","floor":7,"gold_loss":0,"cards_obtained":["Regret"]},{"damage_healed":0,"gold_gain":0,"cards_transformed":["Strike_R"],"player_choice":"Transformed","damage_taken":0,"max_hp_gain":0,"max_hp_loss":0,"event_name":"Transmorgrifier","floor":8,"gold_loss":0,"cards_obtained":["Sword Boomerang"]}],"is_beta":false,"boss_relics":[],"items_purged_floors":[5],"is_endless":false,"potions_floor_spawned":[2,11,12,13,14],"killed_by":"Slime Boss","ascension_level":20}}