{"host":"85dtmvttrcbdj5h5","time":1608347165,"event":{"mods":["AchievementEnabler","BaseMod","Bestiary","Colored Powertips","Filter the Spire","Highlight Path","Minty Spire (QoL Compilation)","Potion Indicator Mod","RNG Fix","Relic Stats"],"gold_per_floor":[117,133,133,152,27,55,68,32,32,108,108,125,155,170,170,265,265,284,79,92,105,105,134,147,147,170,170,184,199,212,243,243,341,341,357,66,66,78,94,125,145,145,169,169,189,189,223,239,239,239],"floor_reached":51,"playtime":3824,"items_purged":["Strike_R","Strike_R","Defend_R"],"score":763,"play_id":"8b696ce2-718d-44b0-81d1-c0090f773c58","local_time":"20201218220605","is_ascension_mode":false,"campfire_choices":[{"data":"Sever Soul","floor":11.0,"key":"SMITH"},{"data":"Carnage","floor":15.0,"key":"SMITH"},{"data":"True Grit","floor":25,"key":"SMITH"},{"data":"Uppercut","floor":27,"key":"SMITH"},{"data":"1","floor":32,"key":"LIFT"},{"floor":42,"key":"REST"},{"floor":44,"key":"REST"},{"floor":49,"key":"REST"}],"circlet_count":0,"master_deck":["Strike_R","Strike_R+1","Defend_R","Defend_R","Defend_R+1","Bash","Sever Soul+1","Anger","Iron Wave","Shrug It Off","True Grit+1","Uppercut+1","Disarm","Feel No Pain","Fiend Fire","Carnage+1","Brutality+1","Sentinel+1","Intimidate+1","Clash","Battle Trance+1","Reckless Charge","Whirlwind","Anger+1","Reckless Charge","Rupture+1","Inflame+1","Exhume+1","Hemokinesis+1","Shrug It Off+1","True Grit+1","Evolve+1","Fire Breathing+1","Infernal Blade+1","True Grit+1","Thinking Ahead+1","Dark Shackles+1","Master of Strategy+1","Armaments+1","Combust+1"],"relics":["Burning Blood","Bronze Scales","Dream Catcher","Magic Flower","Toxic Egg 2","Frozen Egg 2","Sozu","Ancient Tea Set","Girya","Runic Cube","Red Skull","Toy Ornithopter","Anchor"],"acts_visited":["Exordium","TheCity","TheBeyond"],"potions_floor_usage":[],"damage_taken":[{"damage":6.0,"enemies":"2 Louse","floor":1.0,"turns":2.0},{"damage":0.0,"enemies":"Cultist","floor":2.0,"turns":2.0},{"damage":5.0,"enemies":"Small Slimes","floor":4.0,"turns":2.0},{"damage":22.0,"enemies":"3 Sentries","floor":6.0,"turns":9.0},{"damage":0.0,"enemies":"Exordium Wildlife","floor":7.0,"turns":3.0},{"damage":0.0,"enemies":"Lots of Slimes","floor":12.0,"turns":2.0},{"damage":17.0,"enemies":"Gremlin Nob","floor":13.0,"turns":5.0},{"damage":0.0,"enemies":"3 Louse","floor":14.0,"turns":2.0},{"damage":19,"enemies":"Slime Boss","floor":16,"turns":12},{"damage":18,"enemies":"2 Thieves","floor":18,"turns":4},{"damage":5,"enemies":"3 Byrds","floor":20,"turns":3},{"damage":7,"enemies":"Cultist and Chosen","floor":21,"turns":6},{"damage":15,"enemies":"Book of Stabbing","floor":23,"turns":5},{"damage":6,"enemies":"3 Cultists","floor":24,"turns":5},{"damage":3,"enemies":"Snecko","floor":28,"turns":4},{"damage":4,"enemies":"Centurion and Healer","floor":29,"turns":5},{"damage":9,"enemies":"Snake Plant","floor":30,"turns":3},{"damage":32,"enemies":"Slavers","floor":31,"turns":4},{"damage":36,"enemies":"Champ","floor":33,"turns":9},{"damage":16,"enemies":"3 Shapes","floor":35,"turns":3},{"damage":8,"enemies":"3 Darklings","floor":38,"turns":4},{"damage":49,"enemies":"Jaw Worm Horde","floor":39,"turns":4},{"damage":24,"enemies":"Reptomancer","floor":40,"turns":5},{"damage":12,"enemies":"Maw","floor":41,"turns":6},{"damage":6,"enemies":"Transient","floor":45,"turns":5},{"damage":7,"enemies":"Giant Head","floor":47,"turns":6},{"damage":19,"enemies":"Sphere and 2 Shapes","floor":48,"turns":6},{"damage":44,"enemies":"Time Eater","floor":50,"turns":7}],"seed_played":"3549177575616893815","potions_obtained":[{"floor":2.0,"key":"Swift Potion"},{"floor":4.0,"key":"Dexterity Potion"},{"floor":6.0,"key":"Explosive Potion"},{"floor":13.0,"key":"Fire Potion"}],"is_trial":false,"path_per_floor":["M","M","?","M","$","E","M","$","T","T","R","M","E","M","R","B",null,"M","$","M","M","?","E","M","R","T","R","M","M","M","E","R","B",null,"M","$","?","M","M","E","M","R","T","R","M","?","E","M","R","B",null],"character_chosen":"IRONCLAD","items_purchased":["Shrug It Off","Disarm","Intimidate+1","Clash","Shrug It Off+1","True Grit+1","Evolve+1"],"campfire_rested":3,"item_purchase_floors":[5,8,19,19,36,36,36],"current_hp_per_floor":[80,80,64,65,65,49,55,55,55,55,55,64,56,65,65,55,80,71,71,75,77,71,65,68,68,68,68,74,79,79,56,56,29,80,73,73,73,74,34,19,16,40,40,64,67,57,59,49,73,38],"gold":239,"neow_bonus":"RANDOM_COMMON_RELIC","is_daily":false,"chose_seed":false,"campfire_upgraded":4,"win_rate":0.0,"timestamp":1608347165,"path_taken":["M","M","?","M","?","E","M","$","T","?","R","?","E","M","R","BOSS","M","$","M","?","?","E","M","R","T","R","M","M","M","E","R","BOSS","M","$","?","?","?","E","M","R","T","R","?","?","E","M","R","BOSS"],"items_purchased_type":["Card","Card","Card","Card","Card","Card","Card"],"build_version":"2020-12-13","purchased_purges":3,"victory":true,"max_hp_per_floor":[80,80,80,80,80,80,80,80,80,80,80,80,80,80,80,80,80,80,80,80,80,80,80,80,80,80,80,80,80,80,80,80,80,80,80,80,80,80,80,80,80,80,80,80,80,80,80,80,80,80],"relic_stats":{"Sozu":9,"Dream Catcher":3,"counters":[28,133],"Bronze Scales":[362],"Magic Flower":[69],"obtain_stats":[{"Girya":31,"Magic Flower":9,"Frozen Egg 2":13,"Ancient Tea Set":23,"Burning Blood":0,"Sozu":17,"Dream Catcher":6,"Anchor":47,"Bronze Scales":0,"Toxic Egg 2":10,"Red Skull":40,"Toy Ornithopter":43,"Runic Cube":34},{"Girya":18,"Magic Flower":5,"Frozen Egg 2":7,"Ancient Tea Set":13,"Burning Blood":0,"Sozu":9,"Dream Catcher":4,"Anchor":26,"Bronze Scales":0,"Toxic Egg 2":5,"Red Skull":23,"Toy Ornithopter":24,"Runic Cube":19},{"Girya":78,"Magic Flower":18,"Frozen Egg 2":25,"Ancient Tea Set":57,"Burning Blood":0,"Sozu":39,"Dream Catcher":15,"Anchor":120,"Bronze Scales":0,"Toxic Egg 2":18,"Red Skull":103,"Toy Ornithopter":109,"Runic Cube":87}],"Burning Blood":231,"Toy Ornithopter":0,"Runic Cube":[61]},"card_choices":[{"not_picked":["Fire Breathing","Twin Strike"],"picked":"Sever Soul","floor":1.0},{"not_picked":["Intimidate","Shockwave"],"picked":"Anger","floor":2.0},{"not_picked":["Headbutt","Sever Soul"],"picked":"Iron Wave","floor":4.0},{"not_picked":["Perfected Strike","Armaments"],"picked":"True Grit","floor":6.0},{"not_picked":["Iron Wave","Shrug It Off"],"picked":"Uppercut","floor":7.0},{"not_picked":["Whirlwind","Body Slam"],"picked":"Feel No Pain","floor":12.0},{"not_picked":["Body Slam","Armaments+1"],"picked":"Fiend Fire","floor":13.0},{"not_picked":["Sword Boomerang","Blood for Blood"],"picked":"Carnage","floor":14.0},{"not_picked":["Fiend Fire","Bludgeon"],"picked":"Brutality+1","floor":16},{"not_picked":["Wild Strike","Pummel"],"picked":"Sentinel+1","floor":18},{"not_picked":["Hemokinesis","Metallicize+1"],"picked":"Battle Trance+1","floor":20},{"not_picked":["Warcry+1","Battle Trance+1"],"picked":"Reckless Charge","floor":21},{"not_picked":["Warcry+1","Iron Wave"],"picked":"Whirlwind","floor":23},{"not_picked":["Carnage","Sever Soul","Anger+1"],"picked":"SKIP","floor":24},{"not_picked":["Sword Boomerang+1","Perfected Strike"],"picked":"Anger+1","floor":28},{"not_picked":["Thunderclap","Uppercut"],"picked":"Reckless Charge","floor":29},{"not_picked":["Entrench+1","Shockwave+1"],"picked":"Rupture+1","floor":30},{"not_picked":["Sever Soul","Entrench+1"],"picked":"Inflame+1","floor":31},{"not_picked":["Feed","Barricade+1"],"picked":"Exhume+1","floor":33},{"not_picked":["Anger","Thunderclap+1"],"picked":"Hemokinesis+1","floor":35},{"not_picked":["Thunderclap","Sentinel+1","Sword Boomerang+1"],"picked":"SKIP","floor":38},{"not_picked":["Cleave+1","Body Slam+1"],"picked":"Fire Breathing+1","floor":39},{"not_picked":["Heavy Blade+1","Spot Weakness+1","Warcry+1"],"picked":"SKIP","floor":40},{"not_picked":["Berserk+1","Cleave+1","Inflame+1"],"picked":"SKIP","floor":41},{"not_picked":["Clothesline","Havoc+1"],"picked":"Infernal Blade+1","floor":42},{"not_picked":["Heavy Blade","Sever Soul+1"],"picked":"True Grit+1","floor":44},{"not_picked":["Sever Soul+1","Clothesline+1","True Grit+1"],"picked":"SKIP","floor":45},{"not_picked":["Madness+1","Flash of Steel"],"picked":"Thinking Ahead+1","floor":46},{"not_picked":["Impatience+1","Jack Of All Trades+1"],"picked":"Dark Shackles+1","floor":46},{"not_picked":["Flash of Steel","Blind+1"],"picked":"Master of Strategy+1","floor":46},{"not_picked":["Sword Boomerang+1","Clothesline+1"],"picked":"Armaments+1","floor":47},{"not_picked":["Flex+1","Twin Strike","Pommel Strike+1"],"picked":"SKIP","floor":48},{"not_picked":["Body Slam","Flex+1"],"picked":"Combust+1","floor":49}],"player_experience":100226,"relics_obtained":[{"floor":6.0,"key":"Dream Catcher"},{"floor":9.0,"key":"Magic Flower"},{"floor":10.0,"key":"Toxic Egg 2"},{"floor":13.0,"key":"Frozen Egg 2"},{"floor":23,"key":"Ancient Tea Set"},{"floor":31,"key":"Girya"},{"floor":40,"key":"Red Skull"},{"floor":43,"key":"Toy Ornithopter"},{"floor":47,"key":"Anchor"}],"event_choices":[{"damage_healed":0.0,"max_hp_gain":0.0,"max_hp_loss":0.0,"gold_gain":0.0,"event_name":"Shining Light","player_choice":"Entered Light","floor":3.0,"gold_loss":0.0,"damage_taken":16.0,"cards_upgraded":["Defend_R","Strike_R"]},{"damage_healed":0,"gold_gain":0,"player_choice":"","damage_taken":6,"max_hp_gain":0,"max_hp_loss":0,"event_name":"Knowing Skull","floor":22,"potions_obtained":[],"gold_loss":0,"cards_obtained":[]},{"cards_removed":["Strike_R"],"damage_healed":0,"gold_gain":0,"player_choice":"Card Removal","damage_taken":0,"max_hp_gain":0,"max_hp_loss":0,"event_name":"Wheel of Change","floor":37,"gold_loss":0},{"damage_healed":0,"gold_gain":0,"player_choice":"Memory 3","damage_taken":10,"max_hp_gain":0,"max_hp_loss":0,"event_name":"SensoryStone","floor":46,"gold_loss":0}],"is_beta":false,"boss_relics":[{"not_picked":["Ectoplasm","SacredBark"],"picked":"Sozu"},{"not_picked":["Snecko Eye","Coffee Dripper"],"picked":"Runic Cube"}],"items_purged_floors":[5,19,36],"is_endless":false,"potions_floor_spawned":[2,4,6,13,18,23,24,29,33,35,38,41,48],"ascension_level":0}}