{"host":"08t08ld674si40tv","time":1608350845,"event":{"mods":["AchievementEnabler","BaseMod","Colored Map","Minty Spire (QoL Compilation)","StSLib","SuperFastMode"],"gold_per_floor":[111,111,36,50,50,84,100,100,151,184,184,197,213,29,29,105,105,125,142,156,31,31,31,31,41,66,66,66],"floor_reached":27,"playtime":618,"items_purged":["Strike_G","Strike_G","Strike_G"],"score":566,"play_id":"57d27513-3fb2-471a-9561-d195749b2800","local_time":"20201219130725","is_ascension_mode":true,"campfire_choices":[{"data":"Neutralize","floor":8.0,"key":"SMITH"},{"data":"Cloak And Dagger","floor":11.0,"key":"SMITH"},{"data":"Accuracy","floor":15.0,"key":"SMITH"},{"data":"Tactician","floor":23.0,"key":"SMITH"}],"circlet_count":0,"master_deck":["AscendersBane","Strike_G","Defend_G","Defend_G","Defend_G","Defend_G","Defend_G","Survivor","Neutralize+1","Blade Dance","Accuracy+1","Tactician+1","Acrobatics","Cloak And Dagger+1","Footwork","Infinite Blades","Caltrops","Burst","Blade Dance","Infinite Blades+1"],"relics":["Ring of the Snake","NeowsBlessing","Anchor","Juzu Bracelet","Mummified Hand","Runic Pyramid","Boot"],"acts_visited":["Exordium","TheCity"],"potions_floor_usage":[27,27],"damage_taken":[{"damage":0.0,"enemies":"Cultist","floor":1.0,"turns":1.0},{"damage":0.0,"enemies":"2 Louse","floor":4.0,"turns":1.0},{"damage":0.0,"enemies":"3 Sentries","floor":6.0,"turns":1.0},{"damage":0.0,"enemies":"Small Slimes","floor":7.0,"turns":4.0},{"damage":35.0,"enemies":"Lagavulin","floor":10.0,"turns":8.0},{"damage":0.0,"enemies":"Blue Slaver","floor":12.0,"turns":3.0},{"damage":0.0,"enemies":"Large Slime","floor":13.0,"turns":5.0},{"damage":0.0,"enemies":"Hexaghost","floor":16.0,"turns":8.0},{"damage":0.0,"enemies":"2 Thieves","floor":18.0,"turns":3.0},{"damage":17.0,"enemies":"Spheric Guardian","floor":19.0,"turns":4.0},{"damage":16.0,"enemies":"3 Cultists","floor":20.0,"turns":6.0},{"damage":30.0,"enemies":"Chosen and Byrds","floor":25.0,"turns":6.0},{"damage":14,"enemies":"Gremlin Leader","floor":27,"turns":2}],"seed_played":"-5094234080765435278","potions_obtained":[{"floor":4.0,"key":"Explosive Potion"},{"floor":6.0,"key":"Fruit Juice"},{"floor":12.0,"key":"PowerPotion"},{"floor":16.0,"key":"SneckoOil"},{"floor":18.0,"key":"FearPotion"},{"floor":20.0,"key":"Block Potion"},{"floor":25.0,"key":"EssenceOfSteel"}],"is_trial":false,"path_per_floor":["M","?","$","M","?","E","M","R","T","E","R","M","M","$","R","B",null,"M","M","M","$","?","R","$","M","T","E"],"character_chosen":"THE_SILENT","items_purchased":["Caltrops"],"campfire_rested":0,"item_purchase_floors":[14],"current_hp_per_floor":[59,52,52,52,66,66,66,66,66,36,36,36,36,36,36,36,62,62,45,29,29,43,43,43,13,13,0,0],"gold":66,"neow_bonus":"THREE_ENEMY_KILL","is_daily":false,"chose_seed":false,"campfire_upgraded":4,"win_rate":0.0,"timestamp":1608350845,"path_taken":["M","?","$","M","?","E","?","R","T","E","R","M","M","$","R","BOSS","M","M","M","$","?","R","$","M","T","E"],"items_purchased_type":["Card"],"build_version":"2020-12-13","purchased_purges":3,"victory":false,"max_hp_per_floor":[66,66,66,66,66,66,66,66,66,71,71,71,71,71,71,71,71,71,71,71,71,71,71,71,71,71,71,71],"card_choices":[{"not_picked":["Sucker Punch","Bane"],"picked":"Blade Dance","floor":1.0},{"not_picked":["Setup","Underhanded Strike"],"picked":"Accuracy","floor":4.0},{"not_picked":["Wraith Form v2","Dagger Spray"],"picked":"Tactician","floor":6.0},{"not_picked":["Dagger Spray","All Out Attack"],"picked":"Acrobatics","floor":7.0},{"not_picked":["Bullet Time","Dagger Spray"],"picked":"Cloak And Dagger","floor":10.0},{"not_picked":["Sucker Punch","PiercingWail"],"picked":"Footwork","floor":12.0},{"not_picked":["Acrobatics","Predator"],"picked":"Infinite Blades","floor":13.0},{"not_picked":["Bullet Time","Wraith Form v2"],"picked":"Burst","floor":16.0},{"not_picked":["Outmaneuver","Dash+1"],"picked":"Blade Dance","floor":18.0},{"not_picked":["Catalyst","Dodge and Roll+1"],"picked":"Infinite Blades+1","floor":19.0},{"not_picked":["Blade Dance+1","Distraction","Deadly Poison"],"picked":"SKIP","floor":20.0},{"not_picked":["Bouncing Flask","Poisoned Stab","Bane"],"picked":"SKIP","floor":25.0}],"player_experience":180375,"relics_obtained":[{"floor":6.0,"key":"Anchor"},{"floor":9.0,"key":"Juzu Bracelet"},{"floor":10.0,"key":"Mummified Hand"},{"floor":26.0,"key":"Boot"}],"event_choices":[{"cards_removed":["Strike_G"],"damage_healed":0.0,"max_hp_gain":0.0,"max_hp_loss":0.0,"gold_gain":0.0,"event_name":"Golden Wing","player_choice":"Card Removal","floor":2.0,"gold_loss":0.0,"damage_taken":7.0},{"damage_healed":14.0,"max_hp_gain":0.0,"max_hp_loss":0.0,"gold_gain":0.0,"event_name":"Wheel of Change","player_choice":"Full Heal","floor":5.0,"gold_loss":0.0,"damage_taken":0.0},{"damage_healed":14.0,"max_hp_gain":0.0,"max_hp_loss":0.0,"gold_gain":0.0,"event_name":"The Library","player_choice":"Heal","floor":22.0,"gold_loss":0.0,"damage_taken":0.0}],"is_beta":false,"boss_relics":[{"not_picked":["Snecko Eye","Runic Dome"],"picked":"Runic Pyramid"}],"items_purged_floors":[3,14,21],"is_endless":false,"potions_floor_spawned":[4,6,7,12,16,18,20,25],"killed_by":"Gremlin Leader","ascension_level":18}}