{"host":"8by3m8mve9y2rhh4","time":1608338190,"event":{"mods":["BaseMod","Minty Spire (QoL Compilation)","Quick Restart"],"gold_per_floor":[118,134,134,58,76,103,103,137,137,167,167,196,213,8,8,113,113,138,161,186,209,23,54,54,82,82,99,117,142,153,165,165,260,260,280,290,302,315,326,345,345,375,451,18,34,48,48,83,83,83,83,83,4,33,33],"floor_reached":56,"playtime":3368,"items_purged":["Strike_G","Strike_G"],"score":1447,"play_id":"db378081-7286-4547-bbd2-8112ccb0b73c","local_time":"20201219003630","is_ascension_mode":true,"campfire_choices":[{"floor":7,"key":"REST"},{"data":"Infinite Blades","floor":11,"key":"SMITH"},{"floor":15,"key":"REST"},{"floor":32,"key":"REST"},{"floor":41,"key":"REST"},{"floor":47,"key":"RECALL"},{"floor":49,"key":"REST"},{"data":"Accuracy","floor":52,"key":"SMITH"}],"circlet_count":0,"master_deck":["Strike_G","Strike_G","Strike_G","Defend_G","Defend_G","Defend_G","Defend_G","Defend_G","Survivor","Neutralize","Bouncing Flask","Deflect","Infinite Blades+1","Blade Dance","Tools of the Trade","Quick Slash+1","Flying Knee+1","Accuracy+1","Die Die Die+1","CurseOfTheBell","Outmaneuver","Cloak And Dagger","Deflect","Riddle With Holes+1","Cloak And Dagger+1","Sucker Punch+1","Well Laid Plans+1","Accuracy+1","Cloak And Dagger","After Image+1","After Image+1","Riddle With Holes","Outmaneuver+1","Dodge and Roll+1","Escape Plan+1","After Image+1","Accuracy+1","Adrenaline"],"relics":["SlaversCollar","Shuriken","Incense Burner","Paper Crane","Ice Cream","The Courier","Calling Bell","MawBank","Frozen Egg 2","CaptainsWheel","Orrery","Tough Bandages","Nloth\u0027s Gift","Oddly Smooth Stone","Bag of Preparation","Black Star","Happy Flower","Pocketwatch","Pear","FossilizedHelix","DollysMirror","Mercury Hourglass","Bottled Lightning","Blood Vial","Pantograph"],"acts_visited":["Exordium","TheCity","TheBeyond","TheEnding"],"potions_floor_usage":[12,12,13,16,16,20,21,23,29,35,37,50,50,55,55],"damage_taken":[{"damage":5,"enemies":"Small Slimes","floor":1,"turns":3},{"damage":3,"enemies":"Jaw Worm","floor":2,"turns":3},{"damage":0,"enemies":"Cultist","floor":5,"turns":3},{"damage":13,"enemies":"3 Sentries","floor":6,"turns":6},{"damage":9,"enemies":"Lagavulin","floor":8,"turns":4},{"damage":0,"enemies":"Gremlin Nob","floor":12,"turns":3},{"damage":0,"enemies":"Looter","floor":13,"turns":3},{"damage":11,"enemies":"The Guardian","floor":16,"turns":7},{"damage":10,"enemies":"Spheric Guardian","floor":18,"turns":3},{"damage":1,"enemies":"3 Byrds","floor":19,"turns":4},{"damage":3,"enemies":"Centurion and Healer","floor":20,"turns":5},{"damage":9,"enemies":"Chosen and Byrds","floor":21,"turns":4},{"damage":9,"enemies":"Slavers","floor":23,"turns":4},{"damage":0,"enemies":"Gremlin Leader","floor":25,"turns":7},{"damage":0,"enemies":"3 Cultists","floor":27,"turns":4},{"damage":8,"enemies":"Cultist and Chosen","floor":28,"turns":7},{"damage":1,"enemies":"Book of Stabbing","floor":29,"turns":5},{"damage":1,"enemies":"Snake Plant","floor":30,"turns":5},{"damage":0,"enemies":"Sentry and Sphere","floor":31,"turns":5},{"damage":5,"enemies":"Champ","floor":33,"turns":9},{"damage":4,"enemies":"3 Darklings","floor":35,"turns":7},{"damage":11,"enemies":"Orb Walker","floor":36,"turns":5},{"damage":7,"enemies":"4 Shapes","floor":37,"turns":7},{"damage":10,"enemies":"Writhing Mass","floor":38,"turns":7},{"damage":0,"enemies":"Spire Growth","floor":39,"turns":5},{"damage":6,"enemies":"3 Darklings","floor":40,"turns":5},{"damage":11,"enemies":"Giant Head","floor":42,"turns":8},{"damage":19,"enemies":"Transient","floor":45,"turns":5},{"damage":10,"enemies":"Jaw Worm Horde","floor":46,"turns":4},{"damage":0,"enemies":"Nemesis","floor":48,"turns":7},{"damage":11,"enemies":"Donu and Deca","floor":50,"turns":9},{"damage":7,"enemies":"Shield and Spear","floor":54,"turns":9},{"damage":27,"enemies":"The Heart","floor":55,"turns":10}],"seed_played":"497188034464343941","potions_obtained":[{"floor":1,"key":"BlessingOfTheForge"},{"floor":8,"key":"SkillPotion"},{"floor":12,"key":"ColorlessPotion"},{"floor":19,"key":"CunningPotion"},{"floor":23,"key":"Weak Potion"},{"floor":25,"key":"LiquidMemories"},{"floor":28,"key":"SteroidPotion"},{"floor":29,"key":"Block Potion"},{"floor":36,"key":"CunningPotion"},{"floor":38,"key":"ColorlessPotion"},{"floor":39,"key":"Dexterity Potion"}],"is_trial":false,"path_per_floor":["M","M","?","$","M","E","R","E","T","?","R","E","M","$","R","B",null,"M","M","M","M","$","E","?","E","T","M","M","E","M","M","R","B",null,"M","M","M","M","M","M","R","E","T","$","M","M","R","E","R","B",null,"R","$","E","B",null],"character_chosen":"THE_SILENT","items_purchased":["Infinite Blades","EntropicBrew","Accuracy","Orrery","FossilizedHelix","DollysMirror","Accuracy+1","SkillPotion","Weak Potion"],"campfire_rested":5,"item_purchase_floors":[4,14,14,22,44,44,44,53,53],"current_hp_per_floor":[65,62,55,55,55,42,63,54,54,54,54,54,54,54,70,59,70,60,59,56,59,59,50,50,50,50,50,42,41,40,40,61,56,70,66,55,48,38,38,32,53,42,52,52,33,23,23,23,47,36,80,80,80,73,53],"gold":33,"neow_bonus":"BOSS_RELIC","is_daily":false,"chose_seed":false,"campfire_upgraded":2,"win_rate":0.0,"timestamp":1608338190,"path_taken":["M","M","?","$","M","E","R","E","T","?","R","E","M","?","R","BOSS","M","?","M","M","$","E","?","E","T","M","M","E","?","M","R","BOSS","M","M","M","M","M","M","R","E","T","$","M","M","R","E","R","BOSS","R","$","E","BOSS"],"items_purchased_type":["Card","Potion","Card","Relic","Relic","Relic","Card","Potion","Potion"],"build_version":"2020-12-13","purchased_purges":2,"victory":true,"max_hp_per_floor":[70,70,70,70,70,70,70,70,70,70,70,70,70,70,70,70,70,70,70,70,70,70,70,70,70,70,70,70,70,70,70,70,70,70,70,70,70,70,70,70,70,70,80,80,80,80,80,80,80,80,80,80,80,80,80],"card_choices":[{"not_picked":["Caltrops","Flying Knee"],"picked":"Bouncing Flask","floor":1},{"not_picked":["Calculated Gamble","Finisher"],"picked":"Deflect","floor":2},{"not_picked":["Blur","Dagger Spray"],"picked":"Blade Dance","floor":5},{"not_picked":["Deadly Poison","Backflip"],"picked":"Tools of the Trade","floor":6},{"not_picked":["Concentrate","Expertise","Sucker Punch+1"],"picked":"SKIP","floor":8},{"not_picked":["Endless Agony+1","Prepared"],"picked":"Quick Slash+1","floor":12},{"not_picked":["Tactician","Outmaneuver"],"picked":"Flying Knee+1","floor":13},{"not_picked":["Storm of Steel","Wraith Form v2"],"picked":"Die Die Die+1","floor":16},{"not_picked":["Backflip+1","Deadly Poison"],"picked":"Outmaneuver","floor":18},{"not_picked":["Die Die Die+1","Blade Dance"],"picked":"Cloak And Dagger","floor":19},{"not_picked":["Expertise+1","Outmaneuver"],"picked":"Deflect","floor":20},{"not_picked":["Heel Hook+1","Prepared"],"picked":"Riddle With Holes+1","floor":21},{"not_picked":["Deadly Poison+1","Heel Hook+1"],"picked":"Cloak And Dagger+1","floor":22},{"not_picked":["Bane+1","Underhanded Strike+1"],"picked":"Sucker Punch+1","floor":22},{"not_picked":["Prepared","Acrobatics"],"picked":"Well Laid Plans+1","floor":22},{"not_picked":["Deadly Poison","Eviscerate+1","Deflect+1"],"picked":"SKIP","floor":23},{"not_picked":["Backflip","Cloak And Dagger+1"],"picked":"Accuracy+1","floor":25},{"not_picked":["Blade Dance+1","Flying Knee"],"picked":"Cloak And Dagger","floor":27},{"not_picked":["Die Die Die","Catalyst+1","Crippling Poison"],"picked":"SKIP","floor":28},{"not_picked":["Endless Agony+1","Venomology"],"picked":"After Image+1","floor":29},{"not_picked":["Flechettes","Quick Slash","Dagger Throw+1"],"picked":"SKIP","floor":30},{"not_picked":["Prepared","Endless Agony+1","Underhanded Strike"],"picked":"SKIP","floor":31},{"not_picked":["Die Die Die","Grand Finale"],"picked":"After Image+1","floor":33},{"not_picked":["Tools of the Trade+1","Slice"],"picked":"Riddle With Holes","floor":35},{"not_picked":["Dagger Spray","Terror"],"picked":"Outmaneuver+1","floor":36},{"not_picked":["Setup+1","Blade Dance"],"picked":"Dodge and Roll+1","floor":37},{"not_picked":["Predator+1","Blur"],"picked":"Escape Plan+1","floor":38},{"not_picked":["Prepared","Heel Hook","Backflip"],"picked":"SKIP","floor":39},{"not_picked":["Venomology","Sucker Punch","Dagger Spray+1"],"picked":"SKIP","floor":40},{"not_picked":["Underhanded Strike+1","Leg Sweep+1","Eviscerate"],"picked":"SKIP","floor":42},{"not_picked":["Flechettes","Outmaneuver+1","Flying Knee"],"picked":"SKIP","floor":45},{"not_picked":["Sucker Punch+1","PiercingWail","Dodge and Roll+1"],"picked":"SKIP","floor":46},{"not_picked":["Acrobatics","Slice+1"],"picked":"Adrenaline","floor":48},{"not_picked":["Cloak And Dagger","Tools of the Trade+1","Dagger Spray+1"],"picked":"SKIP","floor":54}],"player_experience":571560,"relics_obtained":[{"floor":6,"key":"Molten Egg 2"},{"floor":8,"key":"Incense Burner"},{"floor":9,"key":"Paper Crane"},{"floor":12,"key":"The Courier"},{"floor":17,"key":"MawBank"},{"floor":17,"key":"Frozen Egg 2"},{"floor":17,"key":"CaptainsWheel"},{"floor":23,"key":"Tough Bandages"},{"floor":25,"key":"Oddly Smooth Stone"},{"floor":29,"key":"Bag of Preparation"},{"floor":42,"key":"Happy Flower"},{"floor":42,"key":"Pocketwatch"},{"floor":43,"key":"Pear"},{"floor":48,"key":"Mercury Hourglass"},{"floor":48,"key":"Bottled Lightning"},{"floor":54,"key":"Blood Vial"},{"floor":54,"key":"Pantograph"}],"event_choices":[{"damage_healed":0,"gold_gain":0,"player_choice":"Success","damage_taken":7,"relics_obtained":["Shuriken"],"max_hp_gain":0,"max_hp_loss":0,"event_name":"Scrap Ooze","floor":3,"gold_loss":0},{"damage_healed":0,"gold_gain":30,"player_choice":"Searched \u00273\u0027 times","damage_taken":0,"relics_obtained":["Ice Cream"],"max_hp_gain":0,"max_hp_loss":0,"event_name":"Dead Adventurer","floor":10,"gold_loss":0},{"damage_healed":0,"gold_gain":0,"player_choice":"Traded Relic","damage_taken":0,"relics_obtained":["Nloth\u0027s Gift"],"max_hp_gain":0,"max_hp_loss":0,"event_name":"N\u0027loth","floor":24,"relics_lost":["Molten Egg 2"],"gold_loss":0}],"is_beta":false,"boss_relics":[{"not_picked":["Astrolabe","Runic Pyramid"],"picked":"Calling Bell"},{"not_picked":["Tiny House","HoveringKite"],"picked":"Black Star"}],"items_purged_floors":[14,22],"is_endless":false,"potions_floor_spawned":[1,8,12,19,23,25,28,29,36,38,39,40,46,54],"ascension_level":1}}