{"host":"qm4rv4rkpk76sbxu","time":1608398669,"event":{"mods":["BaseMod","Bestiary","Block Reminder","DeckTracker","Filter the Spire","Keyboard Shortcuts","Minty Spire (QoL Compilation)","MonsterHotkey","Potion Indicator Mod","Quick Restart","Random Character Button","Relic Stats","Slay-I","StSLib","ojb\u0027s Better Paths Mod"],"gold_per_floor":[113,78,93,93,109,141,141,173,173,189,189,189,214,214,214,291,291,309,328,5,5,5],"floor_reached":21,"playtime":952,"items_purged":[],"score":394,"play_id":"eb33031f-2aef-4f46-bf27-8c72459cf7b2","local_time":"20201219182429","is_ascension_mode":true,"campfire_choices":[{"floor":12.0,"key":"REST"},{"floor":15.0,"key":"RECALL"}],"circlet_count":0,"master_deck":["AscendersBane","Strike_B","Strike_B","Strike_B","Strike_B","Defend_B","Defend_B","Defend_B+1","Defend_B","Zap+1","Dualcast","Ball Lightning","Compile Driver","Auto Shields","Go for the Eyes","Seek","Compile Driver","Echo Form","Conserve Battery","Compile Driver","Heatsinks"],"relics":["Cracked Core","War Paint","Pantograph","WarpedTongs","Darkstone Periapt","Juzu Bracelet","Anchor","Philosopher\u0027s Stone","Mummified Hand"],"acts_visited":["Exordium","TheCity"],"potions_floor_usage":[21],"damage_taken":[{"damage":15.0,"enemies":"Small Slimes","floor":1.0,"turns":4.0},{"damage":0.0,"enemies":"Cultist","floor":3.0,"turns":3.0},{"damage":7.0,"enemies":"2 Louse","floor":5.0,"turns":2.0},{"damage":16.0,"enemies":"3 Sentries","floor":6.0,"turns":7.0},{"damage":31.0,"enemies":"Gremlin Nob","floor":8.0,"turns":4.0},{"damage":0.0,"enemies":"2 Fungi Beasts","floor":10.0,"turns":2.0},{"damage":24.0,"enemies":"3 Sentries","floor":13.0,"turns":8.0},{"damage":40.0,"enemies":"Hexaghost","floor":16.0,"turns":10.0},{"damage":18.0,"enemies":"Shell Parasite","floor":18.0,"turns":4.0},{"damage":0.0,"enemies":"Chosen","floor":19.0,"turns":4.0},{"damage":44,"enemies":"Masked Bandits","floor":21,"turns":3}],"seed_played":"4950838528373774530","potions_obtained":[{"floor":0.0,"key":"Fruit Juice"},{"floor":0.0,"key":"LiquidMemories"},{"floor":0.0,"key":"CultistPotion"},{"floor":6.0,"key":"Swift Potion"},{"floor":10.0,"key":"Weak Potion"},{"floor":16.0,"key":"ColorlessPotion"},{"floor":19.0,"key":"SkillPotion"}],"is_trial":false,"path_per_floor":["M","?","M","?","M","E","?","E","T","M","?","R","E","?","R","B",null,"M","M","$","?"],"character_chosen":"DEFECT","items_purchased":["Heatsinks","Mummified Hand"],"campfire_rested":1,"item_purchase_floors":[20,20],"current_hp_per_floor":[54,73,73,55,48,32,32,1,1,1,26,48,24,24,24,9,59,41,41,41,0,0],"gold":5,"neow_bonus":"THREE_SMALL_POTIONS","is_daily":false,"chose_seed":false,"campfire_upgraded":0,"win_rate":0.0,"timestamp":1608398669,"path_taken":["M","?","M","?","M","E","?","E","T","M","?","R","E","?","R","BOSS","M","M","$","?"],"items_purchased_type":["Card","Relic"],"build_version":"2020-12-13","purchased_purges":0,"victory":false,"max_hp_per_floor":[76,76,76,76,76,76,76,76,76,76,76,76,76,76,76,76,76,76,76,76,76,76],"relic_stats":{"Darkstone Periapt":0,"counters":[11,51],"Mummified Hand":[2],"Pantograph":25,"Juzu Bracelet":1,"War Paint":["Defend_B","Zap"],"obtain_stats":[{"Darkstone Periapt":8,"Anchor":13,"Mummified Hand":20,"Pantograph":6,"Philosopher\u0027s Stone":17,"Juzu Bracelet":9,"War Paint":4,"Cracked Core":0,"WarpedTongs":7},{"Darkstone Periapt":5,"Anchor":7,"Mummified Hand":10,"Pantograph":4,"Philosopher\u0027s Stone":8,"Juzu Bracelet":5,"War Paint":2,"Cracked Core":0,"WarpedTongs":4},{"Darkstone Periapt":20,"Anchor":30,"Mummified Hand":48,"Pantograph":16,"Philosopher\u0027s Stone":40,"Juzu Bracelet":20,"War Paint":7,"Cracked Core":0,"WarpedTongs":16}],"WarpedTongs":[34]},"card_choices":[{"not_picked":["Go for the Eyes","Auto Shields"],"picked":"Ball Lightning","floor":1.0},{"not_picked":["Hologram","Tempest"],"picked":"Compile Driver","floor":3.0},{"not_picked":["Go for the Eyes","Compile Driver"],"picked":"Auto Shields","floor":5.0},{"not_picked":["Chaos","Leap"],"picked":"Go for the Eyes","floor":6.0},{"not_picked":["Streamline","Stack"],"picked":"Seek","floor":8.0},{"not_picked":["Recycle","Rebound"],"picked":"Compile Driver","floor":10.0},{"not_picked":["Rebound","Gash","Melter"],"picked":"SKIP","floor":13.0},{"not_picked":["Hyperbeam","Machine Learning"],"picked":"Echo Form","floor":16.0},{"not_picked":["Redo","Hologram"],"picked":"Conserve Battery","floor":18.0},{"not_picked":["Rebound","Reprogram"],"picked":"Compile Driver","floor":19.0}],"player_experience":1074954,"relics_obtained":[{"floor":6.0,"key":"Pantograph"},{"floor":8.0,"key":"Darkstone Periapt"},{"floor":9.0,"key":"Juzu Bracelet"},{"floor":13.0,"key":"Anchor"}],"event_choices":[{"damage_healed":19.0,"max_hp_gain":0.0,"max_hp_loss":0.0,"gold_gain":0.0,"event_name":"The Cleric","player_choice":"Healed","floor":2.0,"gold_loss":35.0,"damage_taken":0.0},{"damage_healed":0.0,"max_hp_gain":0.0,"max_hp_loss":0.0,"gold_gain":0.0,"event_name":"Scrap Ooze","player_choice":"Success","floor":4.0,"gold_loss":0.0,"damage_taken":18.0,"relics_obtained":["War Paint"]},{"damage_healed":0.0,"max_hp_gain":0.0,"max_hp_loss":0.0,"gold_gain":0.0,"event_name":"Accursed Blacksmith","player_choice":"Rummage","floor":7.0,"gold_loss":0.0,"damage_taken":0.0,"relics_obtained":["WarpedTongs"],"cards_obtained":["Pain"]},{"damage_healed":25.0,"max_hp_gain":0.0,"max_hp_loss":0.0,"gold_gain":0.0,"event_name":"Big Fish","player_choice":"Banana","floor":11.0,"gold_loss":0.0,"damage_taken":0.0},{"cards_removed":["Pain"],"damage_healed":0.0,"max_hp_gain":0.0,"max_hp_loss":0.0,"gold_gain":0.0,"event_name":"Living Wall","player_choice":"Forget","floor":14.0,"gold_loss":0.0,"damage_taken":0.0},{"damage_healed":0,"gold_gain":0,"player_choice":"Fought Bandits","damage_taken":0,"max_hp_gain":0,"max_hp_loss":0,"event_name":"Masked Bandits","floor":21,"gold_loss":0}],"is_beta":false,"boss_relics":[{"not_picked":["Black Star","FrozenCore"],"picked":"Philosopher\u0027s Stone"}],"items_purged_floors":[],"is_endless":false,"potions_floor_spawned":[1,6,10,16,19],"killed_by":"Masked Bandits","ascension_level":20}}