{"host":"p5axfb00mxhraew6","time":1608377363,"event":{"mods":["Abigail Mod","Act Like it!","BaseMod","CapriCore","Friendly Minions","GifTheSpireLib","Jedi Mod","KomeijiMod","MarisaÅiñ∂âJÅ@ñÇóùçπÅj","Minty Spire (QoL Compilation)","Prisma Mod","ReimuÅiîé??öÎÅj","RemiliaÅiÂQïƒ‰ª?Åj","SOSÅiézîb?îVéqÅj","StSLib","Td1madao Mod","The Alterego","The Animator","The Immortal","The Problem Sleuth","TheSwordswoman","TheWitcher","YoumuÅiç∞ÈÆódöÎÅj","Åy?ï˚ìÒéü?çÏÅzî™â]éámod"],"gold_per_floor":[137,42,2,17,41,54,54,87,167,187,216,216,141,151,151,224,224,244,31,31,45,59,59,92,166,192,192,211,230,261,204,204,204,204,204,204,204,204,77,77,77,77,77,77,77,77,77,77,77,77,77,77,27,27,27],"floor_reached":56,"playtime":2413,"items_purged":["AT_purpleEX","AT_purpleEX","AT_purpleEX"],"score":2208,"play_id":"6d0b0de8-d9ec-41eb-8de3-22264a1b919c","local_time":"20201219202923","is_ascension_mode":true,"campfire_choices":[{"data":"Umbrella_purple","floor":7.0,"key":"SMITH"},{"data":"Mirror_FourBoundary_purple","floor":12.0,"key":"SMITH"},{"floor":15.0,"key":"REST"},{"data":"Apotheosis","floor":23.0,"key":"SMITH"},{"data":"RuptureOfTimeAndSpace_purple","floor":27.0,"key":"SMITH"},{"data":"CommonSense_AntiCommonSense_purple","floor":32.0,"key":"SMITH"},{"data":"D_absorption_purple","floor":40,"key":"SMITH"},{"data":"Umbrella_purple","floor":42,"key":"SMITH"},{"floor":44,"key":"RECALL"},{"data":"WangLiang_OokamiKakushi_purple","floor":49,"key":"SMITH"},{"data":"RuleDissolution_purple","floor":52,"key":"SMITH"}],"circlet_count":0,"master_deck":["AscendersBane","AT_purpleEX","Defend_purpleEX","Defend_purpleEX","Defend_purpleEX","Defend_purpleEX","Observe_purple_1","Observe_purple_2","CommonSense_AntiCommonSense_purple+1","Umbrella_purple","Mirror_FourBoundary_purple+1","Umbrella_purple+1","Worldmountain_purple","MeetDecomposer_purple","WangLiang_OokamiKakushi_purple+1","Charmbait_purple","Computing_the_future_purpleEX","Shallow_ocean_purpleEX+1","D_absorption_purple+1","Umbrella_purple+1","RuptureOfTimeAndSpace_purple+1","Mirror_FormAndEmptin_purple+1","DimensionStaggered_purple","Shallow_ocean_purpleEX","DarkRealmRedLine_purple","RuleDissolution_purple+1","CommonSense_AntiCommonSense_purple","OmniscientAndOmnipotent_Monster_purple","ProofOfUnderstanding_purple","DimensionStaggered_purple+1","Madness","Madness","Blind","Charmbait_purple","CommonSense_AntiCommonSense_purple","RuleDissolution_purple+1","Mirror_WaveAndshot_purple+1","MNeedle_purple","Boundary_of_Extermination_purpleEX","WangLiang_OokamiKakushi_purple"],"relics":["Boundary_crack","Memoryfragments_purpleEX","NeowsBlessing","PaintedHorse:ReiMu","Happy Flower","jedi:firstaidkit","ThegodofHakurei_purpleEX","HoshigumaDish","Sozu","jedi:matchstick","HornCleat","Omamori","Bag of Preparation","jedi:ominousloannote","jedi:heavyjacket","Calling Bell","Antimatter_spacedebris","Meat on the Bone","Turnip","jedi:purplefairy","Smiling Mask","Thread and Needle","Oddly Smooth Stone"],"acts_visited":["Exordium","TheCity","TheBeyond","TheEnding"],"potions_floor_usage":[55],"damage_taken":[{"damage":0.0,"enemies":"Cultist","floor":1.0,"turns":1.0},{"damage":0.0,"enemies":"Jaw Worm","floor":4.0,"turns":1.0},{"damage":0.0,"enemies":"Small Slimes","floor":6.0,"turns":2.0},{"damage":26.0,"enemies":"Lagavulin","floor":8.0,"turns":7.0},{"damage":26.0,"enemies":"3 Louse","floor":10.0,"turns":8.0},{"damage":25.0,"enemies":"Gremlin Nob","floor":11.0,"turns":3.0},{"damage":0.0,"enemies":"Looter","floor":14.0,"turns":3.0},{"damage":2.0,"enemies":"Hexaghost","floor":16.0,"turns":5.0},{"damage":5.0,"enemies":"2 Thieves","floor":18.0,"turns":3.0},{"damage":0.0,"enemies":"Shell Parasite","floor":21.0,"turns":4.0},{"damage":7.0,"enemies":"Centurion and Healer","floor":22.0,"turns":5.0},{"damage":29.0,"enemies":"Book of Stabbing","floor":24.0,"turns":4.0},{"damage":0.0,"enemies":"Snake Plant","floor":28.0,"turns":4.0},{"damage":2.0,"enemies":"Shelled Parasite and Fungi","floor":29.0,"turns":3.0},{"damage":29.0,"enemies":"Slavers","floor":30.0,"turns":5.0},{"damage":0.0,"enemies":"Champ","floor":33.0,"turns":6.0},{"damage":2,"enemies":"3 Shapes","floor":35,"turns":4},{"damage":0,"enemies":"3 Shapes","floor":38,"turns":3},{"damage":0,"enemies":"Mind Bloom Boss Battle","floor":41,"turns":4},{"damage":0,"enemies":"Giant Head","floor":45,"turns":4},{"damage":0,"enemies":"3 Darklings","floor":46,"turns":3},{"damage":0,"enemies":"Reptomancer","floor":47,"turns":3},{"damage":0,"enemies":"Spire Growth","floor":48,"turns":4},{"damage":0,"enemies":"Donu and Deca","floor":50,"turns":5},{"damage":0,"enemies":"Shield and Spear","floor":54,"turns":4},{"damage":11,"enemies":"The Heart","floor":55,"turns":5}],"seed_played":"-7950892748282972524","potions_obtained":[{"floor":1.0,"key":"SteroidPotion"},{"floor":8.0,"key":"Ancient Potion"}],"is_trial":false,"path_per_floor":["M","$","?","M","T","M","R","E","T","M","E","R","$","M","R","B",null,"M","$","?","M","M","R","E","T","T","R","M","M","E","$","R","B",null,"M","?","?","?","$","R","?","R","T","R","E","M","E","M","R","B",null,"R","$","E","B",null],"character_chosen":"Youkari","items_purchased":["CommonSense_AntiCommonSense_purple","Umbrella_purple","D_absorption_purple","Umbrella_purple","CommonSense_AntiCommonSense_purple","jedi:ominousloannote","jedi:heavyjacket","OmniscientAndOmnipotent_Monster_purple","Charmbait_purple","CommonSense_AntiCommonSense_purple"],"campfire_rested":1,"item_purchase_floors":[2,2,19,19,31,31,31,31,39,39],"current_hp_per_floor":[63,63,63,63,63,63,63,42,42,47,22,22,22,23,44,47,64,64,64,64,69,70,70,53,53,53,53,58,62,38,38,38,43,63,66,57,57,62,62,62,70,70,70,70,70,70,70,70,70,70,70,70,70,70,67],"gold":27,"neow_bonus":"THREE_ENEMY_KILL","is_daily":false,"chose_seed":false,"campfire_upgraded":9,"win_rate":0.0,"timestamp":1608377363,"path_taken":["M","$","?","M","?","M","R","E","T","?","E","R","$","M","R","BOSS","M","$","?","M","M","R","E","?","T","R","M","M","E","?","R","BOSS","M","?","?","?","$","R","?","R","T","R","E","?","E","M","R","BOSS","R","$","E","BOSS"],"items_purchased_type":["Card","Card","Card","Card","Card","Relic","Relic","Card","Card","Card"],"build_version":"2020-12-13","purchased_purges":3,"victory":true,"max_hp_per_floor":[70,70,70,70,70,70,70,70,70,70,70,70,70,70,70,70,70,70,70,70,70,70,70,70,70,70,70,70,70,70,70,70,70,70,70,70,70,70,70,70,70,70,70,70,70,70,70,70,70,70,70,70,70,70,70],"card_choices":[{"not_picked":["WatchEChange_purple","MetroBOOM_purple","Line_surface_state_purple"],"picked":"SKIP","floor":1.0},{"not_picked":["Anti_communist_purple","OmniscientAndOmnipotent_Monster_purple"],"picked":"Mirror_FourBoundary_purple","floor":4.0},{"not_picked":["ExistenceContinue_purple","RuleDissolution_purple"],"picked":"Umbrella_purple","floor":6.0},{"not_picked":["ExistenceContinue_purple","StateDuplicate_purple"],"picked":"Worldmountain_purple","floor":8.0},{"not_picked":["ExternalForce_HighSpeedFlying_purple","MNeedle_purple"],"picked":"MeetDecomposer_purple","floor":10.0},{"not_picked":["MeetDecomposer_purple","Shallow_ocean_purpleEX"],"picked":"WangLiang_OokamiKakushi_purple","floor":11.0},{"not_picked":["Umbrella_purple","DarkRealmRedLine_purple"],"picked":"Charmbait_purple","floor":14.0},{"not_picked":["Theboundaryofcreation_purpleEX","MagicEyes_LaplaceDemon_purple"],"picked":"Computing_the_future_purpleEX","floor":16.0},{"not_picked":["Umbrella_purple","AdvanceAttack_purple"],"picked":"Shallow_ocean_purpleEX+1","floor":18.0},{"not_picked":["Extrememeaning_purpleEX+1","AdvanceAttack_purple"],"picked":"RuptureOfTimeAndSpace_purple","floor":21.0},{"not_picked":["ExistenceContinue_purple","WatchEyeChange_purple"],"picked":"Mirror_FormAndEmptin_purple+1","floor":22.0},{"not_picked":["ExternalForce_HighSpeedFlying_purple","SharpContractionReality_purple"],"picked":"DimensionStaggered_purple","floor":24.0},{"not_picked":["MetroBOOM_purple","MonsterNeedle_purple"],"picked":"Shallow_ocean_purpleEX","floor":28.0},{"not_picked":["Boundary_ObjectiveBoundary_purple","RuleDissolution_purple"],"picked":"DarkRealmRedLine_purple","floor":29.0},{"not_picked":["DarkRealmRedLine_purple+1","ExistenceContinue_purple"],"picked":"RuleDissolution_purple","floor":30.0},{"not_picked":["UniverseChoice_purple","Monsters_DoubleDeathButterfly_purple"],"picked":"ProofOfUnderstanding_purple","floor":33.0},{"not_picked":["RuleDissolution_purple","StateDuplicate_purple"],"picked":"DimensionStaggered_purple+1","floor":35},{"not_picked":["Jack Of All Trades","PreThought"],"picked":"Blind","floor":37},{"not_picked":["Bait_Toxicbait_purple","StateDuplicate_purple+1"],"picked":"RuleDissolution_purple+1","floor":41},{"not_picked":["Price_of_realm_purpleEX","Charmbait_purple"],"picked":"Mirror_WaveAndshot_purple+1","floor":45},{"not_picked":["Realm_recovery_purpleEX","ExistenceContinue_purple","StateDuplicate_purple"],"picked":"SKIP","floor":46},{"not_picked":["Realm_recovery_purpleEX+1","Mirror_FormAndEmptin_purple"],"picked":"MNeedle_purple","floor":47},{"not_picked":["StateErode_purple","OmniscientAndOmnipotent_Monster_purple"],"picked":"Boundary_of_Extermination_purpleEX","floor":48},{"not_picked":["MNeedle_purple","SfantasyHide_purple"],"picked":"WangLiang_OokamiKakushi_purple","floor":54}],"player_experience":1252729,"relics_obtained":[{"floor":5.0,"key":"Happy Flower"},{"floor":8.0,"key":"jedi:firstaidkit"},{"floor":9.0,"key":"ThegodofHakurei_purpleEX"},{"floor":11.0,"key":"HoshigumaDish"},{"floor":24.0,"key":"jedi:matchstick"},{"floor":25.0,"key":"HornCleat"},{"floor":26.0,"key":"Omamori"},{"floor":30.0,"key":"Bag of Preparation"},{"floor":34.0,"key":"Antimatter_spacedebris"},{"floor":34.0,"key":"Meat on the Bone"},{"floor":34.0,"key":"Turnip"},{"floor":41,"key":"jedi:purplefairy"},{"floor":45,"key":"Smiling Mask"},{"floor":47,"key":"Thread and Needle"},{"floor":54,"key":"Oddly Smooth Stone"}],"event_choices":[{"damage_healed":0.0,"max_hp_gain":0.0,"max_hp_loss":0.0,"gold_gain":0.0,"event_name":"yidonshenshe","player_choice":"Donate","floor":3.0,"gold_loss":40.0,"damage_taken":0.0,"relics_obtained":["PaintedHorse:ReiMu"]},{"damage_healed":0,"gold_gain":0,"player_choice":"Embrace Madness","damage_taken":9,"max_hp_gain":0,"max_hp_loss":0,"event_name":"Winding Halls","floor":36,"gold_loss":0,"cards_obtained":["Madness","Madness"]},{"damage_healed":0,"gold_gain":0,"player_choice":"Memory 1","damage_taken":0,"max_hp_gain":0,"max_hp_loss":0,"event_name":"SensoryStone","floor":37,"gold_loss":0},{"damage_healed":0,"gold_gain":0,"player_choice":"Fight","damage_taken":0,"max_hp_gain":0,"max_hp_loss":0,"event_name":"MindBloom","floor":41,"gold_loss":0}],"is_beta":false,"boss_relics":[{"not_picked":["RedLine:ReiMu","jedi:paperlyon"],"picked":"Sozu"},{"not_picked":["Pandora\u0027s Box","Snecko Eye"],"picked":"Calling Bell"}],"items_purged_floors":[13,31,53],"is_endless":false,"potions_floor_spawned":[1,8,21,29,30,33,35,41,46,48],"ascension_level":13}}