{"host":"41o2x9tazfds4ymf","time":1608396319,"event":{"mods":["Act Like it!","BaseMod","Better Vampires","Colored Powertips","Gensokyo","Hallownest","Lobotomy","LobotomyExtend","Minty Spire (QoL Compilation)","Remilia（蕾米莉亚）","Shop Mod","StSLib","TestMod","Waifu the Spire","WarShipGirlsR/战舰少女R mod","[IsaacMod]以撒尖塔","【东方二次创作】八云紫mod"],"gold_per_floor":[115,131,131,148,1,30,30,64,88,88,88,148,181,262,262,336,336,356,368,381,399,399,427,437,462,462,114,150,171,211,211,211,315],"floor_reached":17,"playtime":1530,"items_purged":[],"score":814,"play_id":"d931aa57-c648-487e-a626-b7f1ffe9af97","local_time":"20201220004519","is_ascension_mode":true,"campfire_choices":[{"data":"ScarletDream","floor":7,"key":"SMITH"},{"data":"NightLord","floor":11,"key":"SMITH"},{"data":"BombardNight","floor":15,"key":"SMITH"},{"data":"EternalNight","floor":15,"key":"SMITH"}],"circlet_count":0,"master_deck":["AscendersBane","Strike_RM","Strike_RM","Strike_RM","Strike_RM","Defend_RM","Defend_RM+1","Defend_RM","Defend_RM","RedMoon","ScarletShoot","UnderTheZenith+1","NightLord+1","NightDance","ScarletDream+1","BombardNight+1","TransientEternity","BloodyHallows","ScarletImprint","EternalNight","RedRainbow","ReincarnationDial","EternalNight+1","BloodySeventeenLaser","MiserableFate","ScarletDevilSign","ScarletDevil","BatForm"],"relics":["ScarletHat","HushsDoor","testmod-SaigiyounoYou","GuppysPaw","testmod-TestBox","MerchantsRug","War Paint","Juzu Bracelet","Potion Belt","Ancient Tea Set","The Courier","testmod-NegativeEmotionEnhancer","NineLifeCat","GuppysHead","LetterFromLob","HowToJump","Calipers","Sundial","CeramicFish","Bag of Preparation","Blood Vial","Odd Mushroom","Gremlin Horn","Golden Idol"],"acts_visited":["Exordium","Gensokyo:Gensokyoer"],"potions_floor_usage":[13,13,16,6,16,17,17],"damage_taken":[{"damage":2.0,"enemies":"Jaw Worm","floor":1.0,"turns":4.0},{"damage":0.0,"enemies":"Small Slimes","floor":2.0,"turns":5.0},{"damage":1,"enemies":"Cultist","floor":4,"turns":4},{"damage":34,"enemies":"Lagavulin","floor":6,"turns":8},{"damage":46,"enemies":"Gremlin Nob","floor":8,"turns":5},{"damage":0,"enemies":"3 Sentries","floor":13,"turns":3},{"damage":23,"enemies":"Hexaghost","floor":16,"turns":9},{"damage":0,"enemies":"2 Louse","floor":1,"turns":1},{"damage":0,"enemies":"Small Slimes","floor":2,"turns":2},{"damage":0,"enemies":"Cultist","floor":3,"turns":2},{"damage":0,"enemies":"Large Slime","floor":4,"turns":1},{"damage":0,"enemies":"Lagavulin","floor":6,"turns":2},{"damage":0,"enemies":"Blue Slaver","floor":7,"turns":2},{"damage":0,"enemies":"Gremlin Nob","floor":8,"turns":2},{"damage":0,"enemies":"The Mushroom Lair","floor":11,"turns":1},{"damage":0,"enemies":"Looter","floor":12,"turns":2},{"damage":0,"enemies":"3 Sentries","floor":13,"turns":2},{"damage":0,"enemies":"Slime Boss","floor":16,"turns":2},{"damage":43,"enemies":"Malkuth","floor":17,"turns":5},{"damage":155,"enemies":"Yesod","floor":17,"turns":5},{"damage":188,"enemies":"Chesed","floor":17,"turns":6}],"seed_played":"5776370179572299833","potions_obtained":[{"floor":2.0,"key":"Block Potion"},{"floor":8,"key":"DistilledChaos"},{"floor":13,"key":"ColorlessPotion"},{"floor":2,"key":"Fire Potion"},{"floor":3,"key":"DuplicationPotion"},{"floor":6,"key":"testmod-SpacePotion"},{"floor":7,"key":"Dexterity Potion"},{"floor":8,"key":"Explosive Potion"}],"is_trial":false,"path_per_floor":["M","M","?","M","$","E","R","E","T","?","R","?","E","T","R","B",null,"M","M","M","M","M","?","E","M","E","T","$","?","M","E","?","R","B",null],"character_chosen":"REMILIA","items_purchased":["MerchantsRug","FairyPotion","NineLifeCat","GuppysHead","BloodyHallows","CeramicFish","Bag of Preparation","Blood Vial"],"campfire_rested":0,"item_purchase_floors":[5,17,17,17,17,10,10,10],"current_hp_per_floor":[74,75,75,75,75,59,59,28,28,40,40,25,39,39,39,58,1,2,3,4,5,5,6,7,8,8,8,9,10,11,9,9,12],"gold":315,"neow_bonus":"","is_daily":false,"chose_seed":false,"campfire_upgraded":4,"win_rate":0.0,"timestamp":1608396319,"path_taken":["M","M","?","M","$","E","R","E","T","?","R","?","E","?","R","BOSS","M","M","M","M","M","?","E","M","E","T","$","?","M","E","?","R","BOSS"],"items_purchased_type":["Relic","Potion","Relic","Relic","Card","Relic","Relic","Relic"],"build_version":"2020-12-13","purchased_purges":0,"victory":true,"max_hp_per_floor":[75,75,75,75,75,75,75,75,75,75,75,75,75,75,75,75,1,2,3,4,5,5,6,7,8,8,8,9,10,11,11,11,12],"card_choices":[{"not_picked":[],"picked":"EpicFetus","floor":0.0},{"not_picked":["SuperhumanBloodyKnife","UnstableMagic"],"picked":"UnderTheZenith","floor":1.0},{"not_picked":["UnstableMagic","FavorOfDestiny"],"picked":"NightLord","floor":2.0},{"not_picked":["EndlessAdversity","MastersStateliness"],"picked":"NightDance","floor":4},{"not_picked":["CharismaGuard","BlasphemousPunishment"],"picked":"ScarletDream","floor":6},{"not_picked":["CurseOfVladTepes","DevilSight","ScarletDream"],"picked":"SKIP","floor":8},{"not_picked":["VampireSweep","VampireFantasy"],"picked":"BombardNight","floor":13},{"not_picked":["HellCatastrophe","ForecastOfChange"],"picked":"TransientEternity","floor":16},{"not_picked":["UnderTheZenith","MastersStateliness"],"picked":"ScarletImprint","floor":1},{"not_picked":["MillenniumVampire","BloodAndWine"],"picked":"EternalNight","floor":2},{"not_picked":["CharismaGuard","Stigmanizer"],"picked":"RedRainbow","floor":3},{"not_picked":["FavorOfDestiny","BombardNight"],"picked":"ReincarnationDial","floor":4},{"not_picked":["EmergencyRegeneration","VampireKiss"],"picked":"EternalNight","floor":6},{"not_picked":["FavorOfDestiny","BombardNight","Stigmanizer"],"picked":"SKIP","floor":7},{"not_picked":["NightDance","VampireSweep"],"picked":"BloodySeventeenLaser","floor":8},{"not_picked":["CharismaGuard","UnstableMagic"],"picked":"MiserableFate","floor":11},{"not_picked":["DiffusionOfMisfortune","TwelveNightmare"],"picked":"ScarletDevilSign","floor":12},{"not_picked":["VampireKiss","GlobalNightmare"],"picked":"ScarletDevil","floor":13},{"not_picked":["ChaoticDestiny","EquivalentExchange"],"picked":"BatForm","floor":16}],"player_experience":210168,"relics_obtained":[{"floor":1.0,"key":"LetterFromLob"},{"floor":6,"key":"War Paint"},{"floor":8,"key":"Juzu Bracelet"},{"floor":9,"key":"Potion Belt"},{"floor":13,"key":"Ancient Tea Set"},{"floor":14,"key":"The Courier"},{"floor":1,"key":"LetterFromLob"},{"floor":6,"key":"HowToJump"},{"floor":8,"key":"Calipers"},{"floor":9,"key":"Sundial"},{"floor":11,"key":"Odd Mushroom"},{"floor":13,"key":"Gremlin Horn"}],"event_choices":[{"damage_healed":0.0,"max_hp_gain":0.0,"max_hp_loss":0.0,"gold_gain":0.0,"event_name":"给自己的盒子","player_choice":"Swap Relic","floor":3.0,"relics_lost":["testmod-TestBox"],"gold_loss":0.0,"damage_taken":0.0,"relics_obtained":["testmod-TestBox"]},{"damage_healed":0,"gold_gain":0,"player_choice":"Fought Mushrooms","damage_taken":0,"max_hp_gain":0,"max_hp_loss":0,"event_name":"Mushrooms","floor":11,"gold_loss":0},{"damage_healed":0,"gold_gain":0,"player_choice":"Take Damage","damage_taken":2,"relics_obtained":["Golden Idol"],"max_hp_gain":0,"max_hp_loss":0,"event_name":"Golden Idol","floor":14,"gold_loss":0}],"is_beta":false,"boss_relics":[{"not_picked":["Coffee Dripper","testmod-DreamHouse"],"picked":"testmod-NegativeEmotionEnhancer"},{"not_picked":[]}],"items_purged_floors":[],"is_endless":false,"potions_floor_spawned":[2,8,13,2,3,6,7,8],"ascension_level":13}}