{"host":"axuns55dzq466eei","time":1608377267,"event":{"mods":["BaseMod","Colored Map","Keyboard Shortcuts","Minty Spire (QoL Compilation)","StSLib","SuperFastMode"],"gold_per_floor":[116,129,129,147,147,147,177,177,177,177,202,36,55,130,130,204,204,220,87,12,12,22,22,37,37,37,57,68,85,85,85],"floor_reached":30,"playtime":576,"items_purged":["Strike_G"],"score":480,"play_id":"03df17a3-3ed7-4269-8bf8-ac11fcd80709","local_time":"20201219202747","is_ascension_mode":true,"campfire_choices":[{"data":"Dagger Throw","floor":6.0,"key":"SMITH"},{"data":"Masterful Stab","floor":8.0,"key":"SMITH"},{"data":"Neutralize","floor":10.0,"key":"SMITH"},{"floor":15.0,"key":"REST"},{"data":"Accuracy","floor":23.0,"key":"SMITH"},{"data":"Blade Dance","floor":25,"key":"SMITH"}],"circlet_count":0,"master_deck":["AscendersBane","Strike_G","Strike_G","Strike_G","Defend_G","Defend_G","Defend_G","Defend_G","Defend_G","Survivor","Neutralize+1","Masterful Stab+1","Dagger Throw+1","Tactician","Accuracy+1","Backflip","After Image","Escape Plan","Blade Dance+1","Concentrate+1","Burst"],"relics":["Ring of the Snake","NeowsBlessing","Ornamental Fan","Akabeko","Pear","Tiny Chest","TheAbacus","Coffee Dripper","Shuriken"],"acts_visited":["Exordium","TheCity"],"potions_floor_usage":[27,27,30],"damage_taken":[{"damage":0.0,"enemies":"Jaw Worm","floor":1.0,"turns":1.0},{"damage":0.0,"enemies":"Cultist","floor":2.0,"turns":1.0},{"damage":0.0,"enemies":"Small Slimes","floor":4.0,"turns":1.0},{"damage":25.0,"enemies":"Lagavulin","floor":7.0,"turns":6.0},{"damage":8.0,"enemies":"3 Sentries","floor":11.0,"turns":11.0},{"damage":3.0,"enemies":"2 Fungi Beasts","floor":13.0,"turns":3.0},{"damage":12.0,"enemies":"Slime Boss","floor":16.0,"turns":8.0},{"damage":5.0,"enemies":"Shell Parasite","floor":18.0,"turns":8.0},{"damage":6.0,"enemies":"2 Thieves","floor":22.0,"turns":5.0},{"damage":33,"enemies":"Snecko","floor":24,"turns":7},{"damage":24,"enemies":"Shelled Parasite and Fungi","floor":27,"turns":6},{"damage":3,"enemies":"3 Cultists","floor":28,"turns":5},{"damage":4,"enemies":"Sentry and Sphere","floor":29,"turns":5},{"damage":11,"enemies":"Snake Plant","floor":30,"turns":5}],"seed_played":"4687949848131527905","potions_obtained":[{"floor":1.0,"key":"Poison Potion"},{"floor":2.0,"key":"FearPotion"},{"floor":7.0,"key":"CunningPotion"},{"floor":13.0,"key":"DistilledChaos"},{"floor":18.0,"key":"Regen Potion"},{"floor":24,"key":"Block Potion"},{"floor":29,"key":"EssenceOfSteel"}],"is_trial":false,"path_per_floor":["M","M","?","M","?","R","E","R","T","R","E","$","M","?","R","B",null,"M","$","?","?","M","R","M","R","T","M","M","M","M"],"character_chosen":"THE_SILENT","items_purchased":["TheAbacus","Blade Dance"],"campfire_rested":1,"item_purchase_floors":[12,19],"current_hp_per_floor":[59,59,59,59,64,64,39,39,49,49,41,41,38,27,51,39,71,66,66,66,66,60,60,27,27,27,17,14,10,0,0],"gold":85,"neow_bonus":"THREE_ENEMY_KILL","is_daily":false,"chose_seed":false,"campfire_upgraded":5,"win_rate":0.0,"timestamp":1608377267,"path_taken":["M","M","?","?","?","R","E","R","T","R","E","$","M","?","R","BOSS","M","$","?","?","M","R","M","R","T","M","M","M","M"],"items_purchased_type":["Relic","Card"],"build_version":"2020-12-13","purchased_purges":1,"victory":false,"max_hp_per_floor":[66,66,66,66,71,71,71,71,81,81,81,81,81,81,81,81,81,81,81,81,81,81,81,81,81,81,81,81,81,81,81],"card_choices":[{"not_picked":["Finisher","Dodge and Roll"],"picked":"Masterful Stab","floor":1.0},{"not_picked":["Outmaneuver","Finisher","Quick Slash"],"picked":"SKIP","floor":2.0},{"not_picked":["Prepared","Sucker Punch"],"picked":"Dagger Throw","floor":4.0},{"not_picked":["Finisher","A Thousand Cuts"],"picked":"Tactician","floor":7.0},{"not_picked":["Outmaneuver","Caltrops"],"picked":"Accuracy","floor":11.0},{"not_picked":["Dagger Spray","Masterful Stab"],"picked":"Backflip","floor":13.0},{"not_picked":["Corpse Explosion","A Thousand Cuts"],"picked":"After Image","floor":16.0},{"not_picked":["Concentrate","Outmaneuver"],"picked":"Escape Plan","floor":18.0},{"not_picked":["Poisoned Stab","Bane+1","Expertise"],"picked":"SKIP","floor":22.0},{"not_picked":["Outmaneuver","Riddle With Holes","Dash"],"picked":"SKIP","floor":24},{"not_picked":["Outmaneuver","Dagger Throw","Catalyst"],"picked":"SKIP","floor":27},{"not_picked":["Endless Agony","Slice"],"picked":"Concentrate+1","floor":28},{"not_picked":["Underhanded Strike","Slice"],"picked":"Burst","floor":29}],"player_experience":1036294,"relics_obtained":[{"floor":7.0,"key":"Akabeko"},{"floor":9.0,"key":"Pear"},{"floor":11.0,"key":"Tiny Chest"},{"floor":26,"key":"Shuriken"}],"event_choices":[{"damage_healed":0.0,"max_hp_gain":0.0,"max_hp_loss":0.0,"gold_gain":0.0,"event_name":"WeMeetAgain","player_choice":"Gave Potion","floor":3.0,"gold_loss":0.0,"damage_taken":0.0,"relics_obtained":["Ornamental Fan"]},{"damage_healed":0.0,"max_hp_gain":5.0,"max_hp_loss":0.0,"gold_gain":0.0,"event_name":"Big Fish","player_choice":"Donut","floor":5.0,"gold_loss":0.0,"damage_taken":0.0},{"damage_healed":0.0,"max_hp_gain":0.0,"max_hp_loss":0.0,"gold_gain":75.0,"event_name":"World of Goop","player_choice":"Gather Gold","floor":14.0,"gold_loss":0.0,"damage_taken":11.0},{"cards_removed":["Strike_G"],"damage_healed":0.0,"max_hp_gain":0.0,"max_hp_loss":0.0,"gold_gain":0.0,"event_name":"Beggar","player_choice":"Gave Gold","floor":20.0,"gold_loss":75.0,"damage_taken":0.0},{"damage_healed":0.0,"max_hp_gain":0.0,"max_hp_loss":0.0,"gold_gain":0.0,"event_name":"The Mausoleum","player_choice":"Ignored","floor":21.0,"gold_loss":0.0,"damage_taken":0.0}],"is_beta":false,"boss_relics":[{"not_picked":["Calling Bell","Philosopher\u0027s Stone"],"picked":"Coffee Dripper"}],"items_purged_floors":[19],"is_endless":false,"potions_floor_spawned":[1,2,7,13,18,24,29],"killed_by":"Snake Plant","ascension_level":20}}