{"host":"aqym1xxr3lb31d9m","time":1608382483,"event":{"mods":["BaseMod","Block Reminder","Colored Map","Colored Powertips","DeckTracker","Highlight Path","Minty Spire (QoL Compilation)","Practice Mode","Quick Restart","Random Character Button","StSLib","SuperFastMode"],"gold_per_floor":[365,515,535,32,65,99,99,141,141,186,237,237,162,235,235,260,260],"floor_reached":16,"playtime":551,"items_purged":["Doubt"],"score":270,"play_id":"b8498306-2066-4692-99bb-aa259160e353","local_time":"20201219215443","is_ascension_mode":true,"campfire_choices":[{"data":"HandOfGreed","floor":7.0,"key":"SMITH"},{"data":"Neutralize","floor":12.0,"key":"SMITH"},{"data":"Calculated Gamble","floor":15,"key":"SMITH"}],"circlet_count":0,"master_deck":["AscendersBane","Strike_G","Strike_G","Strike_G","Strike_G","Strike_G","Defend_G","Defend_G","Defend_G","Defend_G","Defend_G","Survivor","Neutralize+1","All Out Attack","Backstab","HandOfGreed+1","Backstab","Quick Slash","Predator","Die Die Die","Calculated Gamble+1"],"relics":["Ring of the Snake","Akabeko","Blood Vial","Pantograph","Pear","Sundial","Odd Mushroom"],"acts_visited":["Exordium"],"potions_floor_usage":[],"damage_taken":[{"damage":0.0,"enemies":"Cultist","floor":1.0,"turns":3.0},{"damage":18.0,"enemies":"Jaw Worm","floor":3.0,"turns":6.0},{"damage":0.0,"enemies":"Small Slimes","floor":5.0,"turns":2.0},{"damage":8.0,"enemies":"Gremlin Nob","floor":6.0,"turns":3.0},{"damage":0.0,"enemies":"Red Slaver","floor":8.0,"turns":1.0},{"damage":0.0,"enemies":"Large Slime","floor":10.0,"turns":3.0},{"damage":0.0,"enemies":"3 Sentries","floor":11.0,"turns":4.0},{"damage":3,"enemies":"The Mushroom Lair","floor":14,"turns":4},{"damage":67,"enemies":"Slime Boss","floor":16,"turns":7}],"seed_played":"-3714138574359380517","potions_obtained":[{"floor":3.0,"key":"Explosive Potion"},{"floor":8.0,"key":"Strength Potion"},{"floor":10.0,"key":"Fire Potion"},{"floor":14,"key":"Dexterity Potion"}],"is_trial":false,"path_per_floor":["M","?","M","$","M","E","R","M","T","M","E","R","$","?","R","B"],"character_chosen":"THE_SILENT","items_purchased":["Akabeko","Blood Vial","HandOfGreed"],"campfire_rested":0,"item_purchase_floors":[4,4,4],"current_hp_per_floor":[44,44,26,26,28,22,22,24,34,36,38,38,38,37,37,0,0],"gold":260,"neow_bonus":"TWO_FIFTY_GOLD","is_daily":false,"chose_seed":false,"campfire_upgraded":3,"win_rate":0.0,"timestamp":1608382483,"path_taken":["M","?","M","$","M","E","R","M","T","M","E","R","$","?","R","BOSS"],"items_purchased_type":["Relic","Relic","Card"],"build_version":"2020-12-13","purchased_purges":1,"victory":false,"max_hp_per_floor":[66,66,66,66,66,66,66,66,76,76,76,76,76,76,76,76,76],"card_choices":[{"not_picked":["Dagger Spray","Bane"],"picked":"All Out Attack","floor":1.0},{"not_picked":["Deadly Poison","Flying Knee"],"picked":"Backstab","floor":3.0},{"not_picked":["Endless Agony","Expertise"],"picked":"Backstab","floor":5.0},{"not_picked":["Underhanded Strike","Slice"],"picked":"Quick Slash","floor":6.0},{"not_picked":["Backflip","Eviscerate"],"picked":"Predator","floor":8.0},{"not_picked":["Outmaneuver","Bane"],"picked":"Die Die Die","floor":10.0},{"not_picked":["Dash","PiercingWail"],"picked":"Calculated Gamble","floor":11.0}],"player_experience":3883444,"relics_obtained":[{"floor":6.0,"key":"Pantograph"},{"floor":9.0,"key":"Pear"},{"floor":11.0,"key":"Sundial"},{"floor":14,"key":"Odd Mushroom"}],"event_choices":[{"damage_healed":0.0,"max_hp_gain":0.0,"max_hp_loss":0.0,"gold_gain":150.0,"event_name":"Liars Game","player_choice":"AGREE","floor":2.0,"gold_loss":0.0,"damage_taken":0.0,"cards_obtained":["Doubt"]},{"damage_healed":0,"gold_gain":0,"player_choice":"Fought Mushrooms","damage_taken":0,"max_hp_gain":0,"max_hp_loss":0,"event_name":"Mushrooms","floor":14,"gold_loss":0}],"is_beta":false,"boss_relics":[],"items_purged_floors":[13],"is_endless":false,"potions_floor_spawned":[3,8,10,14],"killed_by":"Slime Boss","ascension_level":20}}