{"host":"6fbjdsiu9jij34p7","time":1608370169,"event":{"mods":["2.2 Compatiblity","AchievementEnabler","BaseMod","Colored Map","DeckTracker","Highlight Path","Keyboard Shortcuts","Minty Spire (QoL Compilation)","Permanent Neow","Quick Restart","StSLib","SuperFastMode"],"gold_per_floor":[113,113,10,10,10,42,42,74,74,86,102,102,119,119,119,119,119],"floor_reached":16,"playtime":280,"items_purged":[],"score":213,"play_id":"8c0644ed-9117-42f8-bf5b-f729e5e58445","local_time":"20201219182929","is_ascension_mode":true,"campfire_choices":[{"data":"Body Slam","floor":7,"key":"SMITH"},{"data":"Entrench","floor":12,"key":"SMITH"},{"data":"Power Through","floor":15,"key":"SMITH"}],"circlet_count":0,"master_deck":["Strike_R","Strike_R","Strike_R","Strike_R","Strike_R","Defend_R","Defend_R","Defend_R","Defend_R","Bash","Entrench+1","Regret","Body Slam+1","Flame Barrier","Power Through+1","Flex"],"relics":["Burning Blood","NeowsBlessing","Bag of Preparation","WingedGreaves","Boot","Bottled Lightning","Meat on the Bone"],"acts_visited":["Exordium"],"potions_floor_usage":[16,16],"damage_taken":[{"damage":0,"enemies":"Small Slimes","floor":1,"turns":1},{"damage":0,"enemies":"Gremlin Nob","floor":6,"turns":1},{"damage":0,"enemies":"3 Sentries","floor":8,"turns":1},{"damage":4,"enemies":"2 Louse","floor":10,"turns":2},{"damage":0,"enemies":"Cultist","floor":11,"turns":3},{"damage":4,"enemies":"Looter","floor":13,"turns":3},{"damage":81,"enemies":"Hexaghost","floor":16,"turns":14}],"seed_played":"-1508202829927292404","potions_obtained":[{"floor":6,"key":"SmokeBomb"},{"floor":11,"key":"Fire Potion"},{"floor":13,"key":"Weak Potion"}],"is_trial":false,"path_per_floor":["M","?","$","?","$","E","R","E","T","M","M","R","M","?","R","B"],"character_chosen":"IRONCLAD","items_purchased":["Body Slam","Shrug It Off"],"campfire_rested":0,"item_purchase_floors":[3,3],"current_hp_per_floor":[78,78,78,78,78,80,80,80,80,80,80,80,80,80,80,0,0],"gold":119,"neow_bonus":"THREE_ENEMY_KILL","is_daily":false,"chose_seed":false,"campfire_upgraded":3,"win_rate":0.0,"timestamp":1608370169,"path_taken":["M","?","$","?","$","E","R","E","T","M","?","R","M","?","R","BOSS"],"items_purchased_type":["Card","Card"],"build_version":"2020-12-13","purchased_purges":0,"victory":false,"max_hp_per_floor":[80,80,80,80,80,80,80,80,80,80,80,80,80,80,80,80,80],"card_choices":[{"not_picked":["Armaments","Clash"],"picked":"Entrench","floor":1},{"not_picked":["Burning Pact","Hemokinesis","Pommel Strike"],"picked":"SKIP","floor":6},{"not_picked":["Flex","Clothesline"],"picked":"Flame Barrier","floor":8},{"not_picked":["True Grit","Havoc"],"picked":"Power Through","floor":10},{"not_picked":["Reckless Charge","Twin Strike"],"picked":"Flex","floor":11},{"not_picked":["Perfected Strike","Carnage","Sword Boomerang"],"picked":"SKIP","floor":13}],"player_experience":241537,"relics_obtained":[{"floor":6,"key":"Boot"},{"floor":8,"key":"Bottled Lightning"},{"floor":9,"key":"Meat on the Bone"}],"event_choices":[{"damage_healed":0,"gold_gain":0,"player_choice":"Box","damage_taken":0,"relics_obtained":["Bag of Preparation"],"max_hp_gain":0,"max_hp_loss":0,"event_name":"Big Fish","floor":2,"gold_loss":0,"cards_obtained":["Regret"]},{"cards_removed":["Shrug It Off"],"damage_healed":0,"gold_gain":0,"player_choice":"Gave Card","damage_taken":0,"relics_obtained":["WingedGreaves"],"max_hp_gain":0,"max_hp_loss":0,"event_name":"WeMeetAgain","floor":4,"gold_loss":0},{"damage_healed":0,"gold_gain":0,"player_choice":"0 cards matched","damage_taken":0,"max_hp_gain":0,"max_hp_loss":0,"event_name":"Match and Keep!","floor":14,"gold_loss":0,"cards_obtained":[]}],"is_beta":false,"boss_relics":[],"items_purged_floors":[],"is_endless":false,"potions_floor_spawned":[6,11,13],"killed_by":"Hexaghost","ascension_level":7}}