{"host":"qm4rv4rkpk76sbxu","time":1608404654,"event":{"mods":["BaseMod","Bestiary","Block Reminder","DeckTracker","Filter the Spire","Keyboard Shortcuts","Minty Spire (QoL Compilation)","MonsterHotkey","Potion Indicator Mod","Quick Restart","Random Character Button","Relic Stats","Slay-I","StSLib","ojb\u0027s Better Paths Mod"],"gold_per_floor":[117,16,30,30,30,30,64,64,110,122,149,194,206,232,244,334,346,375,20,40,51,69,103,103,133,159,191,191,202,217,0,0,75,75,92,105,124,0,0,31,59,94,94,109,138,152,152,164,164,164,164,164,164,0,31,31],"floor_reached":57,"playtime":4057,"items_purged":["Regret"],"score":2809,"play_id":"b3c492b7-d132-495b-92bb-3d3c65dec33a","local_time":"20201219200414","is_ascension_mode":true,"campfire_choices":[{"data":"Tempest","floor":6.0,"key":"SMITH"},{"data":"Ball Lightning","floor":8.0,"key":"SMITH"},{"data":"Machine Learning","floor":13.0,"key":"SMITH"},{"data":"Genetic Algorithm","floor":15.0,"key":"SMITH"},{"floor":24.0,"key":"RECALL"}],"circlet_count":0,"master_deck":["AscendersBane","Strike_B","Strike_B","Defend_B","Defend_B+1","Defend_B","Defend_B","Zap+1","Dualcast","Tempest+1","Self Repair","Go for the Eyes","Cold Snap+1","Self Repair","Ball Lightning+1","Machine Learning+1","Genetic Algorithm+1","Ball Lightning","Echo Form","Steam+1","Chill","Hologram","Defragment","Defragment+1","Meteor Strike","Compile Driver","Core Surge+1","Conserve Battery","Hologram","Glacier","Core Surge","Compile Driver+1","Reinforced Body+1","Skim+1","Stack","Auto Shields+1","Compile Driver","Loop","Master of Strategy","Stack"],"relics":["Coffee Dripper","Vajra","Akabeko","MawBank","Potion Belt","Fusion Hammer","Membership Card","Ice Cream","Blood Vial","Bag of Marbles","War Paint","Centennial Puzzle","WingedGreaves","Nuclear Battery","Red Mask","Pear","The Courier","Pocketwatch","Whetstone","Toy Ornithopter"],"acts_visited":["Exordium","TheCity","TheBeyond","TheEnding"],"potions_floor_usage":[56,56,56,56],"damage_taken":[{"damage":2.0,"enemies":"Jaw Worm","floor":1.0,"turns":4.0},{"damage":6.0,"enemies":"Cultist","floor":3.0,"turns":4.0},{"damage":41.0,"enemies":"3 Sentries","floor":7.0,"turns":9.0},{"damage":4.0,"enemies":"Small Slimes","floor":11.0,"turns":3.0},{"damage":27.0,"enemies":"Gremlin Nob","floor":12.0,"turns":4.0},{"damage":0.0,"enemies":"Exordium Thugs","floor":14.0,"turns":2.0},{"damage":32.0,"enemies":"Hexaghost","floor":16.0,"turns":9.0},{"damage":27.0,"enemies":"3 Byrds","floor":18.0,"turns":4.0},{"damage":14.0,"enemies":"2 Thieves","floor":20.0,"turns":4.0},{"damage":23.0,"enemies":"Snecko","floor":21.0,"turns":7.0},{"damage":6.0,"enemies":"Snake Plant","floor":22.0,"turns":3.0},{"damage":20.0,"enemies":"Book of Stabbing","floor":23.0,"turns":5.0},{"damage":36.0,"enemies":"Slavers","floor":25.0,"turns":5.0},{"damage":26.0,"enemies":"Book of Stabbing","floor":27.0,"turns":4.0},{"damage":0.0,"enemies":"3 Cultists","floor":29.0,"turns":6.0},{"damage":3.0,"enemies":"Snecko","floor":30.0,"turns":5.0},{"damage":32.0,"enemies":"Automaton","floor":33.0,"turns":10.0},{"damage":3.0,"enemies":"Orb Walker","floor":35.0,"turns":4.0},{"damage":5.0,"enemies":"3 Shapes","floor":36.0,"turns":5.0},{"damage":25.0,"enemies":"Spire Growth","floor":37.0,"turns":5.0},{"damage":10.0,"enemies":"Giant Head","floor":40.0,"turns":7.0},{"damage":13.0,"enemies":"Nemesis","floor":41.0,"turns":7.0},{"damage":20.0,"enemies":"Reptomancer","floor":42.0,"turns":5.0},{"damage":7.0,"enemies":"Writhing Mass","floor":44.0,"turns":5.0},{"damage":3.0,"enemies":"Nemesis","floor":45.0,"turns":5.0},{"damage":9.0,"enemies":"Jaw Worm Horde","floor":46.0,"turns":8.0},{"damage":10.0,"enemies":"3 Darklings","floor":48.0,"turns":6.0},{"damage":60.0,"enemies":"Awakened One","floor":50.0,"turns":20.0},{"damage":39.0,"enemies":"Donu and Deca","floor":51.0,"turns":10.0},{"damage":42,"enemies":"Shield and Spear","floor":55,"turns":11},{"damage":66,"enemies":"The Heart","floor":56,"turns":11}],"seed_played":"-1546156521316404692","potions_obtained":[{"floor":1.0,"key":"Regen Potion"},{"floor":7.0,"key":"Fire Potion"},{"floor":16.0,"key":"Strength Potion"},{"floor":18.0,"key":"Block Potion"},{"floor":22.0,"key":"PowerPotion"},{"floor":25.0,"key":"LiquidMemories"},{"floor":29.0,"key":"FocusPotion"},{"floor":33.0,"key":"ColorlessPotion"},{"floor":37.0,"key":"AttackPotion"},{"floor":40.0,"key":"Dexterity Potion"},{"floor":41.0,"key":"SkillPotion"},{"floor":44.0,"key":"Explosive Potion"}],"is_trial":false,"path_per_floor":["M","$","M","?","?","R","E","R","T","$","M","E","R","M","R","B",null,"M","$","M","M","M","E","R","E","T","E","?","M","M","$","R","B",null,"M","M","M","?","$","E","E","E","T","M","E","M","?","M","R","B","B",null,"R","$","E","B",null],"character_chosen":"DEFECT","items_purchased":["Self Repair","Go for the Eyes","Membership Card","Ice Cream","WingedGreaves","Glacier","Loop","Master of Strategy","SpeedPotion","FocusPotion","Stack"],"campfire_rested":0,"item_purchase_floors":[2,2,19,19,31,31,54,54,54,54,54],"current_hp_per_floor":[62,62,63,63,63,63,36,36,36,36,46,33,33,33,33,30,61,48,48,55,46,54,48,48,28,28,11,11,41,61,61,61,45,65,71,71,60,60,60,81,81,75,75,81,81,81,81,81,81,49,40,71,71,71,52,22],"gold":31,"neow_bonus":"BOSS_RELIC","is_daily":false,"chose_seed":false,"campfire_upgraded":4,"win_rate":0.0,"timestamp":1608404654,"path_taken":["M","$","M","?","?","R","E","R","T","?","?","E","R","M","R","BOSS","M","$","?","M","?","E","R","E","T","E","?","?","?","$","R","BOSS","M","?","M","?","?","E","E","E","T","M","E","M","?","?","R","BOSS","BOSS","R","$","E","BOSS"],"items_purchased_type":["Card","Card","Relic","Relic","Relic","Card","Card","Card","Potion","Potion","Card"],"build_version":"2020-12-13","purchased_purges":1,"victory":true,"max_hp_per_floor":[71,71,71,71,71,71,71,71,71,71,71,71,71,71,71,71,71,71,71,71,71,71,71,71,71,71,71,71,71,71,71,71,71,71,71,71,71,71,71,81,81,81,81,81,81,81,81,81,81,81,81,81,81,81,81,81],"relic_stats":{"Blood Vial":22,"Centennial Puzzle":[48],"counters":[31,197],"Whetstone":["Core Surge","Cold Snap"],"War Paint":["Defend_B","Zap"],"MawBank":120,"obtain_stats":[{"Potion Belt":12,"Ice Cream":19,"Pear":40,"Vajra":5,"The Courier":41,"Whetstone":45,"War Paint":26,"MawBank":9,"Akabeko":7,"Nuclear Battery":34,"Blood Vial":23,"Centennial Puzzle":27,"Fusion Hammer":17,"WingedGreaves":31,"Coffee Dripper":0,"Bag of Marbles":25,"Red Mask":38,"Membership Card":19,"Cracked Core":0,"Toy Ornithopter":55,"Pocketwatch":42},{"Potion Belt":5,"Ice Cream":8,"Pear":21,"Vajra":2,"The Courier":22,"Whetstone":25,"War Paint":13,"MawBank":3,"Akabeko":3,"Nuclear Battery":17,"Blood Vial":12,"Centennial Puzzle":14,"Fusion Hammer":7,"WingedGreaves":16,"Coffee Dripper":0,"Bag of Marbles":13,"Red Mask":20,"Membership Card":8,"Cracked Core":0,"Toy Ornithopter":30,"Pocketwatch":23},{"Potion Belt":24,"Ice Cream":39,"Pear":109,"Vajra":8,"The Courier":116,"Whetstone":131,"War Paint":63,"MawBank":17,"Akabeko":17,"Nuclear Battery":88,"Blood Vial":58,"Centennial Puzzle":67,"Fusion Hammer":35,"WingedGreaves":78,"Coffee Dripper":0,"Bag of Marbles":63,"Red Mask":102,"Membership Card":39,"Cracked Core":0,"Toy Ornithopter":186,"Pocketwatch":121}],"Toy Ornithopter":15,"Pocketwatch":[40]},"card_choices":[{"not_picked":["Stack","Skim"],"picked":"Tempest","floor":1.0},{"not_picked":["Leap","Force Field"],"picked":"Cold Snap","floor":3.0},{"not_picked":["Rebound","Heatsinks"],"picked":"Ball Lightning","floor":7.0},{"not_picked":["Blizzard","Scrape"],"picked":"Machine Learning","floor":11.0},{"not_picked":["Scrape","Gash"],"picked":"Genetic Algorithm","floor":12.0},{"not_picked":["Streamline","Turbo"],"picked":"Ball Lightning","floor":14.0},{"not_picked":["Buffer","Fission"],"picked":"Echo Form","floor":16.0},{"not_picked":["Force Field","Sweeping Beam"],"picked":"Steam+1","floor":18.0},{"not_picked":["Streamline","Turbo"],"picked":"Chill","floor":20.0},{"not_picked":["Rebound","Heatsinks"],"picked":"Hologram","floor":21.0},{"not_picked":["Heatsinks","Aggregate"],"picked":"Defragment","floor":22.0},{"not_picked":["Turbo+1","Darkness+1"],"picked":"Defragment+1","floor":23.0},{"not_picked":["Tempest","Rebound","Meteor Strike"],"picked":"SKIP","floor":25.0},{"not_picked":["Tempest","Rebound"],"picked":"Meteor Strike","floor":25.0},{"not_picked":["Rip and Tear","Steam"],"picked":"Compile Driver","floor":27.0},{"not_picked":["Consume","Hologram"],"picked":"Conserve Battery","floor":29.0},{"not_picked":["Chaos","Redo"],"picked":"Hologram","floor":30.0},{"not_picked":["Rainbow","All For One"],"picked":"Core Surge","floor":33.0},{"not_picked":["Streamline","Consume","Steam"],"picked":"SKIP","floor":35.0},{"not_picked":["Redo+1","Ball Lightning"],"picked":"Compile Driver+1","floor":36.0},{"not_picked":["Go for the Eyes","Redo"],"picked":"Reinforced Body+1","floor":37.0},{"not_picked":["Ball Lightning","Steam+1","Machine Learning"],"picked":"SKIP","floor":40.0},{"not_picked":["Genetic Algorithm","Chaos"],"picked":"Skim+1","floor":41.0},{"not_picked":["Steam","Beam Cell+1","White Noise"],"picked":"SKIP","floor":42.0},{"not_picked":["Steam","Beam Cell+1","White Noise"],"picked":"SKIP","floor":42.0},{"not_picked":["Streamline","Melter"],"picked":"Stack","floor":44.0},{"not_picked":["Gash","Hello World"],"picked":"Auto Shields+1","floor":45.0},{"not_picked":["Steam","Consume","Conserve Battery"],"picked":"SKIP","floor":46.0},{"not_picked":["Coolheaded","Redo"],"picked":"Compile Driver","floor":48.0},{"not_picked":["Reprogram","Go for the Eyes","Gash"],"picked":"SKIP","floor":55}],"player_experience":1076795,"relics_obtained":[{"floor":7.0,"key":"Akabeko"},{"floor":9.0,"key":"MawBank"},{"floor":12.0,"key":"Potion Belt"},{"floor":23.0,"key":"Blood Vial"},{"floor":25.0,"key":"Bag of Marbles"},{"floor":26.0,"key":"War Paint"},{"floor":27.0,"key":"Centennial Puzzle"},{"floor":40.0,"key":"Pear"},{"floor":41.0,"key":"The Courier"},{"floor":42.0,"key":"Pocketwatch"},{"floor":45.0,"key":"Whetstone"},{"floor":55,"key":"Toy Ornithopter"}],"event_choices":[{"damage_healed":0.0,"max_hp_gain":0.0,"max_hp_loss":0.0,"gold_gain":0.0,"cards_transformed":["Strike_B"],"event_name":"Living Wall","player_choice":"Change","floor":4.0,"gold_loss":0.0,"damage_taken":0.0,"cards_obtained":["Self Repair"]},{"damage_healed":0.0,"max_hp_gain":0.0,"max_hp_loss":0.0,"gold_gain":0.0,"event_name":"Big Fish","player_choice":"Box","floor":5.0,"gold_loss":0.0,"damage_taken":0.0,"relics_obtained":["Vajra"],"cards_obtained":["Regret"]},{"damage_healed":0.0,"max_hp_gain":0.0,"max_hp_loss":0.0,"gold_gain":0.0,"cards_transformed":["Strike_B"],"event_name":"Transmorgrifier","player_choice":"Transformed","floor":28.0,"gold_loss":0.0,"damage_taken":0.0,"cards_obtained":["Core Surge"]},{"damage_healed":0.0,"max_hp_gain":0.0,"max_hp_loss":0.0,"gold_gain":0.0,"event_name":"Tomb of Lord Red Mask","player_choice":"Paid","floor":38.0,"gold_loss":124.0,"damage_taken":0.0,"relics_obtained":["Red Mask"]},{"damage_healed":0.0,"max_hp_gain":0.0,"max_hp_loss":0.0,"gold_gain":0.0,"event_name":"SecretPortal","player_choice":"Ignored","floor":47.0,"gold_loss":0.0,"damage_taken":0.0}],"is_beta":false,"boss_relics":[{"not_picked":["Velvet Choker","Ectoplasm"],"picked":"Fusion Hammer"},{"not_picked":["Philosopher\u0027s Stone","Runic Pyramid"],"picked":"Nuclear Battery"}],"items_purged_floors":[19],"is_endless":false,"potions_floor_spawned":[1,7,16,18,22,25,29,33,37,40,41,44],"ascension_level":20}}