{"host":"0cnf9zf1gia27zti","time":1608344179,"event":{"mods":["BaseMod","BetterRewards","Card Forge","Colored Map","Colored Powertips","Conspire","Downfall","Minty Spire (QoL Compilation)","Practice Mode","Quick Restart","Replay The Spire","Robot Space Explorer","Shade Mod","Spicy Shops","StSLib"],"gold_per_floor":[109,109,109,129,52,52,52,52,75,75,91,102,102,132,132,132,132],"floor_reached":16,"playtime":765,"items_purged":["Strike_B"],"score":167,"play_id":"e40ec1e7-007e-48ad-a941-126f36de33e4","local_time":"20201219021619","is_ascension_mode":true,"campfire_choices":[{"floor":6.0,"key":"REST"},{"floor":8.0,"key":"REST"},{"data":"Echo Form","floor":10.0,"key":"SMITH"},{"floor":13,"key":"REST"},{"floor":15,"key":"REST"}],"circlet_count":0,"master_deck":["AscendersBane","Strike_B","Strike_B","Strike_B","Defend_B","Defend_B","Defend_B","Defend_B","Zap","Dualcast","Echo Form+1","Heatsinks+1","Sweeping Beam","Heatsinks","Mayhem","Double Energy","Amplify"],"relics":["Cracked Core","Hammer of Thor","Seething Fire","Anvil of the Gods","Singing Bowl","Membership Card","Replay:Kaleidoscope","ReplayTheSpireMod:TigerMarble","Prayer Wheel","Akabeko"],"acts_visited":["Exordium"],"potions_floor_usage":[12],"damage_taken":[{"damage":0.0,"enemies":"Cultist","floor":1.0,"turns":4.0},{"damage":7.0,"enemies":"2 Louse","floor":4.0,"turns":3.0},{"damage":24.0,"enemies":"Small Slimes","floor":11.0,"turns":5.0},{"damage":9,"enemies":"Gremlin Gang","floor":12,"turns":6},{"damage":54,"enemies":"Gremlin Nob","floor":14,"turns":5},{"damage":37,"enemies":"The Guardian","floor":16,"turns":4}],"seed_played":"-5528288829965483626","potions_obtained":[{"floor":4.0,"key":"EssenceOfSteel"}],"is_trial":false,"path_per_floor":["M","?","?","M","$","R","$","R","T","R","M","M","R","E","R","B"],"character_chosen":"DEFECT","items_purchased":["Echo Form","Singing Bowl","Membership Card","Heatsinks+1","Replay:Kaleidoscope","Sweeping Beam","ReplayTheSpireMod:Fabricate Wheel"],"campfire_rested":4,"item_purchase_floors":[0,0,0,0,0,0,5],"current_hp_per_floor":[34,39,39,32,32,55,55,78,78,78,54,55,79,27,51,14,14],"gold":132,"neow_bonus":"","is_daily":false,"chose_seed":false,"campfire_upgraded":1,"win_rate":0.0,"timestamp":1608344179,"path_taken":["M","?","?","M","$","R","$","R","T","R","M","M","R","E","R","BOSS"],"items_purchased_type":["Card","Relic","Relic","Card","Relic","Card","Card"],"build_version":"2020-12-13","purchased_purges":1,"victory":false,"max_hp_per_floor":[73,78,78,78,78,78,78,78,78,78,78,80,80,82,82,82,82],"card_choices":[{"not_picked":["Ball Lightning","Compile Driver","Sweeping Beam"],"picked":"Singing Bowl","floor":1.0},{"not_picked":["Turbo","Hologram"],"picked":"Heatsinks","floor":4.0},{"not_picked":["Steam","Turbo"],"picked":"Double Energy","floor":11.0},{"not_picked":["Steam","Skim","Hologram"],"picked":"Singing Bowl","floor":12},{"not_picked":["Barrage","ReplayTheSpireMod:Dual Polarity","ReplayTheSpireMod:Omega Cannon"],"picked":"Singing Bowl","floor":14}],"player_experience":2139685,"relics_obtained":[{"floor":9.0,"key":"ReplayTheSpireMod:TigerMarble"},{"floor":14,"key":"Akabeko"}],"event_choices":[{"damage_healed":0.0,"max_hp_gain":5.0,"max_hp_loss":0.0,"gold_gain":0.0,"event_name":"Big Fish","player_choice":"Donut","floor":2.0,"gold_loss":0.0,"damage_taken":0.0},{"damage_healed":0.0,"max_hp_gain":0.0,"max_hp_loss":0.0,"gold_gain":0.0,"event_name":"conspire:LoneGhost","player_choice":"Disagree","floor":3.0,"gold_loss":0.0,"damage_taken":0.0}],"is_beta":false,"boss_relics":[],"items_purged_floors":[0],"is_endless":false,"potions_floor_spawned":[4],"killed_by":"The Guardian","ascension_level":14}}