{"host":"nk1hwk2qadwaubm5","time":1608385389,"event":{"mods":["BaseMod","Hermit","Infinite Spire","Marisa????????","Minty Spire (QoL Compilation)","Replay The Spire","StSLib","The Animator","The Cursed","The Jungle","The Servant 0.9.4"],"gold_per_floor":[111,111,169,169,181,181,213,213,213,213,230,81,81,6,6,116,116,142,142,169,69,88,88,126,126,150,150,167,185,226,226,226,333,333,345,365,128,128,147,189,244,244,244,244,274,304,323,323],"floor_reached":47,"playtime":3086,"items_purged":["hermit:Strike_Hermit","hermit:Strike_Hermit","hermit:Strike_Hermit"],"score":755,"play_id":"c0e13446-c67d-4770-8c3b-c5ec1364e371","local_time":"20201219144309","is_ascension_mode":true,"campfire_choices":[{"data":"hermit:Scavenge","floor":6,"key":"SMITH"},{"data":"hermit:Snapshot","floor":8,"key":"SMITH"},{"data":"hermit:Defend_Hermit","floor":10,"key":"SMITH"},{"floor":15,"key":"REST"},{"data":"hermit:Roughhouse","floor":23,"key":"SMITH"},{"data":"hermit:BigShot","floor":27,"key":"SMITH"},{"data":"hermit:Defend_Hermit","floor":32,"key":"SMITH"},{"floor":44,"key":"RECALL"}],"circlet_count":0,"master_deck":["hermit:Defend_Hermit+1","hermit:Defend_Hermit+1","hermit:Defend_Hermit","hermit:Defend_Hermit","hermit:Snapshot+1","hermit:Covet","hermit:TrackingShot+1","infinitespire:Execution+1","hermit:Scavenge+1","hermit:BigShot+1","hermit:Roughhouse+1","hermit:TakeCover+1","hermit:Gambit","AbeCurse","hermit:HeroicBravado+1","Delirium"],"relics":["hermit:Momento","NeowsBlessing","Replay:Wax Seal","InkBottle","ReplayTheSpireMod:Shallot","Oddly Smooth Stone","Busted Crown","infinitespire:Lychee Nut","Potion Belt","Bag of Marbles","Replay:Grab Bag","Abe\u0027s Treasure","Sozu","Snecko Heart","Ring of Chaos","ReplayTheSpireMod:Ring of Sloth","ReplayTheSpireMod:Ring of Exchange","Matryoshka","Pocketwatch","Bronze Scales","MawBank"],"acts_visited":["Exordium","Exordium","TheBeyond"],"potions_floor_usage":[16,22,24,30,41,47],"damage_taken":[{"damage":0,"enemies":"Jaw Worm","floor":1,"turns":1},{"damage":0,"enemies":"2 Louse","floor":5,"turns":1},{"damage":0,"enemies":"3 Sentries","floor":7,"turns":1},{"damage":0,"enemies":"Small Slimes","floor":11,"turns":2},{"damage":0,"enemies":"Fading Forest","floor":16,"turns":11},{"damage":0,"enemies":"theJungle:MUSHROOMGANG","floor":18,"turns":4},{"damage":0,"enemies":"theJungle:GiantWrat","floor":20,"turns":4},{"damage":3,"enemies":"theJungle:2_Snecko_Cultists","floor":22,"turns":4},{"damage":0,"enemies":"theJungle:Cassacara","floor":24,"turns":4},{"damage":0,"enemies":"theJungle:Snecko_Cultist_And_Trap","floor":28,"turns":5},{"damage":8,"enemies":"Snake Plant","floor":29,"turns":4},{"damage":0,"enemies":"theJungle:MamaSnecko","floor":30,"turns":5},{"damage":0,"enemies":"theJungle:QueenSpyder","floor":33,"turns":6},{"damage":0,"enemies":"Orb Walker","floor":35,"turns":2},{"damage":0,"enemies":"3 Darklings","floor":36,"turns":5},{"damage":0,"enemies":"Sphere and 2 Shapes","floor":39,"turns":5},{"damage":10,"enemies":"Nemesis","floor":40,"turns":9},{"damage":25,"enemies":"2 Orb Walkers","floor":41,"turns":8},{"damage":2,"enemies":"R_Hoarder","floor":45,"turns":3},{"damage":1,"enemies":"Jaw Worm Horde","floor":46,"turns":6},{"damage":45,"enemies":"Nightmare","floor":47,"turns":7}],"seed_played":"5112271912775985264","potions_obtained":[{"floor":1,"key":"hermit:Tonic"},{"floor":3,"key":"Energy Potion"},{"floor":3,"key":"Regen Potion"},{"floor":7,"key":"PowerPotion"},{"floor":18,"key":"SpeedPotion"},{"floor":24,"key":"PowerPotion"},{"floor":28,"key":"Doom Potion"},{"floor":29,"key":"Milkshake"},{"floor":33,"key":"hermit:BlackBile"}],"is_trial":false,"path_per_floor":["M","?","?","?","M","R","E","R","T","R","M","$","?","$","R","B",null,"M","$","M","$","M","R","E","?","T","R","M","M","E","?","R","B",null,"M","M","$","?","M","E","?","?","T","R","E","M","NM"],"character_chosen":"HERMIT","items_purchased":["Oddly Smooth Stone","hermit:HeroicBravado+1"],"campfire_rested":1,"item_purchase_floors":[12,37],"current_hp_per_floor":[75,57,39,24,24,24,24,24,24,24,24,24,24,24,46,46,75,75,75,75,75,72,72,56,56,56,56,56,49,55,56,56,56,56,56,56,56,56,56,46,36,36,36,36,34,33,0,0],"gold":323,"neow_bonus":"THREE_ENEMY_KILL","is_daily":false,"chose_seed":false,"campfire_upgraded":6,"win_rate":0.0,"timestamp":1608385389,"path_taken":["M","?","?","?","?","R","E","R","T","R","M","?","?","$","R","BOSS","M","$","M","$","M","R","E","?","T","R","M","M","E","?","R","BOSS","M","M","$","?","M","E","?","?","T","R","E","M","NM"],"items_purchased_type":["Relic","Card"],"build_version":"2020-12-13","purchased_purges":3,"victory":false,"max_hp_per_floor":[75,75,75,75,75,75,75,75,75,75,75,75,75,75,75,75,75,75,75,75,75,75,75,56,56,56,56,56,56,56,56,56,56,56,56,56,56,56,56,56,56,56,56,56,56,56,56,56],"card_choices":[{"not_picked":["hermit:Spite","hermit:Combo"],"picked":"hermit:TrackingShot","floor":1},{"not_picked":["ReplayTheSpireMod:Haul","infinitespire:Fortify"],"picked":"infinitespire:Execution","floor":2},{"not_picked":["hermit:LowProfile","hermit:HoleUp"],"picked":"hermit:Scavenge","floor":5},{"not_picked":["hermit:Manifest","hermit:WideOpen","hermit:LoneWolf"],"picked":"SKIP","floor":7},{"not_picked":["hermit:SprayPray","hermit:Cheat"],"picked":"hermit:BigShot","floor":11},{"not_picked":["hermit:Dissolve","hermit:BlackWind"],"picked":"hermit:Roughhouse","floor":16},{"not_picked":["hermit:CalledShot"],"picked":"SKIP","floor":18},{"not_picked":["hermit:HighCaliber"],"picked":"SKIP","floor":20},{"not_picked":["hermit:LoneWolf"],"picked":"SKIP","floor":22},{"not_picked":["hermit:TrackingShot"],"picked":"SKIP","floor":24},{"not_picked":["hermit:Ricochet"],"picked":"SKIP","floor":28},{"not_picked":[],"picked":"hermit:TakeCover+1","floor":29},{"not_picked":["hermit:Desperado"],"picked":"SKIP","floor":30},{"not_picked":[],"picked":"hermit:Gambit","floor":33},{"not_picked":["hermit:Coalescence"],"picked":"SKIP","floor":35},{"not_picked":["hermit:HighCaliber+1"],"picked":"SKIP","floor":36},{"not_picked":["hermit:SprayPray"],"picked":"SKIP","floor":39},{"not_picked":["hermit:Quickdraw"],"picked":"SKIP","floor":40},{"not_picked":["hermit:ShadowCloak+1"],"picked":"SKIP","floor":45},{"not_picked":["hermit:GhostlyPresence"],"picked":"SKIP","floor":46}],"player_experience":193403,"relics_obtained":[{"floor":3,"key":"Replay:Wax Seal"},{"floor":7,"key":"InkBottle"},{"floor":9,"key":"ReplayTheSpireMod:Shallot"},{"floor":24,"key":"infinitespire:Lychee Nut"},{"floor":26,"key":"Potion Belt"},{"floor":30,"key":"Bag of Marbles"},{"floor":38,"key":"ReplayTheSpireMod:Ring of Sloth"},{"floor":38,"key":"ReplayTheSpireMod:Ring of Exchange"},{"floor":40,"key":"Matryoshka"},{"floor":41,"key":"Pocketwatch"},{"floor":43,"key":"Bronze Scales"},{"floor":45,"key":"MawBank"}],"event_choices":[{"damage_healed":0,"gold_gain":0,"player_choice":"Entered Light","damage_taken":15,"max_hp_gain":0,"max_hp_loss":0,"event_name":"Shining Light","floor":4,"gold_loss":0,"cards_upgraded":["infinitespire:Execution","hermit:TrackingShot"]},{"damage_healed":0,"gold_gain":0,"player_choice":"Fight","damage_taken":0,"max_hp_gain":0,"max_hp_loss":0,"event_name":"Mysterious Sphere","floor":41,"gold_loss":0},{"damage_healed":0,"gold_gain":0,"player_choice":"Memory 1","damage_taken":0,"max_hp_gain":0,"max_hp_loss":0,"event_name":"SensoryStone","floor":42,"gold_loss":0}],"is_beta":false,"boss_relics":[{"not_picked":["Tiny House","Empty Cage"],"picked":"Busted Crown"},{"not_picked":["Runic Dome","Replay:Drink Me"],"picked":"Replay:Grab Bag"},{"not_picked":["Philosopher\u0027s Stone","infinitespire:Cupcake"],"picked":"Abe\u0027s Treasure"},{"not_picked":["Replay:Wanted Poster","Replay:Bronze Core"],"picked":"Sozu"},{"not_picked":["ReplayTheSpireMod:SealedPack","Calling Bell"],"picked":"Snecko Heart"},{"not_picked":["SacredBark","hermit:ClaspedLocket"],"picked":"Ring of Chaos"}],"items_purged_floors":[14,21,37],"is_endless":false,"potions_floor_spawned":[1,7,18,24,28,29,33,35,39,45,46],"killed_by":"Nightmare","ascension_level":1}}