{"host":"njruw0b0uprlitpx","time":1608340039,"event":{"mods":["2.2 Compatiblity","Astrologer","BaseMod","Better Altar","Better Note","Better Sensory Stone","Better Skull","Better Third Choice","BetterRewards","Block Reminder","Chen","Colored Map","Colored Powertips","Hermit","Jedi Mod","Keyboard Shortcuts","Minty Spire (QoL Compilation)","Quick Restart","Relic Stats","Replay The Spire","SacredBarkPlus","Spicy Shops","StSLib","SuperFastMode","The Blackbeard","The Mystic","The Problem Sleuth","The Runesmith","The Spell Scribe","Wandering Minibosses"],"gold_per_floor":[115,42,59,71,89,89,13,27,81,106,106,138,152,168,168,266,266,280,342,157,157,67,92,92,121,144,159,44,44,44,44,44,44,44,44,44,44,44,44,44,44,44,44,44,44,44,44,44,44,44],"floor_reached":51,"playtime":5627,"items_purged":["theScribe:IcyDefend","Doubt","theScribe:StarterAttack"],"score":981,"play_id":"2dd9fe71-4f0d-4d30-9849-b187b6ce6798","local_time":"20201218190719","is_ascension_mode":false,"campfire_choices":[{"floor":6.0,"key":"REST"},{"data":"theScribe:LightningBlade","floor":11.0,"key":"SMITH"},{"floor":15.0,"key":"REST"},{"data":"theScribe:BlankScroll","floor":24.0,"key":"SMITH"},{"data":"theScribe:StarterModifier","floor":29.0,"key":"SMITH"},{"floor":32.0,"key":"REST"},{"floor":46,"key":"REST"},{"floor":49,"key":"REST"}],"circlet_count":0,"master_deck":["theScribe:LightningStrike+1","theScribe:LightningStrike+1","theScribe:StarterDefend+1","theScribe:StarterDefend+1","theScribe:IcyDefend+1","theScribe:StarterModifier+1","theScribe:MagicMissiles+1","theScribe:IcicleBlast+1","ReplayTheSpireMod:Private Reserves+1","theScribe:EnchantedStrike+1","theScribe:CapacitanceScroll+1","theScribe:StaticSeries+1","theScribe:ArcaneArcing+1","theScribe:BlankScroll+1","theScribe:LightningBlade+1","theScribe:TimeDilation+1","theScribe:IcicleBlast+1","theScribe:FocusingBarrier+1","theScribe:CrystalShield+1","theScribe:Overexert+1","theScribe:MagicMissiles+1","theScribe:FocusedBolt+1","theScribe:CatalyticCatastrophe+1","theScribe:SanguineSurge+1","theScribe:SacrificeRitual+1","theScribe:Thwack+1","theScribe:BluntWeapons+1","theScribe:FrostvenomToxin+1","theScribe:MagicMissiles+1","theScribe:StaticCage+1","theScribe:Conflagrate+1","theScribe:ToxicSpellstone+1","Discovery+1","theScribe:Focused+1","theScribe:Divination+1","theScribe:Dark+1","theScribe:BarrierOfLight+1","Shame","theSleuth:FrighteningBeast","Parasite","theScribe:WeirdToxin+1"],"relics":["theScribe:StarterRelic1","Golden Egg","theScribe:StormScale","BargainBundle","Oddly Smooth Stone","Art of War","Replay:Baseball","ReplayTheSpireMod:TigerMarble","Mummified Hand","Philosopher\u0027s Stone","ReplayTheSpireMod:CursedCoin","jedi:bottledfury","Akabeko","ReplayTheSpireMod:Lightbulb","jedi:ominousloannote","jedi:heavyjacket","Orrery","Cursed Key","Lantern","Replay:Towering Pillar of Hats","Replay:Bottled Steam","wanderingMiniBosses:LockLocket","Mark of the Bloom"],"acts_visited":["Exordium","TheCity","TheBeyond"],"potions_floor_usage":[50,50],"damage_taken":[{"damage":0.0,"enemies":"Cultist","floor":1.0,"turns":3.0},{"damage":9.0,"enemies":"Small Slimes","floor":3.0,"turns":2.0},{"damage":1.0,"enemies":"2 Louse","floor":4.0,"turns":2.0},{"damage":10.0,"enemies":"Looter","floor":5.0,"turns":3.0},{"damage":6.0,"enemies":"Blue Slaver","floor":8.0,"turns":2.0},{"damage":9.0,"enemies":"3 Sentries","floor":10.0,"turns":4.0},{"damage":4.0,"enemies":"Lagavulin","floor":12.0,"turns":3.0},{"damage":22.0,"enemies":"Exordium Thugs","floor":13.0,"turns":3.0},{"damage":0.0,"enemies":"3 Louse","floor":14.0,"turns":1.0},{"damage":25.0,"enemies":"Hexaghost","floor":16.0,"turns":7.0},{"damage":5.0,"enemies":"2 Thieves","floor":18.0,"turns":3.0},{"damage":0.0,"enemies":"Spheric Guardian","floor":19.0,"turns":4.0},{"damage":0.0,"enemies":"Book of Stabbing","floor":23.0,"turns":3.0},{"damage":6.0,"enemies":"Slavers","floor":25.0,"turns":3.0},{"damage":0.0,"enemies":"Cultist and Chosen","floor":27.0,"turns":4.0},{"damage":8.0,"enemies":"Snake Plant","floor":30.0,"turns":2.0},{"damage":0.0,"enemies":"Snecko","floor":31.0,"turns":3.0},{"damage":6.0,"enemies":"Champ","floor":33.0,"turns":5.0},{"damage":20.0,"enemies":"3 Shapes","floor":35.0,"turns":3.0},{"damage":0.0,"enemies":"3 Darklings","floor":37.0,"turns":1.0},{"damage":0,"enemies":"Maw","floor":39,"turns":6},{"damage":6,"enemies":"Reptomancer","floor":40,"turns":5},{"damage":5,"enemies":"Spire Growth","floor":41,"turns":3},{"damage":27,"enemies":"Writhing Mass","floor":45,"turns":8},{"damage":0,"enemies":"Transient","floor":48,"turns":5},{"damage":11,"enemies":"Time Eater","floor":50,"turns":7}],"seed_played":"8863083138503854525","potions_obtained":[{"floor":5.0,"key":"Regen Potion"},{"floor":13.0,"key":"AttackPotion"},{"floor":14.0,"key":"jedi:StrikingPotion"},{"floor":16.0,"key":"LifebloodPotion"},{"floor":19.0,"key":"Reflective Coating"},{"floor":25.0,"key":"CultistPotion"},{"floor":41,"key":"SteroidPotion"}],"is_trial":false,"path_per_floor":["M","$","M","M","M","R","$","M","T","E","R","E","M","M","R","B",null,"M","M","$","?","?","E","R","E","T","M","$","R","M","M","R","B",null,"M","?","M","?","M","E","M","T","T","$","M","R","?","M","R","B",null],"character_chosen":"THE_SCRIBE","items_purchased":["Golden Egg","theScribe:StormScale","BargainBundle","Oddly Smooth Stone","theScribe:MagicMissiles","theScribe:IcicleBlast","DuplicationPotion","ReplayTheSpireMod:Private Reserves","Explosive Potion","Dexterity Potion","theScribe:CapacitanceScroll","Art of War","theScribe:FocusedBolt","ReplayTheSpireMod:CursedCoin","Doom Potion","jedi:ominousloannote","jedi:heavyjacket","Orrery"],"campfire_rested":5,"item_purchase_floors":[0,0,0,0,0,0,0,0,0,0,2,7,20,20,20,28,28,28],"current_hp_per_floor":[75,75,66,65,55,75,75,69,69,60,60,65,43,43,65,40,75,70,70,70,70,70,70,70,64,64,64,64,64,56,56,75,69,75,55,55,61,61,61,75,70,70,70,70,43,65,65,65,65,54],"gold":44,"neow_bonus":"","is_daily":false,"chose_seed":false,"campfire_upgraded":3,"win_rate":0.0,"timestamp":1608340039,"path_taken":["M","$","?","M","M","R","?","M","T","E","R","E","M","M","R","BOSS","M","M","$","?","?","E","R","E","T","M","$","R","M","M","R","BOSS","M","?","M","?","?","E","?","?","T","$","M","R","?","M","R","BOSS"],"items_purchased_type":["Relic","Relic","Relic","Relic","Card","Card","Potion","Card","Potion","Potion","Card","Relic","Card","Relic","Potion","Relic","Relic","Relic"],"build_version":"2020-12-13","purchased_purges":3,"victory":true,"max_hp_per_floor":[75,75,75,75,75,75,75,75,75,75,75,75,75,75,75,75,75,75,75,75,75,75,75,75,75,75,75,75,75,75,75,75,75,75,75,75,75,75,75,75,75,75,75,75,75,75,75,75,75,75],"relic_stats":{"Mark of the Bloom":22,"counters":[77,341],"Mummified Hand":[34],"Art of War":[5],"Cursed Key":2,"obtain_stats":[{"Golden Egg":0,"Mark of the Bloom":47,"CeramicFish":0,"Vajra":9,"jedi:command_rare":46,"wanderingMiniBosses:OtherGremlinHorn":21,"jedi:bottledfury":23,"theScribe:StormScale":0,"Philosopher\u0027s Stone":17,"HollowMod:PaleOreRelic":28,"Replay:Bottled Steam":8,"ReplayTheSpireMod:CursedCoin":11,"Oddly Smooth Stone":0,"theSleuth:BowenStilsonDogg":9,"theSleuth:Typewriter":0,"Akabeko":25,"potionbrewer:Torch":11,"jedi:heavyjacket":28,"Replay:Baseball":9,"ReplayTheSpireMod:Shallot":5,"ReplayTheSpireMod:TigerMarble":43,"theScribe:StarterRelic1":0,"ReplayFunnel":30,"Lantern":14,"aspiration:Lifesprig":26,"Snecko Heart":17,"Torii":33,"Angel_Ring":45,"Painkiller Herb":17,"mysticmod:SpellBook":46,"CloakClasp":46,"Cursed Key":34,"theSleuth:JesterOfEncumbrance":31,"Dream Catcher":29,"Nunchaku":3,"Replay:Bandana":40,"Shovel":9,"Mummified Hand":12,"Gambling Chip":0,"Red Mask":27,"Chemical X":36,"wanderingMiniBosses:LockLocket":45,"Runic Pyramid":34,"Gremlin Food":24,"energizedSpire:RedRose":36,"BargainBundle":0,"ReplayTheSpireMod:Ninjato":0,"Replay:Towering Pillar of Hats":0,"Golden Idol":5,"PreservedInsect":26,"Odd Mushroom":7,"Orichalcum":43,"Replay:Arrowhead":26,"White Beast Statue":11,"potionbrewer:BoosterPack":10,"jedi:ominousloannote":28,"Orrery":28,"Art of War":7,"Bottled Lightning":25,"ReplayTheSpireMod:Ring of Challenge":2,"ReplayTheSpireMod:Lightbulb":26},{"Golden Egg":51,"Mark of the Bloom":75,"CeramicFish":19,"Vajra":22,"jedi:command_rare":48,"wanderingMiniBosses:OtherGremlinHorn":36,"jedi:bottledfury":64,"theScribe:StormScale":51,"Philosopher\u0027s Stone":61,"HollowMod:PaleOreRelic":10,"Replay:Bottled Steam":28,"ReplayTheSpireMod:CursedCoin":29,"Oddly Smooth Stone":51,"theSleuth:BowenStilsonDogg":3,"theSleuth:Typewriter":0,"Akabeko":65,"potionbrewer:Torch":4,"jedi:heavyjacket":66,"Replay:Baseball":56,"ReplayTheSpireMod:Shallot":26,"ReplayTheSpireMod:TigerMarble":47,"theScribe:StarterRelic1":0,"ReplayFunnel":41,"Lantern":6,"aspiration:Lifesprig":9,"Snecko Heart":7,"Torii":14,"Angel_Ring":17,"Painkiller Herb":32,"mysticmod:SpellBook":48,"CloakClasp":48,"Cursed Key":69,"theSleuth:JesterOfEncumbrance":12,"Dream Catcher":11,"Nunchaku":20,"Replay:Bandana":46,"Shovel":28,"Mummified Hand":58,"Gambling Chip":19,"Red Mask":10,"Chemical X":44,"wanderingMiniBosses:LockLocket":75,"Runic Pyramid":43,"Gremlin Food":9,"energizedSpire:RedRose":15,"BargainBundle":51,"ReplayTheSpireMod:Ninjato":19,"Replay:Towering Pillar of Hats":25,"Golden Idol":1,"PreservedInsect":38,"Odd Mushroom":2,"Orichalcum":17,"Replay:Arrowhead":9,"White Beast Statue":29,"potionbrewer:BoosterPack":3,"jedi:ominousloannote":66,"Orrery":66,"Art of War":55,"Bottled Lightning":38,"ReplayTheSpireMod:Ring of Challenge":20,"ReplayTheSpireMod:Lightbulb":65},{"Golden Egg":246,"Mark of the Bloom":329,"CeramicFish":119,"Vajra":127,"jedi:command_rare":233,"wanderingMiniBosses:OtherGremlinHorn":198,"jedi:bottledfury":286,"theScribe:StormScale":246,"Philosopher\u0027s Stone":276,"HollowMod:PaleOreRelic":63,"Replay:Bottled Steam":164,"ReplayTheSpireMod:CursedCoin":166,"Oddly Smooth Stone":246,"theSleuth:BowenStilsonDogg":14,"theSleuth:Typewriter":0,"Akabeko":289,"potionbrewer:Torch":21,"jedi:heavyjacket":293,"Replay:Baseball":258,"ReplayTheSpireMod:Shallot":153,"ReplayTheSpireMod:TigerMarble":230,"theScribe:StarterRelic1":0,"ReplayFunnel":212,"Lantern":34,"aspiration:Lifesprig":58,"Snecko Heart":44,"Torii":80,"Angel_Ring":99,"Painkiller Herb":181,"mysticmod:SpellBook":233,"CloakClasp":233,"Cursed Key":303,"theSleuth:JesterOfEncumbrance":73,"Dream Catcher":69,"Nunchaku":121,"Replay:Bandana":228,"Shovel":164,"Mummified Hand":265,"Gambling Chip":119,"Red Mask":63,"Chemical X":221,"wanderingMiniBosses:LockLocket":329,"Runic Pyramid":218,"Gremlin Food":58,"energizedSpire:RedRose":91,"BargainBundle":246,"ReplayTheSpireMod:Ninjato":119,"Replay:Towering Pillar of Hats":151,"Golden Idol":2,"PreservedInsect":204,"Odd Mushroom":9,"Orichalcum":99,"Replay:Arrowhead":58,"White Beast Statue":166,"potionbrewer:BoosterPack":14,"jedi:ominousloannote":293,"Orrery":293,"Art of War":256,"Bottled Lightning":204,"ReplayTheSpireMod:Ring of Challenge":121,"ReplayTheSpireMod:Lightbulb":289}]},"card_choices":[{"not_picked":["theScribe:AmplifyingSpellstone","theScribe:GatherComponents"],"picked":"theScribe:EnchantedStrike","floor":1.0},{"not_picked":["theScribe:Overcharge","theScribe:ThrownScroll"],"picked":"theScribe:StaticSeries","floor":3.0},{"not_picked":["theScribe:Dark","theScribe:ThrownScroll"],"picked":"theScribe:ArcaneArcing","floor":4.0},{"not_picked":["theScribe:BluntWeapons","theScribe:PriceOfKnowledge"],"picked":"theScribe:BlankScroll","floor":5.0},{"not_picked":["theScribe:GlacialGuard","theScribe:RecklessResponse"],"picked":"theScribe:LightningBlade","floor":8.0},{"not_picked":["theScribe:GlaciesSpellstone","theScribe:GlacialGuard"],"picked":"theScribe:TimeDilation","floor":10.0},{"not_picked":["theScribe:FocusingBlow","theScribe:Split"],"picked":"theScribe:IcicleBlast","floor":12.0},{"not_picked":["theScribe:ThrownScroll","theScribe:LightningBlade"],"picked":"theScribe:FocusingBarrier","floor":13.0},{"not_picked":["theScribe:Thunder","theScribe:FrostvenomToxin"],"picked":"theScribe:CrystalShield","floor":14.0},{"not_picked":["theScribe:ScriptedStarfall","theScribe:Conflagrate"],"picked":"theScribe:Overexert","floor":16.0},{"not_picked":["theScribe:Overcharge","theScribe:AmplifyingSpellstone","theScribe:FocusingBlow"],"picked":"SKIP","floor":18.0},{"not_picked":["theScribe:WeirdShield","theScribe:FalseLife"],"picked":"theScribe:MagicMissiles+1","floor":19.0},{"not_picked":["theScribe:Incendio+1","theScribe:CripplingCharge+1","theScribe:Clarity"],"picked":"SKIP","floor":23.0},{"not_picked":["theScribe:LightningBolt","theScribe:Thunder"],"picked":"theScribe:SanguineSurge","floor":25.0},{"not_picked":["theScribe:RecklessResponse","theScribe:LightningBolt+1"],"picked":"theScribe:SacrificeRitual+1","floor":27.0},{"not_picked":["theScribe:ScrollOfScrying","theScribe:ArcaneBarrier+1"],"picked":"theScribe:Thwack+1","floor":28.0},{"not_picked":["theScribe:TelumSpellstone","theScribe:Overcharge"],"picked":"theScribe:BluntWeapons+1","floor":28.0},{"not_picked":["theScribe:TelumSpellstone","theScribe:CripplingCharge"],"picked":"theScribe:FrostvenomToxin+1","floor":28.0},{"not_picked":["theScribe:RecklessResponse","theScribe:AmplifyingSpellstone+1"],"picked":"theScribe:MagicMissiles","floor":28.0},{"not_picked":["theScribe:Frost","theScribe:ArcaneBarrier"],"picked":"theScribe:StaticCage","floor":30.0},{"not_picked":["theScribe:TelumSpellstone","theScribe:FlowLikeWater","theScribe:WeirdShield+1"],"picked":"SKIP","floor":31.0},{"not_picked":["theScribe:GlacialGuard","theScribe:Maelstrom"],"picked":"theScribe:Conflagrate","floor":33.0},{"not_picked":["theScribe:LiquidumScroll+1","theScribe:LightningBolt+1"],"picked":"theScribe:ToxicSpellstone","floor":35.0},{"not_picked":["theScribe:TelumSpellstone","theScribe:RecklessResponse"],"picked":"theScribe:Focused","floor":37.0},{"not_picked":["theScribe:BlankScroll+1","theScribe:Incendio"],"picked":"theScribe:Divination+1","floor":39},{"not_picked":["theScribe:FranticSearch","theScribe:GatherComponents"],"picked":"theScribe:Dark+1","floor":40},{"not_picked":["theScribe:CrystalShield","theScribe:GatherComponents+1"],"picked":"theScribe:BarrierOfLight+1","floor":41},{"not_picked":["theScribe:CapacitanceScroll+1","theScribe:TelumSpellstone","theScribe:ToxicSpellstone"],"picked":"SKIP","floor":45},{"not_picked":["theScribe:Meditate+1","theScribe:LightningBolt+1"],"picked":"theScribe:WeirdToxin+1","floor":48}],"player_experience":1460863,"relics_obtained":[{"floor":9.0,"key":"Replay:Baseball"},{"floor":10.0,"key":"ReplayTheSpireMod:TigerMarble"},{"floor":12.0,"key":"Mummified Hand"},{"floor":23.0,"key":"jedi:bottledfury"},{"floor":25.0,"key":"Akabeko"},{"floor":26.0,"key":"ReplayTheSpireMod:Lightbulb"},{"floor":40,"key":"Lantern"},{"floor":42,"key":"Replay:Towering Pillar of Hats"},{"floor":43,"key":"Replay:Bottled Steam"},{"floor":45,"key":"wanderingMiniBosses:LockLocket"}],"event_choices":[{"damage_healed":0.0,"max_hp_gain":0.0,"max_hp_loss":0.0,"gold_gain":0.0,"cards_transformed":["theScribe:StarterAttack"],"event_name":"Transmorgrifier","player_choice":"Transformed","floor":21.0,"gold_loss":0.0,"damage_taken":0.0,"cards_obtained":["theScribe:CatalyticCatastrophe"]},{"cards_removed":["theScribe:StarterDefend"],"damage_healed":0.0,"max_hp_gain":0.0,"max_hp_loss":0.0,"gold_gain":0.0,"event_name":"Designer","player_choice":"Upgrade and Remove","floor":22.0,"gold_loss":90.0,"damage_taken":0.0,"cards_upgraded":["theScribe:IcicleBlast"]},{"damage_healed":0.0,"max_hp_gain":0.0,"max_hp_loss":0.0,"gold_gain":3.0,"event_name":"betterStone:BetterStone","player_choice":"4","floor":36.0,"gold_loss":0.0,"damage_taken":0.0,"cards_obtained":["Discovery"]},{"cards_removed":["Discovery"],"damage_healed":0,"gold_gain":0,"player_choice":"Give","damage_taken":0,"max_hp_gain":0,"max_hp_loss":0,"event_name":"betterNote:BetterNote","floor":38,"gold_loss":0,"cards_obtained":["None"]},{"damage_healed":0,"gold_gain":0,"player_choice":"Upgrade","damage_taken":0,"relics_obtained":["Mark of the Bloom"],"max_hp_gain":0,"max_hp_loss":0,"event_name":"MindBloom","floor":47,"gold_loss":0,"cards_upgraded":["theScribe:LightningStrike","theScribe:LightningStrike","theScribe:StarterDefend","theScribe:StarterDefend","theScribe:IcyDefend","theScribe:EnchantedStrike","theScribe:StaticSeries","theScribe:ArcaneArcing","theScribe:FocusingBarrier","theScribe:CrystalShield","theScribe:SanguineSurge","theScribe:StaticCage","theScribe:ToxicSpellstone","theScribe:Focused"]}],"is_beta":false,"boss_relics":[{"not_picked":["Replay:Drink Me","Painkiller Herb"],"picked":"Philosopher\u0027s Stone"},{"not_picked":["Velvet Choker","Ring of Chaos"],"picked":"Cursed Key"}],"items_purged_floors":[0,20,28],"is_endless":false,"potions_floor_spawned":[5,8,13,14,16,19,23,25,31,35,39,41],"ascension_level":0}}