{"host":"mq7pyadb5kndcn8l","time":1608346074,"event":{"mods":["AchievementEnabler","Act Like it!","Aspiration","BaseMod","Better Altar","Better Match","Better Note","Better Sensory Stone","Better Skull","Better Third Choice","BetterRewards","Block Reminder","CCEM","Challenge The Spire","ChefMod","Colored Map","Colored Powertips","Conspire","Defuse TimeMaze Blight","Dio Mod","Displayed Cursed Tome","Dota2Spire","Downfall","Duelist Mod","Energized Spire","Friendly Minions","GifTheSpireLib","Gremlin Skip","Highlight Path","Hubris","Ironclad Rager","Jedi Mod","Mad Scientist","Marked Mod","Mimic Mod","Minty Spire (QoL Compilation)","Permanent Neow","QueenMod","Quick Restart","Random Character Button","Rare Cards Sparkle","Relic Filter","Relic Sorter","Replay The Spire","Reworked Bosses","Shade Mod","Shop Mod","Spicy Shops","Spikes Relics","StSLib","Stuff the Spire","SuperFastMode","The Blue Laboratory","The Death Knight","The Exalted","The Necromancer","The Poker Player","TheBandit","Thieving Mod","Thrall Mod","Trackpad","Transform Curses","Unceasing Turn Reminder","Wandering Minibosses","vexMod"],"gold_per_floor":[125,125,150,25,10,62,62,62,103,103,103,155,189,189,216,216,216,334,334,358,14,37,274,274,274,274,416,439,506,583,630,703,771,771,942,942,936,385,385,453,453,524,524,129,176,176,205,205,229,269,269,322,322,322,50,115,142],"floor_reached":58,"playtime":4268,"items_purged":["Doubt","hubris:Gluttony","Shade:Strike_Shade","Shade:Strike_Shade","Shade:Strike_Shade","Shade:Defend_Shade"],"score":2582,"play_id":"2d58a1c1-79f4-43c8-af29-18385813cc8b","local_time":"20201218214754","is_ascension_mode":true,"campfire_choices":[{"data":"Shade:AnimateDead","floor":10,"key":"SMITH"},{"data":"Shade:Carnophage","floor":14,"key":"SMITH"},{"data":"Shade:Bonestorm","floor":16,"key":"SMITH"},{"data":"Shade:FleshToFlesh","floor":17,"key":"SMITH"},{"data":"Shade:LoseControl","floor":25,"key":"SMITH"},{"data":"Shade:Strike_Shade","floor":34,"key":"PURGE"},{"data":"Shade:Putrefaction","floor":39,"key":"SMITH"},{"floor":43,"key":"RECALL"},{"data":"expansioncontent:StudyTheSpire","floor":46,"key":"SMITH"},{"data":"Shade:LichForm","floor":48,"key":"SMITH"},{"data":"Shade:Defend_Shade","floor":51,"key":"PURGE"},{"data":"Shade:AuraOfUnlife","floor":54,"key":"SMITH"}],"circlet_count":0,"master_deck":["Shade:Defend_Shade","Shade:Defend_Shade","Shade:AnimateDead+1","Shade:CarefulCut","Shade:Bite_Shade","StuffTheSpire:FreeRealEstate+1","Master of Strategy","Shade:AuraOfUnlife+1","Shade:FleshToFlesh+1","Shade:FleshLikeOak","Shade:Bonestorm+1","conspire:Banana+1","Shade:Carnophage+1","Shade:Carnophage+1","Shade:Coordination","Shade:GraveStillness","Shade:OpenGraves","Shade:LoseControl+1","Shade:FuneraryJewels","Flash of Steel","Finesse","Shade:LichForm+1","Shade:FuneraryJewels","Shade:OpenGraves+1","Shade:Putrefaction+1","PlatinumSkin","PlatinumSkin","Shade:Brains+1","Shade:OpenGraves","expansioncontent:StudyTheSpire+1","Shade:OpenGraves"],"relics":["Shade:YorickSkull","hubris:Icosahedron","vexMod:RedPlottingStone","jedi:arcanewood","MerchantsRug","hubris:TenFootPole","ReplayTheSpireMod:CursedCoin","SpikesRelics:DaevaFist","Blue Doll","Gremlin Food","Dota2Spire:PowerTreads","trackpad:BottledShadow","energizedSpire:OgreHead","Blood Vial","Bromod:ArcaneAvenger","jedi:shrinkray","CCEMRelics:Barrel","Replay:Bandana","StoneCalendar","Mummified Hand","wanderingMiniBosses:Inkheart","vexMod:MemoryStick","aspiration:RunicSpoon","vexMod:Dragonfruit","jedi:fakemustache","ReplayTheSpireMod:Ring of Challenge","Ring of Fury","CCEMRelics:TechnogenicHelmet","aspiration:HiddenCompartment","vexMod:BarristanHead","jedi:gremlinknob","CCEMRelics:DissonantTune","BrokenLever"],"acts_visited":["Exordium","TheCity","TheBeyond","TheEnding"],"potions_floor_usage":[18],"damage_taken":[{"damage":1,"enemies":"Small Slimes","floor":1,"turns":4},{"damage":12,"enemies":"Jaw Worm","floor":3,"turns":7},{"damage":12,"enemies":"Lagavulin","floor":6,"turns":9},{"damage":5,"enemies":"3 Sentries","floor":9,"turns":9},{"damage":2,"enemies":"Lagavulin","floor":12,"turns":9},{"damage":10,"enemies":"Cultist","floor":13,"turns":6},{"damage":0,"enemies":"Looter","floor":15,"turns":3},{"damage":30,"enemies":"Hexaghost","floor":18,"turns":9},{"damage":0,"enemies":"2 Thieves","floor":20,"turns":3},{"damage":0,"enemies":"Chosen","floor":22,"turns":5},{"damage":0,"enemies":"Centurion and Healer","floor":23,"turns":5},{"damage":3,"enemies":"Replay:Snechameleon","floor":27,"turns":7},{"damage":0,"enemies":"Cultist and Chosen","floor":29,"turns":5},{"damage":12,"enemies":"conspire:Head Lice","floor":30,"turns":6},{"damage":11,"enemies":"Shelled Parasite and Fungi","floor":31,"turns":4},{"damage":10,"enemies":"conspire:MimicChest","floor":32,"turns":7},{"damage":0,"enemies":"Book of Stabbing","floor":33,"turns":5},{"damage":0,"enemies":"bossMod:newChamp","floor":35,"turns":6},{"damage":0,"enemies":"Orb Walker","floor":37,"turns":3},{"damage":0,"enemies":"3 Shapes","floor":40,"turns":2},{"damage":9,"enemies":"Reptomancer","floor":42,"turns":4},{"damage":0,"enemies":"Sphere and 2 Shapes","floor":45,"turns":6},{"damage":0,"enemies":"Sphere and 2 Shapes","floor":47,"turns":3},{"damage":0,"enemies":"Writhing Mass","floor":49,"turns":5},{"damage":0,"enemies":"Nemesis","floor":50,"turns":3},{"damage":0,"enemies":"bossMod:newAwakened","floor":52,"turns":5},{"damage":0,"enemies":"Shield and Spear","floor":56,"turns":3},{"damage":0,"enemies":"The Heart","floor":57,"turns":5}],"seed_played":"-6937856472755451893","potions_obtained":[{"floor":3,"key":"blueLaboratory:ArtificerPotion"},{"floor":9,"key":"blueLaboratory:BubblePotion"},{"floor":12,"key":"FearPotion"},{"floor":20,"key":"BlessingOfTheForge"},{"floor":30,"key":"CultistPotion"}],"is_trial":false,"path_per_floor":["M","?","M","$","$","E","PTL","PTL","E","R","T","E","M","R","M","R","R","B",null,"M","$","M","M","?","R","?","E","T","M","E","M","?","E","R_BF","B",null,"M","$","R","M","?","E","R","$","MIM","R","M","R","M","E","R_BF","B",null,"R","$","E","B",null],"character_chosen":"SHADE","items_purchased":["jedi:arcanewood","MerchantsRug","vexMod:RedPlottingStone","hubris:TenFootPole","Shade:Bite_Shade","StuffTheSpire:FreeRealEstate","Master of Strategy","Shade:AuraOfUnlife","Shade:FleshToFlesh","ReplayTheSpireMod:CursedCoin","SpikesRelics:DaevaFist","Blue Doll","Orrery","Omamori","Shade:Bonestorm","conspire:Banana+1","Shade:Carnophage+1","BargainBundle","Blood Vial","Shade:OpenGraves","Bromod:ArcaneAvenger","Shade:LoseControl","vexMod:Dragonfruit","jedi:fakemustache","PlatinumSkin","Shade:OpenGraves","expansioncontent:StudyTheSpire","jedi:gremlinknob","CCEMRelics:DissonantTune"],"campfire_rested":0,"item_purchase_floors":[0,0,0,0,0,0,0,0,0,0,0,0,0,0,0,0,5,21,21,21,21,21,38,38,38,44,44,55,55],"current_hp_per_floor":[29,29,30,30,30,35,35,35,43,43,43,58,65,65,74,74,74,65,95,104,104,115,130,130,130,130,135,135,140,141,143,152,160,160,165,165,165,170,170,170,170,175,175,180,185,185,190,190,200,210,210,215,215,215,215,220,225],"gold":142,"neow_bonus":"","is_daily":false,"chose_seed":false,"campfire_upgraded":9,"win_rate":0.0,"timestamp":1608346074,"path_taken":["M","?","M","?","$","E","PTL","PTL","E","R","T","E","M","R","M","?","R","BOSS","M","$","M","M","?","R","?","E","T","M","E","M","?","E","R_BF","BOSS","M","$","?","M","?","E","R","$","MIM","R","?","R","M","E","R_BF","BOSS","R","$","E","BOSS"],"items_purchased_type":["Relic","Relic","Relic","Relic","Card","Card","Card","Card","Card","Relic","Relic","Relic","Relic","Relic","Card","Card","Card","Relic","Relic","Card","Relic","Card","Relic","Relic","Card","Card","Card","Relic","Relic"],"build_version":"2020-12-13","purchased_purges":6,"victory":true,"max_hp_per_floor":[70,70,75,75,75,80,80,80,85,85,85,90,95,95,100,100,100,105,105,110,110,115,130,130,130,130,135,135,140,145,150,155,160,160,165,165,165,170,170,170,170,180,180,180,185,185,190,190,200,210,210,215,215,215,215,220,225],"card_choices":[{"not_picked":["Shade:StitchTogether","Shade:FleshOffering"],"picked":"Shade:FleshLikeOak","floor":0},{"not_picked":["Shade:CallOfTheGrave","Shade:WallOfFlesh","Shade:FeralStrike"],"picked":"SKIP","floor":1},{"not_picked":["Shade:ExtraLimbs","Shade:FleshOffering","Shade:CallWraith"],"picked":"SKIP","floor":3},{"not_picked":["Shade:FuneraryArmor","Shade:FingerOfDeath","Shade:RitualOffering"],"picked":"SKIP","floor":6},{"not_picked":["Shade:Premonition","Shade:WallOfFlesh","Shade:FingerOfDeath"],"picked":"SKIP","floor":9},{"not_picked":["Shade:FleshOffering","Shade:Patience","Shade:SoulToxin"],"picked":"SKIP","floor":12},{"not_picked":["Shade:SkeletonHug","Shade:CoffinDance"],"picked":"Shade:Carnophage","floor":13},{"not_picked":["Shade:CloudOfShrapnel","Shade:CoffinDance","Shade:Frenzy"],"picked":"SKIP","floor":15},{"not_picked":["Shade:OminousRitual","Shade:OneIsEnough"],"picked":"Shade:Coordination","floor":18},{"not_picked":["Shade:Premonition","Shade:FeralStrike"],"picked":"Shade:GraveStillness","floor":20},{"not_picked":["Shade:AncientSpear","Shade:Haruspicy"],"picked":"Shade:FuneraryJewels","floor":22},{"not_picked":["Shade:FreshBones","Shade:RitualOffering","Shade:FingerOfDeath"],"picked":"SKIP","floor":23},{"not_picked":["Shade:CommandSoldier","Shade:StitchTogether","Shade:PotionOfRestlessness"],"picked":"SKIP","floor":27},{"not_picked":["Shade:Asphyxiate+1","Shade:BoneShards"],"picked":"Shade:LichForm","floor":29},{"not_picked":["Shade:Trample+1","Shade:ScuttlingHand"],"picked":"Shade:FuneraryJewels","floor":30},{"not_picked":["Shade:FreshBones","Shade:Bonestorm+1","Shade:SkeletonHug"],"picked":"SKIP","floor":31},{"not_picked":["Shade:Frenzy","Shade:GreyBargain"],"picked":"Shade:OpenGraves+1","floor":33},{"not_picked":["Shade:Consume","Shade:SelfBurial"],"picked":"Shade:Putrefaction","floor":35},{"not_picked":["Shade:Frenzy+1","Shade:SkeletonHug+1","Shade:FingerOfDeath"],"picked":"SKIP","floor":37},{"not_picked":["Shade:AncientSpear+1","Shade:GraveStillness","Shade:GreyBargain+1"],"picked":"SKIP","floor":40},{"not_picked":["Shade:UnbarTheGrave","Shade:FleshOffering+1"],"picked":"Shade:Brains+1","floor":42},{"not_picked":["Shade:Trample+1","Shade:SoulToxin+1","Shade:Premonition+1"],"picked":"SKIP","floor":47},{"not_picked":["Shade:BoneShards","Shade:StitchTogether+1","Shade:GreyBargain+1"],"picked":"SKIP","floor":49},{"not_picked":["Shade:SkeletonArmy","Shade:CallOfTheGrave","Shade:GraveStillness"],"picked":"SKIP","floor":50},{"not_picked":["Shade:Bonestorm+1","Shade:SpontaneousRitual"],"picked":"Shade:OpenGraves","floor":56}],"player_experience":871619,"relics_obtained":[{"floor":6,"key":"Gremlin Food"},{"floor":9,"key":"Dota2Spire:PowerTreads"},{"floor":12,"key":"trackpad:BottledShadow"},{"floor":27,"key":"CCEMRelics:Barrel"},{"floor":28,"key":"Replay:Bandana"},{"floor":30,"key":"StoneCalendar"},{"floor":32,"key":"Mummified Hand"},{"floor":32,"key":"wanderingMiniBosses:Inkheart"},{"floor":33,"key":"vexMod:MemoryStick"},{"floor":41,"key":"ReplayTheSpireMod:Ring of Challenge"},{"floor":41,"key":"Ring of Fury"},{"floor":42,"key":"CCEMRelics:TechnogenicHelmet"},{"floor":45,"key":"aspiration:HiddenCompartment"},{"floor":50,"key":"vexMod:BarristanHead"},{"floor":56,"key":"BrokenLever"}],"event_choices":[],"is_beta":false,"boss_relics":[{"not_picked":["trackpad:StolenKidneys","aspiration:PoetsPen"],"picked":"energizedSpire:OgreHead"},{"not_picked":["Sandwich","StuffTheSpire:ModemDavis"],"picked":"aspiration:RunicSpoon"}],"items_purged_floors":[0,0,4,21,38,44],"is_endless":false,"potions_floor_spawned":[3,9,12,20,29,30,31,32,40,47,49],"ascension_level":8}}