{"host":"8u7tvcybuv0u72fd","time":1608364042,"event":{"mods":["BaseMod","BetterRewards","Colored Map","Colored Powertips","Minty Spire (QoL Compilation)","Quick Restart","Shop Mod"],"gold_per_floor":[153,192,192,192,23,23,23,23,69,69,19,80,80,116,116,296,296,339,378,378,441,136,136,210,210,282,282,192,228,228,299,299,450,513,533,533,571,453,183,183,226,226,274,274,320,335,17,70,70,95],"floor_reached":51,"playtime":3023,"items_purged":["Strike_R","Strike_R"],"score":1057,"play_id":"87dc4c3e-bd51-45b9-ae75-978d327a08cb","local_time":"20201219024722","is_ascension_mode":false,"campfire_choices":[{"data":"Body Slam","floor":6.0,"key":"SMITH"},{"data":"Bash","floor":8.0,"key":"SMITH"},{"data":"Seeing Red","floor":10.0,"key":"SMITH"},{"floor":13.0,"key":"REST"},{"data":"Shrug It Off","floor":15.0,"key":"SMITH"},{"data":"Berserk","floor":23.0,"key":"SMITH"},{"data":"HandOfGreed","floor":25.0,"key":"SMITH"},{"data":"Iron Wave","floor":27.0,"key":"SMITH"},{"data":"Feed","floor":30.0,"key":"SMITH"},{"floor":32.0,"key":"REST"},{"data":"Uppercut","floor":40,"key":"SMITH"},{"data":"Juggernaut","floor":42,"key":"SMITH"},{"data":"Panache","floor":49,"key":"SMITH"}],"circlet_count":0,"master_deck":["Strike_R+1","Strike_R","Strike_R+1","Defend_R+1","Defend_R+1","Defend_R","Bash+1","HandOfGreed+1","Body Slam+1","Seeing Red+1","Iron Wave+1","Shrug It Off+1","Berserk+1","Feed+1","Intimidate+1","Juggernaut+1","Flex+1","Uppercut+1","Panache+1","Flash of Steel","Headbutt+1"],"relics":["Burning Blood","Ancient Tea Set","Bag of Marbles","SacredBark","Incense Burner","Letter Opener","White Beast Statue","Pantograph","MerchantsRug","Kunai","Dead Branch"],"acts_visited":["TheCity","TheBeyond"],"potions_floor_usage":[41,45,50,50],"damage_taken":[{"damage":3.0,"enemies":"2 Louse","floor":1.0,"turns":4.0},{"damage":1.0,"enemies":"Jaw Worm","floor":2.0,"turns":3.0},{"damage":28.0,"enemies":"3 Sentries","floor":12.0,"turns":7.0},{"damage":0.0,"enemies":"Cultist","floor":14.0,"turns":2.0},{"damage":38.0,"enemies":"Slime Boss","floor":16.0,"turns":16.0},{"damage":17.0,"enemies":"Shell Parasite","floor":18.0,"turns":5.0},{"damage":20.0,"enemies":"Spheric Guardian","floor":19.0,"turns":5.0},{"damage":11.0,"enemies":"Centurion and Healer","floor":21.0,"turns":8.0},{"damage":38.0,"enemies":"Slavers","floor":24.0,"turns":8.0},{"damage":30.0,"enemies":"Gremlin Leader","floor":29.0,"turns":8.0},{"damage":2.0,"enemies":"3 Cultists","floor":31.0,"turns":5.0},{"damage":106.0,"enemies":"Champ","floor":33.0,"turns":11.0},{"damage":18.0,"enemies":"3 Darklings","floor":35.0,"turns":6.0},{"damage":0.0,"enemies":"3 Shapes","floor":37.0,"turns":6.0},{"damage":30,"enemies":"Nemesis","floor":41,"turns":7},{"damage":51,"enemies":"Maw","floor":45,"turns":7},{"damage":56,"enemies":"Spire Growth","floor":46,"turns":5},{"damage":28,"enemies":"2 Orb Walkers","floor":48,"turns":5},{"damage":106,"enemies":"Awakened One","floor":50,"turns":16}],"seed_played":"526700173929120297","potions_obtained":[{"floor":12.0,"key":"SneckoOil"},{"floor":14.0,"key":"Energy Potion"},{"floor":18.0,"key":"Regen Potion"},{"floor":21.0,"key":"Ancient Potion"},{"floor":31.0,"key":"EssenceOfSteel"},{"floor":33.0,"key":"ColorlessPotion"},{"floor":34.0,"key":"FearPotion"},{"floor":35.0,"key":"SneckoOil"},{"floor":37.0,"key":"HeartOfIron"},{"floor":41,"key":"ElixirPotion"},{"floor":45,"key":"Strength Potion"},{"floor":46,"key":"Dexterity Potion"},{"floor":48,"key":"SteroidPotion"}],"is_trial":false,"path_per_floor":["M","M","?","?","$","R","T","R","T","R","$","E","R","M","R","B",null,"M","M","T","M","$","R","E","R","T","R","?","E","R","M","R","B",null,"M","?","M","$","$","R","E","R","T","?","M","M","$","?","R","B",null],"character_chosen":"IRONCLAD","items_purchased":["HandOfGreed","Body Slam","Seeing Red","BloodPotion","Incense Burner","Uppercut","BloodPotion","Panache","Flash of Steel","Lee\u0027s Waffle","MerchantsRug","Kunai","BloodPotion"],"campfire_rested":2,"item_purchase_floors":[0,0,5,11,22,38,38,39,39,47,47,47,47],"current_hp_per_floor":[72,77,61,41,41,41,41,41,41,41,41,19,43,49,49,17,80,69,74,74,69,69,69,56,56,56,56,56,44,44,52,79,27,96,84,75,85,85,85,85,61,61,61,61,68,34,111,89,89,55],"gold":95,"neow_bonus":"","is_daily":false,"chose_seed":false,"campfire_upgraded":11,"win_rate":0.0,"timestamp":1608364042,"path_taken":["M","M","?","?","?","R","?","R","T","R","$","E","R","M","R","BOSS","M","M","?","M","$","R","E","R","T","R","?","E","R","?","R","BOSS","M","?","M","$","?","R","E","R","T","?","?","M","$","?","R","BOSS"],"items_purchased_type":["Card","Card","Card","Potion","Relic","Card","Potion","Card","Card","Relic","Relic","Relic","Potion"],"build_version":"2020-12-13","purchased_purges":2,"victory":true,"max_hp_per_floor":[80,80,80,80,80,80,80,80,80,80,80,80,80,80,80,80,80,80,80,80,80,80,80,87,87,87,87,87,87,87,91,91,91,96,96,96,100,100,100,100,100,100,100,100,100,104,111,111,111,111],"card_choices":[{"not_picked":["Clothesline","Heavy Blade","Infernal Blade"],"picked":"SKIP","floor":1.0},{"not_picked":["Uppercut","True Grit","Flex"],"picked":"SKIP","floor":2.0},{"not_picked":["Clash","Cleave"],"picked":"Iron Wave","floor":12.0},{"not_picked":["Perfected Strike","Entrench"],"picked":"Shrug It Off","floor":14.0},{"not_picked":["Feed","Corruption"],"picked":"Berserk","floor":16.0},{"not_picked":["Sentinel+1","Intimidate","True Grit"],"picked":"SKIP","floor":18.0},{"not_picked":["Wild Strike","Twin Strike+1","Body Slam"],"picked":"SKIP","floor":19.0},{"not_picked":["Warcry","Heavy Blade+1","Sentinel+1"],"picked":"SKIP","floor":21.0},{"not_picked":["Body Slam","Heavy Blade","Pommel Strike"],"picked":"SKIP","floor":24.0},{"not_picked":["Armaments","Sentinel"],"picked":"Feed","floor":29.0},{"not_picked":["Intimidate+1","Cleave","Flex"],"picked":"SKIP","floor":31.0},{"not_picked":["Cleave","Flex"],"picked":"Intimidate+1","floor":31.0},{"not_picked":["Impervious","Limit Break"],"picked":"Juggernaut","floor":33.0},{"not_picked":["Flex+1","Anger","Blood for Blood"],"picked":"SKIP","floor":35.0},{"not_picked":["Havoc+1","Spot Weakness+1"],"picked":"Flex+1","floor":37.0},{"not_picked":["Corruption","Juggernaut","Warcry"],"picked":"SKIP","floor":41},{"not_picked":["Warcry","Havoc","Combust"],"picked":"SKIP","floor":45},{"not_picked":["Armaments+1","Seeing Red"],"picked":"Headbutt+1","floor":46}],"player_experience":1187456,"relics_obtained":[{"floor":7.0,"key":"Darkstone Periapt"},{"floor":9.0,"key":"Ancient Tea Set"},{"floor":12.0,"key":"Bag of Marbles"},{"floor":20.0,"key":"Meat on the Bone"},{"floor":24.0,"key":"Strawberry"},{"floor":26.0,"key":"Letter Opener"},{"floor":29.0,"key":"White Beast Statue"},{"floor":41,"key":"Pantograph"},{"floor":48,"key":"Dead Branch"}],"event_choices":[{"damage_healed":0.0,"max_hp_gain":0.0,"max_hp_loss":0.0,"gold_gain":0.0,"event_name":"Shining Light","player_choice":"Entered Light","floor":3.0,"gold_loss":0.0,"damage_taken":16.0,"cards_upgraded":["Defend_R","Strike_R"]},{"damage_healed":0.0,"max_hp_gain":0.0,"max_hp_loss":0.0,"gold_gain":0.0,"event_name":"Golden Idol","player_choice":"Take Damage","floor":4.0,"gold_loss":0.0,"damage_taken":20.0,"relics_obtained":["Golden Idol"]},{"cards_removed":["Defend_R"],"damage_healed":0.0,"max_hp_gain":0.0,"max_hp_loss":0.0,"gold_gain":0.0,"event_name":"Designer","player_choice":"Upgrade and Remove","floor":28.0,"gold_loss":90.0,"damage_taken":0.0,"cards_upgraded":["Strike_R"]},{"damage_healed":0.0,"max_hp_gain":0.0,"max_hp_loss":0.0,"gold_gain":0.0,"event_name":"Wheel of Change","player_choice":"Damaged","floor":36.0,"gold_loss":0.0,"damage_taken":9.0},{"damage_healed":0,"gold_gain":0,"player_choice":"Ignored","damage_taken":0,"max_hp_gain":0,"max_hp_loss":0,"event_name":"SecretPortal","floor":44,"gold_loss":0},{"damage_healed":0,"gold_gain":0,"player_choice":"Fight","damage_taken":0,"max_hp_gain":0,"max_hp_loss":0,"event_name":"Mysterious Sphere","floor":48,"gold_loss":0}],"is_beta":false,"boss_relics":[{"not_picked":["Runic Dome","Astrolabe"],"picked":"SacredBark"},{"not_picked":["Sozu","Runic Pyramid"],"picked":"Tiny House"}],"items_purged_floors":[0,5],"is_endless":false,"potions_floor_spawned":[12,14,18,21,31,33,35,37,41,45,46,48],"ascension_level":0}}