{"host":"ek3xvuouaw6vk9if","time":1608409936,"event":{"mods":["BaseMod","Downfall","Minty Spire (QoL Compilation)","Permanent Neow","Quick Restart","Replay The Spire","StSLib"],"gold_per_floor":[19,35,35,110,124,124,142,142,142,179,201,58,100,100,100,178,178,197,224,324,356,15,15,58,58,58,74,119,95,95,120,120,201,201,222,245,176,176,199,215,215],"floor_reached":40,"playtime":1828,"items_purged":["Strike_B","Strike_B"],"score":996,"play_id":"f86f6ddc-070d-465a-a1fa-c0404a64a68f","local_time":"20201219153216","is_ascension_mode":true,"campfire_choices":[{"data":"Apotheosis","floor":6,"key":"SMITH"},{"floor":8,"key":"REST"},{"data":"Static Discharge","floor":15,"key":"SMITH"},{"floor":23,"key":"REST"},{"data":"ReplayRNGCard","floor":25,"key":"SMITH"},{"floor":32,"key":"REST"}],"circlet_count":0,"master_deck":["AscendersBane","Defend_B","Defend_B","Defend_B","Defend_B","Zap","Dualcast","Apotheosis+1","Ball Lightning","Sweeping Beam","Lockon","Machine Learning","Mirror Shield","Genetic Algorithm","Defragment+1","Static Discharge+1","ReplayRNGCard+1","Ball Lightning","Compile Driver+1","Fission","Impatience","Coolheaded","Defragment","BasicCrystalCard+1","Rip and Tear","Panic Button","Rainbow","Coolheaded+1","Mirror Shield"],"relics":["Cracked Core","Replay:Bandana","ReplayTheSpireMod:Shallot","Replay:Bottled Flurry","Ring of Chaos","Anchor","Darkstone Periapt","Blue Doll","Potion Belt","Prayer Wheel"],"acts_visited":["Exordium","TheCity","TheBeyond"],"potions_floor_usage":[24,36,40,40,40],"damage_taken":[{"damage":4,"enemies":"Jaw Worm","floor":1,"turns":4},{"damage":4,"enemies":"Small Slimes","floor":2,"turns":3},{"damage":0,"enemies":"Cultist","floor":5,"turns":2},{"damage":10,"enemies":"3 Louse","floor":7,"turns":3},{"damage":16,"enemies":"Lagavulin","floor":10,"turns":5},{"damage":5,"enemies":"Gremlin Gang","floor":11,"turns":5},{"damage":7,"enemies":"3 Sentries","floor":13,"turns":6},{"damage":5,"enemies":"Fading Forest","floor":16,"turns":11},{"damage":4,"enemies":"Shell Parasite","floor":18,"turns":5},{"damage":9,"enemies":"Spheric Guardian","floor":19,"turns":5},{"damage":11,"enemies":"Chosen and Byrds","floor":21,"turns":4},{"damage":1,"enemies":"Book of Stabbing","floor":24,"turns":5},{"damage":11,"enemies":"Sentry and Sphere","floor":27,"turns":4},{"damage":24,"enemies":"Slavers","floor":28,"turns":3},{"damage":0,"enemies":"3 Cultists","floor":31,"turns":4},{"damage":22,"enemies":"Pondfish","floor":33,"turns":9},{"damage":9,"enemies":"Orb Walker","floor":35,"turns":4},{"damage":8,"enemies":"3 Darklings","floor":36,"turns":5},{"damage":14,"enemies":"Spire Growth","floor":39,"turns":6},{"damage":43,"enemies":"Reptomancer","floor":40,"turns":2}],"seed_played":"-2300497009837717574","potions_obtained":[{"floor":10,"key":"LifebloodPotion"},{"floor":11,"key":"champ:CounterPotion"},{"floor":13,"key":"Energy Potion"},{"floor":24,"key":"sneckomod:MuddlingPotion"},{"floor":28,"key":"Weak Potion"},{"floor":33,"key":"sneckomod:MuddlingPotion"}],"is_trial":false,"path_per_floor":["M","M","?","?","M","R","M","R","T","E","M","$","E","?","R","B",null,"M","M","?","M","$","R","E","R","T","M","E","$","?","M","R","B",null,"M","M","$","?","M","E"],"character_chosen":"DEFECT","items_purchased":["Defragment","Impatience","Anchor","BasicCrystalCard+1","ReplayTheSpireMod:Fabricate Wheel"],"campfire_rested":3,"item_purchase_floors":[12,22,22,29,37],"current_hp_per_floor":[60,56,56,49,49,49,39,60,60,44,39,39,32,32,32,37,63,59,50,50,39,39,60,59,59,59,48,24,24,24,24,45,23,59,50,42,42,42,28,0,0],"gold":215,"neow_bonus":"RANDOM_COLORLESS_2","is_daily":false,"chose_seed":false,"campfire_upgraded":3,"win_rate":0.0,"timestamp":1608409936,"path_taken":["M","M","?","?","M","R","M","R","T","E","?","$","E","?","R","BOSS","M","?","?","M","?","R","E","R","T","?","E","$","?","M","R","BOSS","M","M","$","?","M","E"],"items_purchased_type":["Card","Card","Relic","Card","Card"],"build_version":"2020-12-13","purchased_purges":2,"victory":false,"max_hp_per_floor":[71,71,71,71,71,71,71,71,71,71,71,71,71,71,71,71,71,71,71,71,71,71,71,71,71,71,71,71,71,71,71,71,71,71,71,71,71,71,71,71,71],"card_choices":[{"not_picked":["Poisoned Strike","Chrysalis"],"picked":"Apotheosis","floor":0},{"not_picked":["Leap","Conserve Battery"],"picked":"Ball Lightning","floor":1},{"not_picked":["Go for the Eyes","Panic Button"],"picked":"Sweeping Beam","floor":2},{"not_picked":["Redo","Beam Cell"],"picked":"Lockon","floor":5},{"not_picked":["Steam","Tempest"],"picked":"Machine Learning","floor":7},{"not_picked":["Steam","Stack"],"picked":"Mirror Shield","floor":10},{"not_picked":["Cold Snap","Leap"],"picked":"Genetic Algorithm","floor":11},{"not_picked":["Heatsinks","Turbo"],"picked":"Static Discharge","floor":13},{"not_picked":["All For One","Fission"],"picked":"ReplayRNGCard","floor":16},{"not_picked":["Compile Driver","Streamline"],"picked":"Ball Lightning","floor":18},{"not_picked":["Panic Button+1","Stack"],"picked":"Compile Driver+1","floor":19},{"not_picked":["Sweeping Beam","Go for the Eyes"],"picked":"Fission","floor":21},{"not_picked":["ReplayTheSpireMod:System Scan","Gash"],"picked":"Coolheaded","floor":24},{"not_picked":["Streamline","Gash","Compile Driver"],"picked":"SKIP","floor":27},{"not_picked":["Rip and Tear","Machine Learning"],"picked":"Defragment","floor":28},{"not_picked":["Coolheaded","ReplaySort","Sweeping Beam"],"picked":"SKIP","floor":31},{"not_picked":["Reboot","Buffer"],"picked":"Rainbow","floor":33},{"not_picked":["ReplayTheSpireMod:Repulse","Beam Cell+1","Streamline"],"picked":"SKIP","floor":35},{"not_picked":["FTL","Self Repair"],"picked":"Coolheaded+1","floor":36},{"not_picked":["Ball Lightning","ReplayTheSpireMod:System Scan","Leap"],"picked":"SKIP","floor":39},{"not_picked":["Cold Snap","Panic Button","Blizzard+1"],"picked":"SKIP","floor":39}],"player_experience":692358,"relics_obtained":[{"floor":9,"key":"Replay:Bandana"},{"floor":10,"key":"ReplayTheSpireMod:Shallot"},{"floor":13,"key":"Replay:Bottled Flurry"},{"floor":24,"key":"Darkstone Periapt"},{"floor":26,"key":"Blue Doll"},{"floor":28,"key":"Potion Belt"}],"event_choices":[{"damage_healed":0,"gold_gain":0,"player_choice":"Ignored","damage_taken":0,"max_hp_gain":0,"max_hp_loss":0,"event_name":"Liars Game","floor":3,"gold_loss":0},{"damage_healed":0,"gold_gain":75,"player_choice":"Touch","damage_taken":7,"max_hp_gain":0,"max_hp_loss":0,"event_name":"FaceTrader","floor":4,"gold_loss":0},{"damage_healed":0,"gold_gain":0,"player_choice":"Forge","damage_taken":0,"max_hp_gain":0,"max_hp_loss":0,"event_name":"Accursed Blacksmith","floor":14,"gold_loss":0,"cards_upgraded":["Defragment"]},{"damage_healed":0,"gold_gain":100,"player_choice":"Pray","damage_taken":0,"max_hp_gain":0,"max_hp_loss":0,"event_name":"Golden Shrine","floor":20,"gold_loss":0},{"damage_healed":0,"gold_gain":0,"cards_transformed":["Strike_B","Strike_B"],"player_choice":"Became Test Subject","damage_taken":0,"max_hp_gain":0,"max_hp_loss":0,"event_name":"Drug Dealer","floor":30,"gold_loss":0,"cards_obtained":["Rip and Tear","Panic Button"]},{"damage_healed":0,"gold_gain":0,"player_choice":"Memory 1","damage_taken":0,"max_hp_gain":0,"max_hp_loss":0,"event_name":"SensoryStone","floor":38,"gold_loss":0}],"is_beta":false,"boss_relics":[{"not_picked":["Calling Bell","ReplayTheSpireMod:DimensionalGlitch"],"picked":"Ring of Chaos"},{"not_picked":["Snecko Heart","Honey Jar","Snecko Eye"]}],"items_purged_floors":[12,22],"is_endless":false,"potions_floor_spawned":[10,11,13,19,21,24,28,33],"killed_by":"Reptomancer","ascension_level":14}}