{"host":"h2t1p868he4iyouz","time":1608384591,"event":{"mods":["Act Like it!","BaseMod","Minty Spire (QoL Compilation)","Replay The Spire","StSLib"],"gold_per_floor":[111,99332,99332,99393,99411,99411,99424,99441,99464,99497,99497,98734,98768,98768,98768,98863,98863,98876,98887,98897,98220,98236,98236,98266,98276,98352,97446,97471,97484,97484,97503,97503,97607,97607,97622,97622,96636,96649,96659,96690,96706,96731,96731,96763,95885,95885,95925,95951,95951,95973,95973,95973,94782,94822,94834],"floor_reached":56,"playtime":3417,"items_purged":["Defend_G","ReplayTheSpireMod:Splinters","Pain","Strike_G","Writhe","Defend_G","Strike_G"],"score":1497,"play_id":"b178e7c9-9c63-48a5-ac74-c39ce31c472b","local_time":"20201219212951","is_ascension_mode":true,"campfire_choices":[{"floor":6.0,"key":"RECALL"},{"data":"ReplayTheSpireMod:Necrosis","floor":11.0,"key":"SMITH"},{"data":"PiercingWail","floor":15.0,"key":"SMITH"},{"data":"Calculated Gamble","floor":23.0,"key":"SMITH"},{"data":"Sadistic Nature","floor":30.0,"key":"SMITH"},{"floor":32.0,"key":"REST"},{"data":"Sadistic Nature","floor":49.0,"key":"SMITH"},{"data":"PiercingWail","floor":52,"key":"SMITH"}],"circlet_count":0,"master_deck":["Strike_G","Strike_G+1","Strike_G","Defend_G","Defend_G","Defend_G","Survivor","Neutralize","Crippling Poison+1","Poisoned Stab+1","Trip","PiercingWail+1","Acrobatics","Calculated Gamble+1","PiercingWail+1","ReplayTheSpireMod:Necrosis+1","Toxin Wave+1","Backflip+1","Prepared+1","Sucker Punch+1","Bane","Acrobatics+1","Outmaneuver+1","Flying Knee","Replay:Poison Smokescreen+1","Sadistic Nature+1","Sadistic Nature+1","Flying Knee+1","Dagger Spray+1","Corpse Explosion+1","Burst+1","Deflect+1","Concentrate+1","Sadistic Nature+1","Tactician+1","Poisoned Stab+1","Terror+1","Bouncing Flask+1","After Image","Toxin Wave+1","Envenom+1","ReplayTheSpireMod:Private Reserves+1"],"relics":["Ring of the Snake","NeowsBlessing","Whetstone","Replay:Bottled Eggs","Garlic","Bronze Scales","Toxic Egg 2","Lizard Tail","BargainBundle","ReplayTheSpireMod:TigerMarble","WarpedTongs","HoveringKite","Akabeko","Blue Doll","Toolbox","Snake Skull","Paper Crane","Lantern","Centennial Puzzle","Sling","Snack Pack","Black Star","Torii","Bag of Marbles","TwistedFunnel","Juzu Bracelet","Oddly Smooth Stone","Divine Protection","Onion Ring","TungstenRod","Replay:Bandana","Bottled Tornado","Dream Catcher","Gambling Chip","CaptainsWheel","Pen Nib","White Beast Statue","Anchor","Orrery","Pantograph","Toy Ornithopter"],"acts_visited":["Exordium","TheCity","TheBeyond","TheEnding"],"potions_floor_usage":[50,50,54,55,55],"damage_taken":[{"damage":0.0,"enemies":"2 Louse","floor":1.0,"turns":1.0},{"damage":0.0,"enemies":"Jaw Worm","floor":5.0,"turns":1.0},{"damage":0.0,"enemies":"Cultist","floor":7.0,"turns":1.0},{"damage":0.0,"enemies":"Lots of Slimes","floor":8.0,"turns":1.0},{"damage":7.0,"enemies":"Gremlin Nob","floor":10.0,"turns":4.0},{"damage":23.0,"enemies":"Lagavulin","floor":13.0,"turns":5.0},{"damage":46.0,"enemies":"The Guardian","floor":16.0,"turns":11.0},{"damage":9.0,"enemies":"Shell Parasite","floor":18.0,"turns":4.0},{"damage":2.0,"enemies":"2 Thieves","floor":19.0,"turns":3.0},{"damage":11.0,"enemies":"Snake Plant","floor":20.0,"turns":3.0},{"damage":2.0,"enemies":"Cultist and Chosen","floor":22.0,"turns":3.0},{"damage":2.0,"enemies":"Slavers","floor":24.0,"turns":3.0},{"damage":1.0,"enemies":"Centurion and Healer","floor":25.0,"turns":2.0},{"damage":0.0,"enemies":"Book of Stabbing","floor":28.0,"turns":3.0},{"damage":0.0,"enemies":"Snake Plant","floor":29.0,"turns":1.0},{"damage":15.0,"enemies":"Sentry and Sphere","floor":31.0,"turns":4.0},{"damage":21.0,"enemies":"Pondfish","floor":33.0,"turns":7.0},{"damage":2.0,"enemies":"3 Darklings","floor":35.0,"turns":2.0},{"damage":0.0,"enemies":"Orb Walker","floor":38.0,"turns":1.0},{"damage":0.0,"enemies":"3 Darklings","floor":39.0,"turns":2.0},{"damage":17.0,"enemies":"R_Hoarder","floor":40.0,"turns":5.0},{"damage":6.0,"enemies":"4 Shapes","floor":41.0,"turns":1.0},{"damage":0.0,"enemies":"Reptomancer","floor":42.0,"turns":3.0},{"damage":2.0,"enemies":"R_Hoarder","floor":44.0,"turns":5.0},{"damage":0.0,"enemies":"Reptomancer","floor":47.0,"turns":1.0},{"damage":0.0,"enemies":"Spire Growth","floor":48.0,"turns":2.0},{"damage":53,"enemies":"Replay:Hell Engine","floor":50,"turns":5},{"damage":0,"enemies":"Shield and Spear","floor":54,"turns":2},{"damage":31,"enemies":"The Heart","floor":55,"turns":7}],"seed_played":"2437380593681612071","potions_obtained":[{"floor":1.0,"key":"Energy Potion"},{"floor":13.0,"key":"SmokeBomb"},{"floor":18.0,"key":"Swift Potion"},{"floor":20.0,"key":"Explosive Potion"},{"floor":22.0,"key":"SkillPotion"},{"floor":29.0,"key":"Elixir"},{"floor":33.0,"key":"PowerPotion"},{"floor":41.0,"key":"Adrenaline Potion"},{"floor":54,"key":"LiquidBronze"}],"is_trial":false,"path_per_floor":["M","$","?","?","M","R","M","M","T","E","R","$","E","?","R","B",null,"M","M","M","$","M","R","E","M","T","$","E","M","R","M","R","B",null,"M","?","$","M","M","E","M","E","T","E","$","?","E","M","R","B",null,"R","$","E","B",null],"character_chosen":"THE_SILENT","items_purchased":["Poisoned Stab","Whetstone","Replay:Bottled Eggs","Fire Potion","Explosive Potion","Trip","Toxic Egg 2","Lizard Tail","BargainBundle","Toxin Wave+1","Backflip+1","Energy Potion","Akabeko","Blue Doll","Toolbox","Outmaneuver+1","Adrenaline Potion","Lantern","Centennial Puzzle","Sling","Replay:Poison Smokescreen+1","Sadistic Nature","Energy Potion","Explosive Potion","Burst+1","Torii","Bag of Marbles","TwistedFunnel","SteroidPotion","Dream Catcher","Sadistic Nature+1","Tactician+1","Gambling Chip","CunningPotion","White Beast Statue","Anchor","Orrery","Venom Potion","ColorlessPotion","Death Potion","Envenom+1","ReplayTheSpireMod:Private Reserves+1"],"campfire_rested":1,"item_purchase_floors":[2,2,2,2,2,2,12,12,12,12,12,12,21,21,21,21,21,27,27,27,27,27,27,27,37,37,37,37,37,45,45,45,45,45,53,53,53,53,53,53,53,53],"current_hp_per_floor":[70,70,70,70,70,70,70,70,70,63,63,63,40,40,40,34,70,61,59,48,48,46,46,44,43,43,43,43,43,43,36,57,36,70,68,70,70,70,70,53,47,51,51,49,49,49,51,53,53,4,70,70,70,70,39],"gold":94834,"neow_bonus":"THREE_ENEMY_KILL","is_daily":false,"chose_seed":false,"campfire_upgraded":6,"win_rate":0.0,"timestamp":1608384591,"path_taken":["M","$","?","?","M","R","?","?","T","E","R","$","E","?","R","BOSS","M","M","?","?","M","R","E","M","T","$","E","M","R","M","R","BOSS","M","?","$","M","M","E","M","E","T","E","$","?","E","M","R","BOSS","R","$","E","BOSS"],"items_purchased_type":["Card","Relic","Relic","Potion","Potion","Card","Relic","Relic","Relic","Card","Card","Potion","Relic","Relic","Relic","Card","Potion","Relic","Relic","Relic","Card","Card","Potion","Potion","Card","Relic","Relic","Relic","Potion","Relic","Card","Card","Relic","Potion","Relic","Relic","Relic","Potion","Potion","Potion","Card","Card"],"build_version":"2020-12-13","purchased_purges":7,"victory":true,"max_hp_per_floor":[70,70,70,70,70,70,70,70,70,70,70,70,70,70,70,70,70,70,70,70,70,70,70,70,70,70,70,70,70,70,70,70,70,70,70,70,70,70,70,70,70,70,70,70,70,70,70,70,70,70,70,70,70,70,70],"card_choices":[{"not_picked":["Deadly Poison","Leg Sweep"],"picked":"Crippling Poison","floor":1.0},{"not_picked":["Blur","Flying Knee"],"picked":"PiercingWail","floor":4.0},{"not_picked":["Heel Hook","ReplayTheSpireMod:The Works"],"picked":"Acrobatics","floor":5.0},{"not_picked":["Poisoned Stab","Tactician"],"picked":"Calculated Gamble","floor":7.0},{"not_picked":["Dagger Spray","Prepared"],"picked":"PiercingWail","floor":8.0},{"not_picked":["Dodge and Roll","Outmaneuver"],"picked":"ReplayTheSpireMod:Necrosis","floor":10.0},{"not_picked":["Dash","Slice"],"picked":"Prepared+1","floor":13.0},{"not_picked":["Finisher","Dagger Throw"],"picked":"Sucker Punch+1","floor":18.0},{"not_picked":["Hidden Blade+1","Expertise+1"],"picked":"Bane","floor":19.0},{"not_picked":["Cloak And Dagger+1","Blade Dance+1"],"picked":"Acrobatics+1","floor":20.0},{"not_picked":["All Out Attack","Prepared+1","Cloak And Dagger+1"],"picked":"SKIP","floor":22.0},{"not_picked":["Die Die Die","Well Laid Plans"],"picked":"Flying Knee","floor":24.0},{"not_picked":["Prepared+1","ReplayTheSpireMod:Tripwire+1","Predator"],"picked":"SKIP","floor":25.0},{"not_picked":["Dagger Throw","Predator","Bane+1"],"picked":"SKIP","floor":28.0},{"not_picked":["Escape Plan+1","All Out Attack"],"picked":"Flying Knee+1","floor":29.0},{"not_picked":["Dagger Throw","Blur+1"],"picked":"Dagger Spray+1","floor":31.0},{"not_picked":["Replay:Bag of Tricks+1","Glass Knife"],"picked":"Corpse Explosion+1","floor":33.0},{"not_picked":["Cloak And Dagger+1","Eviscerate","Backflip+1"],"picked":"SKIP","floor":35.0},{"not_picked":["Bane","Setup+1"],"picked":"Deflect+1","floor":38.0},{"not_picked":["Endless Agony","Cloak And Dagger+1","Slice+1"],"picked":"SKIP","floor":39.0},{"not_picked":["Burst+1","Predator+1","Underhanded Strike"],"picked":"SKIP","floor":40.0},{"not_picked":["Prepared+1","Underhanded Strike"],"picked":"Concentrate+1","floor":41.0},{"not_picked":["Sucker Punch+1","Slice+1","Quick Slash"],"picked":"SKIP","floor":42.0},{"not_picked":["Blade Dance+1","Dodge and Roll+1","Choke+1"],"picked":"SKIP","floor":44.0},{"not_picked":["Slice","Blade Dance+1","Heel Hook+1"],"picked":"SKIP","floor":47.0},{"not_picked":["Dagger Spray","Underhanded Strike+1"],"picked":"Poisoned Stab+1","floor":48.0},{"not_picked":["PiercingWail+1","Eviscerate"],"picked":"Terror+1","floor":53},{"not_picked":["Deflect+1","Flying Knee"],"picked":"Bouncing Flask+1","floor":53},{"not_picked":["Wraith Form v2","Underhanded Strike"],"picked":"After Image","floor":53},{"not_picked":["Dagger Throw","Riddle With Holes"],"picked":"Toxin Wave+1","floor":53},{"not_picked":["Flying Knee+1","Dagger Spray+1","Acrobatics+1"],"picked":"SKIP","floor":54}],"player_experience":304528,"relics_obtained":[{"floor":4.0,"key":"Garlic"},{"floor":10.0,"key":"Bronze Scales"},{"floor":13.0,"key":"ReplayTheSpireMod:TigerMarble"},{"floor":24.0,"key":"Snake Skull"},{"floor":26.0,"key":"Paper Crane"},{"floor":28.0,"key":"Snack Pack"},{"floor":40.0,"key":"Juzu Bracelet"},{"floor":40.0,"key":"Oddly Smooth Stone"},{"floor":42.0,"key":"Divine Protection"},{"floor":42.0,"key":"Onion Ring"},{"floor":43.0,"key":"TungstenRod"},{"floor":44.0,"key":"Replay:Bandana"},{"floor":44.0,"key":"Bottled Tornado"},{"floor":47.0,"key":"CaptainsWheel"},{"floor":47.0,"key":"Pen Nib"},{"floor":54,"key":"Pantograph"},{"floor":54,"key":"Toy Ornithopter"}],"event_choices":[{"damage_healed":0.0,"max_hp_gain":0.0,"max_hp_loss":0.0,"gold_gain":0.0,"event_name":"Liars Game","player_choice":"Ignored","floor":3.0,"gold_loss":0.0,"damage_taken":0.0},{"damage_healed":0.0,"max_hp_gain":0.0,"max_hp_loss":0.0,"gold_gain":0.0,"event_name":"Accursed Blacksmith","player_choice":"Rummage","floor":14.0,"gold_loss":0.0,"damage_taken":0.0,"relics_obtained":["WarpedTongs"],"cards_obtained":["Pain"]},{"damage_healed":18.0,"max_hp_gain":0.0,"max_hp_loss":0.0,"gold_gain":0.0,"event_name":"Winding Halls","player_choice":"Writhe","floor":36.0,"gold_loss":0.0,"damage_taken":0.0,"cards_obtained":["Writhe"]}],"is_beta":false,"boss_relics":[{"not_picked":["Sozu","Runic Dome"],"picked":"HoveringKite"},{"not_picked":["Snecko Eye","Painkiller Herb"],"picked":"Black Star"}],"items_purged_floors":[2,12,21,27,37,45,53],"is_endless":false,"potions_floor_spawned":[1,5,13,18,20,22,28,29,33,35,41,47,54],"ascension_level":1}}