{"host":"usewcu4ohw2wtmxk","time":1608350698,"event":{"mods":["AchievementEnabler","BaseMod","Colored Powertips","Minty Spire (QoL Compilation)","Permanent Neow","Quick Restart","Relic Stats","StSLib"],"gold_per_floor":[116,135,135,210,227,227,65,92,92,92,125,125,144,144,144,248,248,264,264,284,302,302,336,348,388,473,505,531,572,186,212,212,308,308,328,28,38,49,49,82,82,116,161,161,161,195,95,129,129,129,129,129,4,33,33,33],"floor_reached":55,"playtime":1679,"items_purged":["Strike_B","Strike_B","Strike_B"],"score":1100,"play_id":"5feeb359-6739-4207-8705-40b45e9e0d0a","local_time":"20201219120458","is_ascension_mode":true,"campfire_choices":[{"data":"Dualcast","floor":6.0,"key":"SMITH"},{"data":"Apotheosis","floor":12.0,"key":"SMITH"},{"floor":15,"key":"RECALL"},{"data":"Electrodynamics","floor":24,"key":"SMITH"},{"data":"Buffer","floor":32,"key":"SMITH"}],"circlet_count":0,"master_deck":["Strike_B","Defend_B","Defend_B+1","Defend_B","Defend_B","Zap","Dualcast+1","Electrodynamics+1","Streamline+1","Hologram","Apotheosis+1","Echo Form","Fission+1","Ball Lightning+1","Core Surge","Defragment+1","Cold Snap","Buffer+1","Heatsinks+1","Reboot","White Noise","Chill","Coolheaded+1","Skim+1"],"relics":["Cracked Core","Cables","Bag of Marbles","Mummified Hand","Coffee Dripper","Gambling Chip","MawBank","Nunchaku","Meat on the Bone","Boot","Frozen Egg 2","Red Mask","Fusion Hammer","Medical Kit","Bag of Preparation","Orichalcum","Eternal Feather","Bottled Lightning","Mango","Regal Pillow","Akabeko"],"acts_visited":["Exordium","TheCity","TheBeyond","TheEnding"],"potions_floor_usage":[48,55,55],"damage_taken":[{"damage":1.0,"enemies":"Cultist","floor":1.0,"turns":3.0},{"damage":0.0,"enemies":"Jaw Worm","floor":2.0,"turns":2.0},{"damage":4.0,"enemies":"Small Slimes","floor":5.0,"turns":3.0},{"damage":14.0,"enemies":"Gremlin Nob","floor":8.0,"turns":3.0},{"damage":13.0,"enemies":"3 Sentries","floor":11.0,"turns":3.0},{"damage":0.0,"enemies":"Looter","floor":13.0,"turns":2.0},{"damage":8,"enemies":"The Guardian","floor":16,"turns":9},{"damage":2,"enemies":"Spheric Guardian","floor":18,"turns":3},{"damage":4,"enemies":"Shell Parasite","floor":20,"turns":3},{"damage":0,"enemies":"Cultist and Chosen","floor":21,"turns":3},{"damage":18,"enemies":"Book of Stabbing","floor":23,"turns":5},{"damage":5,"enemies":"Gremlin Leader","floor":25,"turns":3},{"damage":12,"enemies":"Centurion and Healer","floor":27,"turns":3},{"damage":0,"enemies":"Snecko","floor":28,"turns":2},{"damage":14,"enemies":"Slavers","floor":29,"turns":2},{"damage":0,"enemies":"Masked Bandits","floor":31,"turns":3},{"damage":0,"enemies":"Collector","floor":33,"turns":4},{"damage":0,"enemies":"3 Darklings","floor":35,"turns":1},{"damage":0,"enemies":"Orb Walker","floor":37,"turns":2},{"damage":0,"enemies":"4 Shapes","floor":38,"turns":2},{"damage":0,"enemies":"Nemesis","floor":40,"turns":4},{"damage":0,"enemies":"Giant Head","floor":42,"turns":4},{"damage":0,"enemies":"Reptomancer","floor":46,"turns":3},{"damage":0,"enemies":"Nemesis","floor":48,"turns":3},{"damage":0,"enemies":"Donu and Deca","floor":50,"turns":6},{"damage":10,"enemies":"Shield and Spear","floor":54,"turns":4},{"damage":75,"enemies":"The Heart","floor":55,"turns":8}],"seed_played":"-8216803501178696645","potions_obtained":[{"floor":1.0,"key":"SneckoOil"},{"floor":2.0,"key":"Explosive Potion"},{"floor":5.0,"key":"PowerPotion"},{"floor":13.0,"key":"Ancient Potion"},{"floor":20,"key":"LiquidBronze"},{"floor":25,"key":"Energy Potion"},{"floor":28,"key":"EssenceOfSteel"},{"floor":46,"key":"PowerPotion"},{"floor":48,"key":"GamblersBrew"}],"is_trial":false,"path_per_floor":["M","M","?","?","M","R","$","E","T","?","E","R","M","?","R","B",null,"M","?","M","M","?","E","R","E","T","M","M","E","$","?","R","B",null,"M","$","M","M","?","E","?","E","T","R","T","E","$","E","R","B",null,"R","$","E","B"],"character_chosen":"DEFECT","items_purchased":["Apotheosis","Frozen Egg 2","Heatsinks+1","Medical Kit","Bag of Preparation"],"campfire_rested":0,"item_purchase_floors":[7,30,30,36,36],"current_hp_per_floor":[53,53,38,27,23,23,23,9,9,34,21,21,21,21,21,13,75,73,73,69,69,69,51,51,46,46,46,46,44,44,44,44,44,75,75,75,75,75,71,71,71,71,71,71,71,85,85,85,85,85,85,85,85,75,0,0],"gold":33,"neow_bonus":"THREE_RARE_CARDS","is_daily":false,"chose_seed":false,"campfire_upgraded":4,"win_rate":0.0,"timestamp":1608350698,"path_taken":["M","M","?","?","M","R","$","E","T","?","E","R","M","?","R","BOSS","M","?","M","M","?","E","R","E","T","?","M","E","$","?","R","BOSS","M","$","M","M","?","E","?","E","T","R","?","E","?","E","R","BOSS","R","$","E","BOSS"],"items_purchased_type":["Card","Relic","Card","Relic","Relic"],"build_version":"2020-12-13","purchased_purges":3,"victory":false,"max_hp_per_floor":[75,75,75,75,75,75,75,75,75,75,75,75,75,75,75,75,75,75,75,75,75,75,75,75,75,75,75,75,75,75,75,75,75,75,75,75,75,75,71,71,71,71,71,71,71,85,85,85,85,85,85,85,85,85,85,85],"relic_stats":{"Regal Pillow":0,"counters":[27,93],"Eternal Feather":0,"Bag of Preparation":[18],"Orichalcum":[18],"MawBank":84,"Boot":[45],"Medical Kit":[10],"Cables":[64,54,10,0,0],"Nunchaku":[13],"Mummified Hand":[129],"Gambling Chip":[71],"obtain_stats":[{"Regal Pillow":48,"Eternal Feather":42,"Mango":46,"Bag of Preparation":36,"Frozen Egg 2":30,"Orichalcum":40,"MawBank":23,"Boot":29,"Medical Kit":36,"Akabeko":54,"Cables":8,"Nunchaku":25,"Mummified Hand":11,"Gambling Chip":19,"Fusion Hammer":34,"Bag of Marbles":9,"Coffee Dripper":17,"Red Mask":31,"Bottled Lightning":45,"Cracked Core":0,"Meat on the Bone":26},{"Regal Pillow":24,"Eternal Feather":22,"Mango":23,"Bag of Preparation":18,"Frozen Egg 2":15,"Orichalcum":21,"MawBank":11,"Boot":15,"Medical Kit":18,"Akabeko":26,"Cables":4,"Nunchaku":12,"Mummified Hand":5,"Gambling Chip":8,"Fusion Hammer":17,"Bag of Marbles":4,"Coffee Dripper":7,"Red Mask":16,"Bottled Lightning":22,"Cracked Core":0,"Meat on the Bone":12},{"Regal Pillow":75,"Eternal Feather":69,"Mango":72,"Bag of Preparation":57,"Frozen Egg 2":49,"Orichalcum":65,"MawBank":39,"Boot":49,"Medical Kit":57,"Akabeko":85,"Cables":11,"Nunchaku":42,"Mummified Hand":14,"Gambling Chip":28,"Fusion Hammer":56,"Bag of Marbles":11,"Coffee Dripper":25,"Red Mask":52,"Bottled Lightning":69,"Cracked Core":0,"Meat on the Bone":42}],"Meat on the Bone":24},"card_choices":[{"not_picked":["Meteor Strike","Biased Cognition"],"picked":"Electrodynamics","floor":0.0},{"not_picked":["Steam","Scrape"],"picked":"Streamline","floor":1.0},{"not_picked":["Scrape","Steam Power"],"picked":"Hologram","floor":2.0},{"not_picked":["Double Energy","Sunder","Gash"],"picked":"SKIP","floor":5.0},{"not_picked":["Coolheaded","Sweeping Beam"],"picked":"Core Surge","floor":8.0},{"not_picked":["Sweeping Beam","Static Discharge","Multi-Cast"],"picked":"SKIP","floor":11.0},{"not_picked":["Sweeping Beam","Static Discharge","Multi-Cast"],"picked":"SKIP","floor":11.0},{"not_picked":["Conserve Battery","Go for the Eyes","Storm"],"picked":"SKIP","floor":13.0},{"not_picked":["Rainbow","Thunder Strike"],"picked":"Fission","floor":16},{"not_picked":["Storm","Lockon+1","Steam"],"picked":"SKIP","floor":18},{"not_picked":["Force Field+1","Hologram"],"picked":"Ball Lightning+1","floor":20},{"not_picked":["Capacitor","Sweeping Beam","Storm+1"],"picked":"SKIP","floor":21},{"not_picked":["Compile Driver","Ball Lightning"],"picked":"Core Surge","floor":23},{"not_picked":["Stack","Steam Power"],"picked":"Defragment+1","floor":25},{"not_picked":["Rebound","Ball Lightning+1","Tempest"],"picked":"SKIP","floor":27},{"not_picked":["Force Field+1","Reprogram"],"picked":"Cold Snap","floor":28},{"not_picked":["Blizzard","Sweeping Beam"],"picked":"Buffer","floor":29},{"not_picked":["All For One","Hyperbeam"],"picked":"Reboot","floor":33},{"not_picked":["Reprogram+1","Barrage+1","Capacitor+1"],"picked":"SKIP","floor":35},{"not_picked":["Rebound","Blizzard"],"picked":"Chill+1","floor":37},{"not_picked":["Beam Cell","Stack+1"],"picked":"White Noise","floor":38},{"not_picked":["Double Energy","Force Field","Beam Cell"],"picked":"SKIP","floor":40},{"not_picked":["Ball Lightning","Genetic Algorithm+1"],"picked":"Chill","floor":42},{"not_picked":["Go for the Eyes+1","Force Field"],"picked":"Coolheaded+1","floor":46},{"not_picked":["Recycle","Hello World+1"],"picked":"Skim+1","floor":48},{"not_picked":["Darkness","Hologram+1","FTL+1"],"picked":"SKIP","floor":54}],"player_experience":213004,"relics_obtained":[{"floor":8.0,"key":"Cables"},{"floor":9.0,"key":"Bag of Marbles"},{"floor":11.0,"key":"Mummified Hand"},{"floor":23,"key":"MawBank"},{"floor":25,"key":"Nunchaku"},{"floor":26,"key":"Meat on the Bone"},{"floor":29,"key":"Boot"},{"floor":31,"key":"Red Mask"},{"floor":40,"key":"Orichalcum"},{"floor":42,"key":"Eternal Feather"},{"floor":45,"key":"Bottled Lightning"},{"floor":46,"key":"Mango"},{"floor":48,"key":"Regal Pillow"},{"floor":54,"key":"Akabeko"}],"event_choices":[{"damage_healed":0.0,"max_hp_gain":0.0,"max_hp_loss":0.0,"gold_gain":0.0,"event_name":"Shining Light","player_choice":"Entered Light","floor":3.0,"gold_loss":0.0,"damage_taken":15.0,"cards_upgraded":["Streamline","Defend_B"]},{"damage_healed":0.0,"max_hp_gain":0.0,"max_hp_loss":0.0,"gold_gain":75.0,"event_name":"World of Goop","player_choice":"Gather Gold","floor":4.0,"gold_loss":0.0,"damage_taken":11.0},{"damage_healed":25.0,"max_hp_gain":0.0,"max_hp_loss":0.0,"gold_gain":0.0,"event_name":"Big Fish","player_choice":"Banana","floor":10.0,"gold_loss":0.0,"damage_taken":0.0},{"damage_healed":0,"gold_gain":0,"cards_transformed":["Core Surge"],"player_choice":"Change","damage_taken":0,"max_hp_gain":0,"max_hp_loss":0,"event_name":"Living Wall","floor":14,"gold_loss":0,"cards_obtained":["Echo Form"]},{"damage_healed":0,"gold_gain":0,"player_choice":"Opened","damage_taken":0,"relics_obtained":["Gambling Chip"],"max_hp_gain":0,"max_hp_loss":0,"event_name":"The Mausoleum","floor":19,"gold_loss":0},{"damage_healed":0,"gold_gain":0,"player_choice":"Upgraded","damage_taken":0,"max_hp_gain":0,"max_hp_loss":0,"event_name":"Upgrade Shrine","floor":22,"gold_loss":0,"cards_upgraded":["Fission"]},{"damage_healed":0,"gold_gain":0,"player_choice":"Fought Bandits","damage_taken":0,"max_hp_gain":0,"max_hp_loss":0,"event_name":"Masked Bandits","floor":31,"gold_loss":0},{"damage_healed":0,"gold_gain":0,"player_choice":"Max HP","damage_taken":0,"max_hp_gain":0,"max_hp_loss":4,"event_name":"Winding Halls","floor":39,"gold_loss":0},{"cards_removed":["Chill"],"damage_healed":0,"gold_gain":0,"player_choice":"Removed Skill","damage_taken":0,"max_hp_gain":0,"max_hp_loss":0,"event_name":"Falling","floor":41,"gold_loss":0}],"is_beta":false,"boss_relics":[{"not_picked":["Inserter","SlaversCollar"],"picked":"Coffee Dripper"},{"not_picked":["Sozu","SacredBark"],"picked":"Fusion Hammer"}],"items_purged_floors":[30,47,53],"is_endless":false,"potions_floor_spawned":[1,2,5,13,20,25,27,28,33,40,42,46,48],"killed_by":"The Heart","ascension_level":1}}