{"host":"jewdtr7eremy7cl3","time":1608343846,"event":{"mods":["ATMod(阿瑾Mod)","Act Like it!","BaseMod","Dota2Spire","Gensokyo","Minty Spire (QoL Compilation)","Remilia（蕾米莉亚）","Spicy Shops","StSLib","The Animator","The Cursed","The Dragon Tamer","TheWitcher","WarShipGirlsR/战舰少女R mod","Youmu（魂魄妖梦）","【东方二次创作】八云紫mod"],"gold_per_floor":[131,131,142,142,483,483,508,520,520,386,31,47,47,73,73,169,169,182,182,213,237,11,72,72,87,110,187,199,237,249,211,223,235,235],"floor_reached":33,"playtime":2754,"items_purged":[],"score":310,"play_id":"d826fbe8-5cc8-4bad-8824-3d102b6f82ce","local_time":"20201219101046","is_ascension_mode":false,"campfire_choices":[{"data":"ContainerChange_purple","floor":13,"key":"SMITH"},{"data":"CommonSense_AntiCommonSense_purple","floor":15,"key":"SMITH"},{"floor":24,"key":"REST"},{"floor":30,"key":"REST"},{"floor":32,"key":"REST"}],"circlet_count":0,"master_deck":["AT_purpleEX","AT_purpleEX","AT_purpleEX","AT_purpleEX","Defend_purpleEX","Defend_purpleEX","Defend_purpleEX","Observe_purple_1","Observe_purple_2","ExistenceContinue_purple","FragmentationRealm_purple","ContainerChange_purple+1","Pain","CommonSense_AntiCommonSense_purple+1","WatchEChange_purple","Boundary_DreamRealityDamnation_purple","SfantasyHide_purple+1","Mirror_Drifter_purple","Boundary_LightAndDark_purple+1","Monsters_DoubleDeathButterfly_purple","CurseOfTheBell","Shallow_ocean_purpleEX","WeekHit_purple+1","Realm_recovery_purpleEX+1","OmniscientAndOmnipotent_Monster_purple","Know_ledgeAbilityRealm_purple","Gensokyo:FourOfAKind+1","Gensokyo:FourOfAKind+1","Gensokyo:FourOfAKind+1","Gensokyo:FourOfAKind+1","EighthInstrument_OneDividesIntoTwo_purple"],"relics":["Boundary_crack","Memoryfragments_purpleEX","AT_ATBox","Gensokyo:OccultBall","Gensokyo:NagashiBinaDoll","Gensokyo:LunaticRedEyes","Incense Burner","Unceasing Top","Toxic Egg 2","Calling Bell","Dota2Spire:EyeOfSkadi","Kunai","Bag of Marbles","Gensokyo:ConquerorOfFear","Antimatter_spacedebris","Membership Card","Dota2Spire:HandOfMidas","ScarletDevilRocket","MawBank","Dota2Spire:DivineRapier"],"acts_visited":["Gensokyo:Gensokyo","Gensokyo:Gensokyoer"],"potions_floor_usage":[14,18,23,23,33],"damage_taken":[{"damage":4,"enemies":"Gensokyo:3_Fairies","floor":1,"turns":5},{"damage":2,"enemies":"Gensokyo:Gryphon","floor":3,"turns":4},{"damage":44,"enemies":"Gensokyo:Python","floor":5,"turns":3},{"damage":23,"enemies":"Gensokyo:Aya","floor":7,"turns":4},{"damage":1,"enemies":"Gensokyo:Gryphon_and_Rabbit","floor":8,"turns":4},{"damage":4,"enemies":"Gensokyo:Kitsune","floor":12,"turns":1},{"damage":5,"enemies":"Gensokyo:Python_and_Kodama","floor":14,"turns":3},{"damage":21,"enemies":"Gensokyo:Yukari","floor":16,"turns":10},{"damage":21,"enemies":"Gensokyo:CosmicMonolith","floor":18,"turns":6},{"damage":9,"enemies":"Gensokyo:Chomper","floor":20,"turns":4},{"damage":54,"enemies":"Gensokyo:Koishi","floor":23,"turns":8},{"damage":8,"enemies":"Gensokyo:Mirror_and_Dog","floor":25,"turns":4},{"damage":11,"enemies":"Gensokyo:Tenshi","floor":27,"turns":3},{"damage":1,"enemies":"Gensokyo:3_Gloops","floor":29,"turns":2},{"damage":69,"enemies":"Gensokyo:Eternal_Rivals","floor":33,"turns":2}],"seed_played":"3522445443343804930","potions_obtained":[{"floor":7,"key":"SkillPotion"},{"floor":12,"key":"Explosive Potion"},{"floor":14,"key":"FearPotion"},{"floor":16,"key":"Swift Potion"},{"floor":23,"key":"SpeedPotion"},{"floor":25,"key":"PowerPotion"},{"floor":27,"key":"GamblersBrew"}],"is_trial":false,"path_per_floor":["M","?","M","?","M","?","E","M","T","?","$","M","R","M","R","B",null,"M","?","M","T","$","E","R","M","T","E","?","M","R","?","R","B"],"character_chosen":"Youkari","items_purchased":["Toxic Egg 2","Boundary_DreamRealityDamnation_purple","SfantasyHide_purple+1","Membership Card","Dota2Spire:HandOfMidas"],"campfire_rested":3,"item_purchase_floors":[11,11,11,22,22],"current_hp_per_floor":[67,67,67,67,24,24,2,3,3,70,70,66,66,63,63,47,75,64,64,60,60,60,16,38,31,31,22,22,21,36,43,60,0,0],"gold":235,"neow_bonus":"TRANSFORM_CARD","is_daily":false,"chose_seed":false,"campfire_upgraded":2,"win_rate":0.0,"timestamp":1608343846,"path_taken":["M","?","?","?","M","?","E","M","T","?","$","?","R","M","R","BOSS","M","?","?","?","$","E","R","M","T","E","?","M","R","?","R","BOSS"],"items_purchased_type":["Relic","Card","Card","Relic","Relic"],"build_version":"2020-12-13","purchased_purges":0,"victory":false,"max_hp_per_floor":[70,70,70,70,70,70,70,70,70,70,70,70,70,70,70,70,75,75,75,75,75,75,75,75,75,75,75,53,53,53,60,60,60,60],"card_choices":[{"not_picked":["Line_surface_state_purple","RuleDissolution_purple"],"picked":"ExistenceContinue_purple","floor":1},{"not_picked":["RuleDissolution_purple","Anti_communist_purple"],"picked":"FragmentationRealm_purple","floor":3},{"not_picked":["StateDuplicate_purple","MeetDecomposer_purple"],"picked":"ContainerChange_purple","floor":5},{"not_picked":["OmniscientAndOmnipotent_Monster_purple","FragmentationRealm_purple"],"picked":"CommonSense_AntiCommonSense_purple","floor":7},{"not_picked":["Boundary_ObjectiveBoundary_purple","Extrememeaning_purpleEX"],"picked":"WatchEChange_purple","floor":8},{"not_picked":["AdvanceAttack_purple","Worldmountain_purple"],"picked":"Mirror_Drifter_purple","floor":12},{"not_picked":["SfantasyHide_purple+1","MeetDecomposer_purple+1"],"picked":"Boundary_LightAndDark_purple+1","floor":14},{"not_picked":["ProofOfUnderstanding_purple","GluttonyofRealm_purpleEX"],"picked":"Monsters_DoubleDeathButterfly_purple","floor":16},{"not_picked":["Umbrella_purple","Worldmountain_purple"],"picked":"Shallow_ocean_purpleEX","floor":18},{"not_picked":["AdvanceAttack_purple","DarkRealmRedLine_purple"],"picked":"WeekHit_purple+1","floor":20},{"not_picked":["MeetDecomposer_purple+1","PositiveMatter_Antimatter_Universe_purple+1"],"picked":"Realm_recovery_purpleEX+1","floor":23},{"not_picked":["Boundary_ObjectiveBoundary_purple+1","Umbrella_purple"],"picked":"OmniscientAndOmnipotent_Monster_purple","floor":25},{"not_picked":["Realm_recovery_purpleEX+1","Charmbait_purple"],"picked":"Know_ledgeAbilityRealm_purple","floor":27},{"not_picked":["Charmbait_purple+1","WingOfChimera_purple+1"],"picked":"EighthInstrument_OneDividesIntoTwo_purple","floor":29}],"player_experience":135010,"relics_obtained":[{"floor":7,"key":"Gensokyo:OccultBall"},{"floor":7,"key":"Incense Burner"},{"floor":9,"key":"Unceasing Top"},{"floor":14,"key":"Gensokyo:OccultBall"},{"floor":16,"key":"Gensokyo:OccultBall"},{"floor":17,"key":"Dota2Spire:EyeOfSkadi"},{"floor":17,"key":"Kunai"},{"floor":17,"key":"Bag of Marbles"},{"floor":20,"key":"Gensokyo:ConquerorOfFear"},{"floor":21,"key":"Antimatter_spacedebris"},{"floor":23,"key":"ScarletDevilRocket"},{"floor":25,"key":"Gensokyo:OccultBall"},{"floor":26,"key":"MawBank"},{"floor":27,"key":"Dota2Spire:DivineRapier"}],"event_choices":[],"is_beta":false,"boss_relics":[{"not_picked":["Snecko Eye","Astrolabe"],"picked":"Calling Bell"}],"items_purged_floors":[],"is_endless":false,"potions_floor_spawned":[7,12,14,16,23,25,27],"killed_by":"Gensokyo:Eternal_Rivals","ascension_level":0}}