{"host":"xrdu44lqyrrw1kvr","time":1608417225,"event":{"mods":["Aspiration","BaseMod","Colored Powertips","Minty Spire (QoL Compilation)","Relic Stats","Replay The Spire","StSLib","The Hayseed"],"gold_per_floor":[117,131,151,166,181,216,216,216,216,216,244,254,287,302,302,400,400,412,412,412,412,432,464,476,510,510,525,525,560,560,585,585,687,687,700,713,453,453,468,468,502,502,529,554,579,618,618,658,658,658,658,658,40,74,74],"floor_reached":56,"playtime":6120,"items_purged":["TheSimpletonMod:Defend_TheSimpleton","TheSimpletonMod:Defend_TheSimpleton"],"score":1941,"play_id":"7ceed2bc-a542-4e48-8667-c47220cd8d32","local_time":"20201220013345","is_ascension_mode":true,"campfire_choices":[{"floor":7,"key":"REST"},{"floor":10,"key":"REST"},{"data":"TheSimpletonMod:Mulch","floor":15,"key":"SMITH"},{"floor":30,"key":"RECALL"},{"data":"TheSimpletonMod:Strike_TheSimpleton","floor":32,"key":"PURGE"},{"data":"TheSimpletonMod:TakeHeart","floor":40,"key":"SMITH"},{"data":"TheSimpletonMod:Rototilling","floor":42,"key":"SMITH"},{"data":"Terror","floor":47,"key":"SMITH"},{"data":"TheSimpletonMod:Ferment","floor":49,"key":"SMITH"},{"data":"TheSimpletonMod:GoToMarket","floor":52,"key":"SMITH"}],"circlet_count":0,"master_deck":["TheSimpletonMod:Defend_TheSimpleton","TheSimpletonMod:Haymaker","TheSimpletonMod:ReapAndSow","TheSimpletonMod:Squash","TheSimpletonMod:Squash","TheSimpletonMod:Mulch+1","TheSimpletonMod:KeenEdge","TheSimpletonMod:CloseScrape","TheSimpletonMod:Pruning","TheSimpletonMod:Rototilling+1","TheSimpletonMod:TakeHeart+1","TheSimpletonMod:SoilSample","TheSimpletonMod:Rake","TheSimpletonMod:ToughenUp+1","TheSimpletonMod:OnionBloom","TheSimpletonMod:Pruning","TheSimpletonMod:Ferment+1","TheSimpletonMod:Rototilling+1","Hologram+1","Terror+1","TheSimpletonMod:Strawberries","TheSimpletonMod:Squash+1","Armaments+1","TheSimpletonMod:GoToMarket+1","Madness","Madness","TheSimpletonMod:Squash","ReplayTheSpireMod:Tripwire+1","Pray+1","Power Through+1","ReplayTheSpireMod:Private Reserves+1","ReplayTheSpireMod:Private Reserves+1","ReplayUltimateDefense","Metallicize+1"],"relics":["TheSimpletonMod:NightSoil","TheSimpletonMod:TheHarvester","ChewingGum","Garlic","Centennial Puzzle","Matryoshka","Replay:Rubber Ducky","Honey Jar","Nilry\u0027s Codex","Replay:Bottled Flurry","Replay:WaspNest","Lantern","PrismaticShard","ReplayTheSpireMod:Ninjato","aspiration:FetidBarrel","Empty Cage","Potion Belt","CaptainsWheel","CeramicFish","ReplayFunnel","Iron Hammer","TheSimpletonMod:PlanterBox","Boot","Cauldron","aspiration:ChemicalBlood"],"acts_visited":["Exordium","TheCity","TheBeyond","TheEnding"],"potions_floor_usage":[6,8,13,16,18,25,31,33,39,50,55,55,55,55,55,55,55,55,55,55,55,55,55,55],"damage_taken":[{"damage":0,"enemies":"Small Slimes","floor":1,"turns":3},{"damage":8,"enemies":"Jaw Worm","floor":2,"turns":4},{"damage":0,"enemies":"2 Louse","floor":3,"turns":2},{"damage":19,"enemies":"Large Slime","floor":4,"turns":9},{"damage":12,"enemies":"Exordium Wildlife","floor":5,"turns":6},{"damage":42,"enemies":"Gremlin Nob","floor":6,"turns":6},{"damage":0,"enemies":"3 Sentries","floor":8,"turns":2},{"damage":1,"enemies":"Replay:BlueRogue","floor":11,"turns":6},{"damage":5,"enemies":"Blue Slaver","floor":12,"turns":5},{"damage":3,"enemies":"Lagavulin","floor":13,"turns":6},{"damage":6,"enemies":"Looter","floor":14,"turns":3},{"damage":31,"enemies":"Slime Boss","floor":16,"turns":14},{"damage":0,"enemies":"3 Byrds","floor":18,"turns":5},{"damage":14,"enemies":"2 Thieves","floor":22,"turns":4},{"damage":12,"enemies":"Book of Stabbing","floor":23,"turns":7},{"damage":0,"enemies":"Snake Plant","floor":24,"turns":5},{"damage":21,"enemies":"Gremlin Leader","floor":25,"turns":9},{"damage":0,"enemies":"Chosen and Byrds","floor":27,"turns":7},{"damage":0,"enemies":"Book of Stabbing","floor":29,"turns":6},{"damage":8,"enemies":"Slavers","floor":31,"turns":6},{"damage":4,"enemies":"Champ","floor":33,"turns":13},{"damage":0,"enemies":"3 Darklings","floor":35,"turns":6},{"damage":0,"enemies":"Orb Walker","floor":36,"turns":3},{"damage":29,"enemies":"Transient","floor":39,"turns":5},{"damage":1,"enemies":"R_Hoarder","floor":41,"turns":7},{"damage":1,"enemies":"Jaw Worm Horde","floor":44,"turns":3},{"damage":3,"enemies":"Sphere and 2 Shapes","floor":45,"turns":5},{"damage":0,"enemies":"Giant Head","floor":46,"turns":4},{"damage":0,"enemies":"Reptomancer","floor":48,"turns":6},{"damage":18,"enemies":"Awakened One","floor":50,"turns":13},{"damage":0,"enemies":"Shield and Spear","floor":54,"turns":5},{"damage":0,"enemies":"The Heart","floor":55,"turns":8}],"seed_played":"3430458801925803022","potions_obtained":[{"floor":1,"key":"SmokeBomb"},{"floor":5,"key":"Languid Potion"},{"floor":11,"key":"FearPotion"},{"floor":14,"key":"Languid Potion"},{"floor":16,"key":"BlessingOfTheForge"},{"floor":22,"key":"Weak Potion"},{"floor":23,"key":"Dexterity Potion"},{"floor":27,"key":"Swift Potion"},{"floor":29,"key":"Energy Potion"},{"floor":31,"key":"EntropicBrew"},{"floor":36,"key":"Block Potion"},{"floor":39,"key":"SpeedPotion"},{"floor":41,"key":"LifebloodPotion"},{"floor":48,"key":"Block Potion"},{"floor":53,"key":"Energy Potion"},{"floor":53,"key":"LiquidBronze"},{"floor":53,"key":"AttackPotion"},{"floor":54,"key":"EssenceOfSteel"}],"is_trial":false,"path_per_floor":["M","M","M","M","M","E","R","E","T","R","E","M","E","M","R","B",null,"M","?","?","?","M","E","M","E","T","M","?","E","R","E","R","B",null,"M","M","$","?","M","R","E","R","T","M","M","E","R","E","R","B",null,"R","$","E","B",null],"character_chosen":"THE_SIMPLETON","items_purchased":["TheSimpletonMod:GoToMarket","Potion Belt","Boot","PowerPotion","ReplayUltimateDefense","Cauldron"],"campfire_rested":2,"item_purchase_floors":[37,37,53,53,53,53],"current_hp_per_floor":[72,68,72,57,49,11,33,37,37,59,62,61,62,56,56,29,64,73,73,73,57,52,55,64,52,52,61,53,62,62,63,63,71,74,75,75,75,66,52,52,70,70,70,75,75,75,75,75,75,59,71,71,71,75,75],"gold":74,"neow_bonus":"BOSS_RELIC","is_daily":false,"chose_seed":false,"campfire_upgraded":6,"win_rate":0.0,"timestamp":1608417225,"path_taken":["M","M","M","M","M","E","R","E","T","R","E","M","E","M","R","BOSS","M","?","?","?","M","E","M","E","T","M","?","E","R","E","R","BOSS","M","M","$","?","M","R","E","R","T","M","M","E","R","E","R","BOSS","R","$","E","BOSS"],"items_purchased_type":["Card","Relic","Relic","Potion","Card","Relic"],"build_version":"2020-12-13","purchased_purges":2,"victory":true,"max_hp_per_floor":[75,75,75,75,75,75,75,75,75,75,75,75,75,75,75,75,75,75,75,75,75,75,75,75,75,75,75,75,75,75,75,75,75,75,75,75,75,75,75,75,75,75,75,75,75,75,75,75,75,75,75,75,75,75,75],"relic_stats":{"Centennial Puzzle":[45],"counters":[32,191],"CeramicFish":54,"Boot":[2],"obtain_stats":[{"ReplayFunnel":43,"Lantern":26,"TheSimpletonMod:PlanterBox":48,"Nilry\u0027s Codex":21,"CeramicFish":43,"TheSimpletonMod:HeatStroke":19,"PrismaticShard":28,"Empty Cage":34,"Boot":53,"Replay:Rubber Ducky":13,"TheSimpletonMod:TheHarvester":0,"Centennial Puzzle":9,"Matryoshka":11,"Honey Jar":17,"Iron Hammer":46,"TheSimpletonMod:SpudOfTheInnocent":0,"Replay:Bottled Flurry":23,"TheSimpletonMod:NightSoil":0,"aspiration:ChemicalBlood":54,"Potion Belt":37,"ReplayTheSpireMod:Ninjato":29,"aspiration:FetidBarrel":31,"Replay:WaspNest":25,"Cauldron":53,"CaptainsWheel":41,"ChewingGum":0,"Garlic":6},{"ReplayFunnel":25,"Lantern":17,"TheSimpletonMod:PlanterBox":29,"Nilry\u0027s Codex":13,"CeramicFish":25,"TheSimpletonMod:HeatStroke":13,"PrismaticShard":18,"Empty Cage":21,"Boot":30,"Replay:Rubber Ducky":10,"TheSimpletonMod:TheHarvester":0,"Centennial Puzzle":7,"Matryoshka":8,"Honey Jar":12,"Iron Hammer":28,"TheSimpletonMod:SpudOfTheInnocent":0,"Replay:Bottled Flurry":15,"TheSimpletonMod:NightSoil":0,"aspiration:ChemicalBlood":31,"Potion Belt":23,"ReplayTheSpireMod:Ninjato":19,"aspiration:FetidBarrel":20,"Replay:WaspNest":17,"Cauldron":30,"CaptainsWheel":25,"ChewingGum":0,"Garlic":6},{"ReplayFunnel":147,"Lantern":95,"TheSimpletonMod:PlanterBox":165,"Nilry\u0027s Codex":71,"CeramicFish":147,"TheSimpletonMod:HeatStroke":71,"PrismaticShard":102,"Empty Cage":126,"Boot":178,"Replay:Rubber Ducky":49,"TheSimpletonMod:TheHarvester":0,"Centennial Puzzle":32,"Matryoshka":38,"Honey Jar":66,"Iron Hammer":159,"TheSimpletonMod:SpudOfTheInnocent":0,"Replay:Bottled Flurry":82,"TheSimpletonMod:NightSoil":0,"aspiration:ChemicalBlood":183,"Potion Belt":135,"ReplayTheSpireMod:Ninjato":108,"aspiration:FetidBarrel":114,"Replay:WaspNest":95,"Cauldron":178,"CaptainsWheel":147,"ChewingGum":0,"Garlic":30}]},"card_choices":[{"not_picked":["TheSimpletonMod:Pruning","TheSimpletonMod:StockTheCellar","TheSimpletonMod:Thresh"],"picked":"SKIP","floor":1},{"not_picked":["TheSimpletonMod:KeenEdge","TheSimpletonMod:CropRotation"],"picked":"TheSimpletonMod:Squash","floor":2},{"not_picked":["TheSimpletonMod:SaladShooter","TheSimpletonMod:SpiceUp"],"picked":"TheSimpletonMod:Squash","floor":3},{"not_picked":["TheSimpletonMod:ControlledBurn","TheSimpletonMod:Sunchoke"],"picked":"TheSimpletonMod:Mulch","floor":4},{"not_picked":["TheSimpletonMod:StockTheCellar","TheSimpletonMod:PestManagement"],"picked":"TheSimpletonMod:KeenEdge","floor":5},{"not_picked":["TheSimpletonMod:Germinate","TheSimpletonMod:PestManagement"],"picked":"TheSimpletonMod:CloseScrape","floor":6},{"not_picked":["TheSimpletonMod:DigIn","TheSimpletonMod:PestManagement","TheSimpletonMod:ToughenUp"],"picked":"SKIP","floor":11},{"not_picked":["TheSimpletonMod:Fertilaser","TheSimpletonMod:Turnips"],"picked":"TheSimpletonMod:Pruning","floor":12},{"not_picked":["TheSimpletonMod:BuzzBomb","TheSimpletonMod:Thresh","TheSimpletonMod:GoToMarket"],"picked":"SKIP","floor":13},{"not_picked":["TheSimpletonMod:CloseScrape","TheSimpletonMod:CropRotation"],"picked":"TheSimpletonMod:Rototilling","floor":14},{"not_picked":["TheSimpletonMod:Photosynthesis","TheSimpletonMod:FanTheFlames"],"picked":"TheSimpletonMod:TakeHeart","floor":16},{"not_picked":["TheSimpletonMod:Rototilling","TheSimpletonMod:SaladShooter+1","TheSimpletonMod:Polyculture"],"picked":"TheSimpletonMod:SoilSample","floor":18},{"not_picked":["TheSimpletonMod:DigIn+1","TheSimpletonMod:SeedCoat","TheSimpletonMod:BumperCrop+1"],"picked":"TheSimpletonMod:Rake","floor":22},{"not_picked":["TheSimpletonMod:Sunchoke","TheSimpletonMod:Swelter","TheSimpletonMod:Barnstorm"],"picked":"TheSimpletonMod:ToughenUp+1","floor":23},{"not_picked":["TheSimpletonMod:PestManagement+1","TheSimpletonMod:SlashAndBurn+1","TheSimpletonMod:CloseScrape"],"picked":"TheSimpletonMod:OnionBloom","floor":24},{"not_picked":["TheSimpletonMod:Fertilaser","TheSimpletonMod:Polyculture","TheSimpletonMod:CullingStrike+1"],"picked":"TheSimpletonMod:Pruning","floor":25},{"not_picked":["TheSimpletonMod:SoilSample+1","TheSimpletonMod:Swelter","TheSimpletonMod:Pruning"],"picked":"TheSimpletonMod:Ferment","floor":27},{"not_picked":["TheSimpletonMod:PestManagement","TheSimpletonMod:SeedCoat","TheSimpletonMod:DigIn"],"picked":"TheSimpletonMod:Rototilling+1","floor":28},{"not_picked":["Searing Blow","Reinforced Body+1","Doom and Gloom"],"picked":"Hologram+1","floor":29},{"not_picked":["Go for the Eyes","Reckless Charge+1","True Grit"],"picked":"Terror","floor":31},{"not_picked":["Die Die Die","Replay:Many Hands","Crow Ritual"],"picked":"TheSimpletonMod:Strawberries","floor":33},{"not_picked":["ClearTheMind+1","Adaptation","PathToVictory"],"picked":"TheSimpletonMod:Squash+1","floor":35},{"not_picked":["Coolheaded","Replay:BluntJabs","EmptyBody"],"picked":"Armaments+1","floor":36},{"not_picked":["Draining Mist+1","Entrench","BasicCrystalCard+1"],"picked":"TheSimpletonMod:Squash","floor":39},{"not_picked":["HandOfGreed","Ghostly Armor","Eviscerate+1"],"picked":"ReplayTheSpireMod:Tripwire+1","floor":41},{"not_picked":["Loop+1","Go for the Eyes","Coolheaded+1"],"picked":"Pray+1","floor":44},{"not_picked":["Melter","Underhanded Strike","CrushJoints+1"],"picked":"Power Through+1","floor":45},{"not_picked":["BowlingBash","TheSimpletonMod:PestManagement+1","ClearTheMind+1"],"picked":"ReplayTheSpireMod:Private Reserves+1","floor":46},{"not_picked":["Eviscerate+1","Seeing Red+1","Hologram"],"picked":"ReplayTheSpireMod:Private Reserves+1","floor":48},{"not_picked":["Skim+1","Dark Embrace","Prepared+1"],"picked":"Metallicize+1","floor":54}],"player_experience":2008573,"relics_obtained":[{"floor":6,"key":"Garlic"},{"floor":9,"key":"Centennial Puzzle"},{"floor":11,"key":"Matryoshka"},{"floor":13,"key":"Replay:Rubber Ducky"},{"floor":21,"key":"Nilry\u0027s Codex"},{"floor":23,"key":"Replay:Bottled Flurry"},{"floor":25,"key":"Replay:WaspNest"},{"floor":26,"key":"Lantern"},{"floor":28,"key":"PrismaticShard"},{"floor":29,"key":"ReplayTheSpireMod:Ninjato"},{"floor":31,"key":"aspiration:FetidBarrel"},{"floor":41,"key":"CaptainsWheel"},{"floor":43,"key":"CeramicFish"},{"floor":43,"key":"ReplayFunnel"},{"floor":46,"key":"Iron Hammer"},{"floor":48,"key":"TheSimpletonMod:PlanterBox"},{"floor":54,"key":"aspiration:ChemicalBlood"}],"event_choices":[{"cards_removed":["TheSimpletonMod:Strike_TheSimpleton"],"damage_healed":0,"gold_gain":0,"player_choice":"Elegance","damage_taken":0,"max_hp_gain":0,"max_hp_loss":0,"event_name":"Back to Basics","floor":20,"gold_loss":0},{"damage_healed":0,"gold_gain":0,"player_choice":"Obtained Book","damage_taken":16,"max_hp_gain":0,"max_hp_loss":0,"event_name":"Cursed Tome","floor":21,"gold_loss":0},{"damage_healed":0,"gold_gain":0,"player_choice":"Embrace Madness","damage_taken":9,"max_hp_gain":0,"max_hp_loss":0,"event_name":"Winding Halls","floor":38,"gold_loss":0,"cards_obtained":["Madness","Madness"]}],"is_beta":false,"boss_relics":[{"not_picked":["Coffee Dripper","Runic Pyramid"],"picked":"Honey Jar"},{"not_picked":["aspiration:PoetsPen_weak","Philosopher\u0027s Stone"],"picked":"Empty Cage"}],"items_purged_floors":[37,53],"is_endless":false,"potions_floor_spawned":[1,5,11,14,16,22,23,27,29,31,36,39,41,48,54],"ascension_level":7}}