{"host":"7pe9xwx78c6nlay8","time":1608398512,"event":{"mods":["BaseMod","Minty Spire (QoL Compilation)"],"gold_per_floor":[113,132,147,165,240,274,274,274,274],"floor_reached":8,"playtime":178,"items_purged":[],"score":90,"play_id":"b77551a1-f508-4e30-805e-416673e4fe09","local_time":"20201220012152","is_ascension_mode":true,"campfire_choices":[],"circlet_count":0,"master_deck":["AscendersBane","Strike_P","Strike_P","Strike_P","Strike_P","Defend_P","Defend_P","Defend_P","Defend_P","Eruption","Vigilance","JustLucky","Weave","Prostrate","Perseverance"],"relics":["Sozu","Happy Flower","Tiny Chest"],"acts_visited":["Exordium"],"potions_floor_usage":[],"damage_taken":[{"damage":0,"enemies":"Cultist","floor":1,"turns":3},{"damage":0,"enemies":"2 Louse","floor":2,"turns":1},{"damage":0,"enemies":"Small Slimes","floor":3,"turns":3},{"damage":9,"enemies":"Blue Slaver","floor":4,"turns":4},{"damage":23,"enemies":"Lagavulin","floor":6,"turns":6},{"damage":0,"enemies":"Gremlin Nob","floor":8,"turns":1}],"seed_played":"-8551104884201191956","potions_obtained":[],"is_trial":false,"path_per_floor":["M","M","M","M","?","E","?","E"],"character_chosen":"WATCHER","items_purchased":[],"campfire_rested":0,"item_purchase_floors":[],"current_hp_per_floor":[65,65,65,56,45,22,10,10,10],"gold":274,"neow_bonus":"BOSS_RELIC","is_daily":false,"chose_seed":false,"campfire_upgraded":0,"win_rate":0.0,"timestamp":1608398512,"path_taken":["M","M","M","?","?","E","?","E"],"items_purchased_type":[],"build_version":"2020-12-13","purchased_purges":0,"victory":false,"max_hp_per_floor":[72,72,72,72,72,72,72,72,72],"card_choices":[{"not_picked":["Prostrate","Crescendo"],"picked":"JustLucky","floor":1},{"not_picked":["Perseverance","EmptyBody"],"picked":"Weave","floor":2},{"not_picked":["BowlingBash","SashWhip","EmptyMind"],"picked":"SKIP","floor":3},{"not_picked":["Crescendo","ReachHeaven"],"picked":"Prostrate","floor":4},{"not_picked":["EmptyFist","FlurryOfBlows"],"picked":"Perseverance","floor":6}],"player_experience":1541001,"relics_obtained":[{"floor":6,"key":"Happy Flower"}],"event_choices":[{"damage_healed":0,"gold_gain":75,"player_choice":"Gather Gold","damage_taken":11,"max_hp_gain":0,"max_hp_loss":0,"event_name":"World of Goop","floor":5,"gold_loss":0},{"damage_healed":0,"gold_gain":0,"player_choice":"Success","damage_taken":12,"relics_obtained":["Tiny Chest"],"max_hp_gain":0,"max_hp_loss":0,"event_name":"Scrap Ooze","floor":7,"gold_loss":0}],"is_beta":false,"boss_relics":[],"items_purged_floors":[],"is_endless":false,"potions_floor_spawned":[2,4,6],"killed_by":"Gremlin Nob","ascension_level":11}}