{"host":"p5aq29s28win9gfx","time":1608379589,"event":{"mods":["Ascension Reborn","BaseMod","BetterRewards","CapriCore","Custom Start","Duelist Mod","GifTheSpireLib","Infinite Spire","Minty Spire (QoL Compilation)","Replay The Spire","Shop Mod","Spicy Shops","StSLib","Stuff the Spire","The Animator","The Bug Knight","The Cursed","The Death Knight","The Immortal"],"gold_per_floor":[118,42,42,60,75,75,92,18,18,18,37,71,142,142,142,242,242,254,254,241,162,177,177,206,51,51,51,0,0,0,19,19,115,115,131,177,177,191,46,46,46,46,46,46,58,58,58],"floor_reached":46,"playtime":3722,"items_purged":["Voices"],"score":489,"play_id":"a3a5750e-a283-459d-aaf6-5dcfa1fa7fec","local_time":"20201219130629","is_ascension_mode":true,"campfire_choices":[{"data":"Eruption","floor":6,"key":"SMITH"},{"data":"FollowUp","floor":15,"key":"SMITH"},{"floor":23,"key":"REST"},{"floor":29,"key":"REST"},{"data":"DevaForm","floor":32,"key":"SMITH"},{"floor":40,"key":"RECALL"},{"floor":42,"key":"REST"},{"data":"Omniscience","floor":44,"key":"SMITH"}],"circlet_count":0,"master_deck":["Strike_P","Strike_P","Strike_P","Defend_P","Defend_P","Defend_P","Eruption+1","Vigilance","Worship+1","Replay:Anticipation","InnerPeace","FollowUp+1","LikeWater","ReachHeaven+1","WreathOfFlame","BowlingBash","DevaForm+1","FollowUp+1","Replay:Anticipation","Ragnarok","FollowUp+1","FollowUp","Doubt","Vault","Crescendo","Omniscience+1","Replay:Vibes","EmptyFist+1","theDuelist:VampireCurse","Fasting2+1"],"relics":["SlaversCollar","ReplayFunnel","Cursed Key","MerchantsRug","Regal Pillow","Philosopher\u0027s Stone","Ice Cream","Whetstone"],"acts_visited":["Exordium","TheCity","TheBeyond"],"potions_floor_usage":[7,41],"damage_taken":[{"damage":0,"enemies":"Cultist","floor":1,"turns":3},{"damage":1,"enemies":"Jaw Worm","floor":4,"turns":3},{"damage":0,"enemies":"Small Slimes","floor":5,"turns":3},{"damage":2,"enemies":"2 Fungi Beasts","floor":7,"turns":4},{"damage":10,"enemies":"Lots of Slimes","floor":11,"turns":4},{"damage":1,"enemies":"Lagavulin","floor":12,"turns":7},{"damage":21,"enemies":"Slime Boss","floor":16,"turns":5},{"damage":29,"enemies":"3 Byrds","floor":18,"turns":5},{"damage":6,"enemies":"2 Thieves","floor":20,"turns":4},{"damage":11,"enemies":"Snecko","floor":22,"turns":6},{"damage":13,"enemies":"theDuelist:KaibaA2","floor":24,"turns":5},{"damage":7,"enemies":"Centurion and Healer","floor":31,"turns":10},{"damage":37,"enemies":"Collector","floor":33,"turns":19},{"damage":8,"enemies":"3 Shapes","floor":35,"turns":5},{"damage":34,"enemies":"3 Darklings","floor":38,"turns":6},{"damage":3,"enemies":"Reptomancer","floor":41,"turns":2},{"damage":65,"enemies":"4 Shapes","floor":45,"turns":14},{"damage":48,"enemies":"Maw","floor":46,"turns":3}],"seed_played":"2541130980229982720","potions_obtained":[{"floor":3,"key":"AttackPotion"},{"floor":3,"key":"Milkshake"},{"floor":11,"key":"SpeedPotion"},{"floor":13,"key":"SmokeBomb"}],"is_trial":false,"path_per_floor":["M","$","?","M","M","R","M","$","T","?","M","E","?","?","R","B",null,"M","AVR","M","$","M","R","E","$","T","$","?","R","?","M","R","B",null,"M","T","?","M","$","R","E","R","T","R","M","M"],"character_chosen":"WATCHER","items_purchased":["ReplayFunnel","OrangePellets","Ragnarok","MerchantsRug","Ice Cream"],"campfire_rested":3,"item_purchase_floors":[2,8,21,25,39],"current_hp_per_floor":[72,72,72,71,71,71,69,69,69,69,59,62,62,62,62,41,76,47,47,41,41,30,52,39,39,39,39,39,76,76,69,69,32,76,68,68,68,34,34,34,31,68,68,68,3,0,0],"gold":58,"neow_bonus":"BOSS_RELIC","is_daily":false,"chose_seed":false,"campfire_upgraded":4,"win_rate":0.0,"timestamp":1608379589,"path_taken":["M","$","?","M","M","R","?","$","T","?","?","E","?","?","R","BOSS","M","AVR","M","$","M","R","E","?","T","?","?","R","?","M","R","BOSS","M","?","?","M","$","R","E","R","T","R","?","M"],"items_purchased_type":["Relic","Relic","Card","Relic","Relic"],"build_version":"2020-12-13","purchased_purges":1,"victory":false,"max_hp_per_floor":[72,72,72,72,72,72,72,72,72,72,72,76,76,76,76,76,76,76,76,76,76,76,76,76,76,76,76,76,76,76,76,76,76,76,76,76,76,76,76,76,76,76,76,76,76,76,76],"card_choices":[{"not_picked":["Evaluate","Adaptation"],"picked":"Worship","floor":1},{"not_picked":["EmptyMind","MentalFortress"],"picked":"Replay:Anticipation","floor":4},{"not_picked":["SignatureMove","Prostrate"],"picked":"InnerPeace","floor":5},{"not_picked":["FlurryOfBlows","PathToVictory"],"picked":"FollowUp","floor":7},{"not_picked":["JustLucky","CrushJoints"],"picked":"LikeWater","floor":11},{"not_picked":["Prostrate","EmptyFist"],"picked":"ReachHeaven","floor":12},{"not_picked":["FlurryOfBlows","JustLucky"],"picked":"WreathOfFlame","floor":13},{"not_picked":["Blasphemy","ConjureBlade"],"picked":"DevaForm","floor":16},{"not_picked":["ThirdEye","FlurryOfBlows"],"picked":"FollowUp+1","floor":18},{"not_picked":["JustLucky","Indignation"],"picked":"Replay:Anticipation","floor":20},{"not_picked":["JustLucky","EmptyBody"],"picked":"FollowUp","floor":22},{"not_picked":["Halt","EmptyBody"],"picked":"FollowUp","floor":24},{"not_picked":["WaveOfTheHand","EmptyBody"],"picked":"Crescendo","floor":31},{"not_picked":["Replay:AllIn","ConjureBlade"],"picked":"Omniscience","floor":33},{"not_picked":["EmptyMind","WindmillStrike+1"],"picked":"Replay:Vibes","floor":35},{"not_picked":["Perseverance","ThirdEye+1"],"picked":"EmptyFist+1","floor":38},{"not_picked":["ThirdEye+1","Indignation+1"],"picked":"Fasting2+1","floor":45}],"player_experience":177952,"relics_obtained":[{"floor":12,"key":"StuffTheSpire:Rhapsscallions"},{"floor":24,"key":"infinitespire:Beetle Shell"},{"floor":26,"key":"Regal Pillow"},{"floor":36,"key":"Orichalcum"},{"floor":43,"key":"Whetstone"}],"event_choices":[{"damage_healed":0,"gold_gain":0,"player_choice":"Got Potions","damage_taken":0,"max_hp_gain":0,"max_hp_loss":0,"event_name":"Lab","floor":3,"gold_loss":0},{"damage_healed":0,"gold_gain":0,"player_choice":"Forge","damage_taken":0,"max_hp_gain":0,"max_hp_loss":0,"event_name":"Accursed Blacksmith","floor":10,"gold_loss":0,"cards_upgraded":["Worship"]},{"damage_healed":0,"gold_gain":0,"cards_transformed":["Defend_P"],"player_choice":"Transformed","damage_taken":0,"max_hp_gain":0,"max_hp_loss":0,"event_name":"Transmorgrifier","floor":14,"gold_loss":0,"cards_obtained":["BowlingBash"]},{"damage_healed":0,"gold_gain":0,"player_choice":"Paid Fearfully","damage_taken":0,"max_hp_gain":0,"max_hp_loss":0,"event_name":"Masked Bandits","floor":28,"gold_loss":51},{"damage_healed":0,"gold_gain":0,"player_choice":"1 cards matched","damage_taken":0,"max_hp_gain":0,"max_hp_loss":0,"event_name":"Match and Keep!","floor":30,"gold_loss":0,"cards_obtained":["Vault"]},{"cards_removed":["ReplayTheSpireMod:Chaos Vortex"],"damage_healed":0,"gold_gain":0,"player_choice":"Gave Card","damage_taken":0,"relics_obtained":["Replay:Mystery Machine"],"max_hp_gain":0,"max_hp_loss":0,"event_name":"WeMeetAgain","floor":37,"gold_loss":0}],"is_beta":false,"boss_relics":[{"not_picked":["Replay:Wanted Poster","StuffTheSpire:RunicConfusion"],"picked":"Cursed Key"},{"not_picked":["Ring of Chaos","Fusion Hammer"],"picked":"Philosopher\u0027s Stone"}],"items_purged_floors":[39],"is_endless":false,"potions_floor_spawned":[5,11,16,18,22,35,41],"killed_by":"Maw","ascension_level":0}}