{"host":"l3hv6ps9z6xmpxdg","time":1608386852,"event":{"mods":["AchievementEnabler","Act Like it!","BaseMod","Beaked The Cultist","Better Altar","Better Third Choice","BetterRewards","Card Forge","Colored Map","Conspire","Downfall","Hallownest","Hermit","Hubris","Infinite Spire","Lobotomy","Minty Spire (QoL Compilation)","Rare Cards Sparkle","Replay The Spire","Spicy Shops","Spikes Relics","StSLib","The Bug Knight","The Hierophant"],"gold_per_floor":[109,128,128,53,53,88,101,101,128,148,182,182,221,221,221,345,345,358,358,54,54,67,67,67],"floor_reached":23,"playtime":1550,"items_purged":["Strike_R","Injury"],"score":269,"play_id":"221dfb5f-9bed-4ba2-a52b-64609f5d12b3","local_time":"20201219090732","is_ascension_mode":true,"campfire_choices":[{"floor":15,"key":"REST"}],"circlet_count":0,"master_deck":["Strike_R","Strike_R","Strike_R","Defend_R","Defend_R","Defend_R","Bash","Thunderclap","ReplayTheSpireMod:Limb From Limb","Disarm","Run Through","Headbutt","Uppercut","Feed","BlessedFruit","BlessedFruit"],"relics":["Burning Blood","Hammer of Thor","Seething Fire","Anvil of the Gods","Magic Flower","Golden Idol","White Beast Statue","hubris:ToyBattleship","infinitespire:CursedDice","conspire:InfiniteJournal","Prayer Wheel","Empty Cage","HeavenlyBonsai","Happy Flower","hubris:Towel"],"acts_visited":["Exordium","TheCity"],"potions_floor_usage":[6,11,13,13,18,22],"damage_taken":[{"damage":12,"enemies":"2 Louse","floor":1,"turns":3},{"damage":8,"enemies":"conspire:RoseBush","floor":2,"turns":4},{"damage":35,"enemies":"HollowMod:MossKnight","floor":6,"turns":11},{"damage":6,"enemies":"Cultist","floor":7,"turns":4},{"damage":1,"enemies":"Exordium Wildlife","floor":10,"turns":3},{"damage":16,"enemies":"Lagavulin","floor":11,"turns":7},{"damage":18,"enemies":"Replay:BlueRogue","floor":13,"turns":5},{"damage":32,"enemies":"The Guardian","floor":16,"turns":13},{"damage":53,"enemies":"3 Byrds","floor":18,"turns":10},{"damage":28,"enemies":"2 Thieves","floor":22,"turns":4},{"damage":12,"enemies":"conspire:SneckoGhost","floor":23,"turns":4}],"seed_played":"-1650661077913934512","potions_obtained":[{"floor":1,"key":"Block Potion"},{"floor":7,"key":"LiquidMemories"},{"floor":10,"key":"Weak Potion"},{"floor":11,"key":"Dexterity Potion"},{"floor":13,"key":"ElixirPotion"},{"floor":16,"key":"Swift Potion"},{"floor":18,"key":"sneckomod:MuddlingPotion"},{"floor":22,"key":"Venom Potion"}],"is_trial":false,"path_per_floor":["M","M","?","$","?","E","M","?","T","M","E","?","E","$","R","B",null,"M","?","$","?","M","E"],"character_chosen":"IRONCLAD","items_purchased":["HeavenlyBonsai","Happy Flower"],"campfire_rested":1,"item_purchase_floors":[20,20],"current_hp_per_floor":[69,70,70,70,52,26,29,29,29,37,30,30,21,21,42,19,59,20,20,20,20,79,69,69],"gold":67,"neow_bonus":"ONE_RARE_RELIC","is_daily":false,"chose_seed":false,"campfire_upgraded":0,"win_rate":0.0,"timestamp":1608386852,"path_taken":["M","M","?","$","?","E","M","?","T","?","E","?","E","$","R","BOSS","M","?","$","?","M","E"],"items_purchased_type":["Relic","Relic"],"build_version":"2020-12-13","purchased_purges":2,"victory":false,"max_hp_per_floor":[72,72,72,72,72,72,72,72,72,72,72,72,72,72,72,72,72,75,75,75,75,79,81,81],"card_choices":[{"not_picked":["hubris:ReadiedAction","Fire Breathing"],"picked":"Thunderclap","floor":1},{"not_picked":["ReplayTheSpireMod:Strike From Hell","Feel No Pain"],"picked":"ReplayTheSpireMod:Limb From Limb","floor":2},{"not_picked":["Heavy Blade","Anger","Abandon"],"picked":"SKIP","floor":6},{"not_picked":["hubris:ReadiedAction","Shrug It Off"],"picked":"Run Through","floor":7},{"not_picked":["Whirlwind","Havoc"],"picked":"Headbutt","floor":10},{"not_picked":["Combust","Demonic Infusion"],"picked":"Uppercut","floor":11},{"not_picked":["Offering","Sever Soul","Berserk"],"picked":"SKIP","floor":13},{"not_picked":["Demonic Infusion","Brutality"],"picked":"Feed","floor":16},{"not_picked":["BarbarianYell","hubris:ReadiedAction+1","Sentinel"],"picked":"SKIP","floor":18},{"not_picked":["Entrench","Perfected Strike","Cleave"],"picked":"SKIP","floor":18},{"not_picked":["Wild Strike","Dropkick+1","Whirlwind"],"picked":"SKIP","floor":22},{"not_picked":["Abandon","Perfected Strike","Impervious"],"picked":"SKIP","floor":22}],"player_experience":155887,"relics_obtained":[{"floor":6,"key":"White Beast Statue"},{"floor":9,"key":"hubris:ToyBattleship"},{"floor":11,"key":"infinitespire:CursedDice"},{"floor":12,"key":"conspire:InfiniteJournal"},{"floor":13,"key":"Prayer Wheel"}],"event_choices":[{"damage_healed":0,"gold_gain":0,"player_choice":"Take Damage","damage_taken":18,"relics_obtained":["Golden Idol"],"max_hp_gain":0,"max_hp_loss":0,"event_name":"Golden Idol","floor":5,"gold_loss":0},{"damage_healed":0,"gold_gain":0,"cards_transformed":["Strike_R"],"player_choice":"Transformed","damage_taken":0,"max_hp_gain":0,"max_hp_loss":0,"event_name":"Transmorgrifier","floor":8,"gold_loss":0,"cards_obtained":["Burning Pact"]}],"is_beta":false,"boss_relics":[{"not_picked":["infinitespire:Burning Sword","hubris:VirtuousBlindfold"],"picked":"Empty Cage"}],"items_purged_floors":[4,20],"is_endless":false,"potions_floor_spawned":[1,7,10,11,13,16,18,22],"killed_by":"conspire:SneckoGhost","ascension_level":6}}