{"host":"0hox0qpnlg577bpn","time":1608362533,"event":{"mods":["BaseMod","Minty Spire (QoL Compilation)","Replay The Spire","StSLib"],"gold_per_floor":[99012,98296,98312,98312,98312,98312,98312,97313,97313,97313,97333,97333,97368,97386,97386,97490,97490,97505,97521,97521,96481,96499,96531,96531,96563,96563,96563,96580,96612,96622,96640,96640,96739,96739,96749,96762,95840,95840,95856,95856,95882,95898,95898,95932,95951,95999,95999,95999,95999,95999,95999,95999,95332,95365,95365],"floor_reached":56,"playtime":2734,"items_purged":["Strike_P","Defend_P","Omniscience","InnerPeace","Master of Strategy"],"score":1756,"play_id":"d0be6c5e-8427-45bc-baf0-be6e0b7bbb6f","local_time":"20201219152213","is_ascension_mode":true,"campfire_choices":[{"data":"Defend_P","floor":6,"key":"PURGE"},{"data":"Deep Breath","floor":10,"key":"SMITH"},{"data":"Omniscience","floor":12,"key":"PURGE"},{"floor":15,"key":"RECALL"},{"data":"ClearTheMind","floor":24,"key":"PURGE"},{"data":"Hallucinations","floor":27,"key":"PURGE"},{"data":"Pot Of Greed","floor":32,"key":"SMITH"},{"data":"Pot Of Greed","floor":32,"key":"SMITH"},{"data":"Panache","floor":40,"key":"SMITH"},{"data":"Finesse","floor":40,"key":"SMITH"},{"data":"Decay","floor":47,"key":"PURGE"},{"data":"Flash of Steel","floor":49,"key":"SMITH"},{"data":"Master of Strategy","floor":49,"key":"SMITH"},{"data":"LessonLearned+1","floor":52,"key":"PURGE"}],"circlet_count":0,"master_deck":["Flash of Steel+1","Flash of Steel+1","Flash of Steel+1","Finesse+1","FollowUp+1","Panache+1","Deep Breath+1","Prostrate+1","Scrawl+1","Prostrate+1","Pot Of Greed+1","Pot Of Greed+1","Master of Strategy+1"],"relics":["Abe\u0027s Treasure","Peace Pipe","Lee\u0027s Waffle","Replay:PocketPolymizer","Bottled Lightning","Matryoshka","Molten Egg 2","Cursed Key","Unceasing Top","Chemical X","Eternal Feather","Bag of Marbles","Whetstone","Grinning Jar","Replay:Purple Gloves","Replay:Arrowhead","Philosopher\u0027s Stone","Durian","GoldenEye","ReplayFunnel","Replay:Baseball","Ancient Tea Set","Replay:Accelerometer","StoneCalendar","Pocketwatch","Bronze Scales","Gambling Chip"],"acts_visited":["Exordium","TheCity","TheBeyond","TheEnding"],"potions_floor_usage":[44,44,44,55],"damage_taken":[{"damage":0.0,"enemies":"Cultist","floor":1.0,"turns":1.0},{"damage":0,"enemies":"Jaw Worm","floor":3,"turns":1},{"damage":0,"enemies":"2 Louse","floor":11,"turns":1},{"damage":0,"enemies":"3 Sentries","floor":13,"turns":2},{"damage":32,"enemies":"Exordium Wildlife","floor":14,"turns":2},{"damage":0,"enemies":"Slime Boss","floor":16,"turns":2},{"damage":0,"enemies":"Shell Parasite","floor":18,"turns":1},{"damage":0,"enemies":"3 Byrds","floor":19,"turns":1},{"damage":0,"enemies":"Snake Plant","floor":22,"turns":1},{"damage":0,"enemies":"Gremlin Leader","floor":23,"turns":1},{"damage":0,"enemies":"Slavers","floor":25,"turns":1},{"damage":0,"enemies":"Centurion and Healer","floor":28,"turns":1},{"damage":0,"enemies":"Book of Stabbing","floor":29,"turns":1},{"damage":0,"enemies":"Shelled Parasite and Fungi","floor":30,"turns":1},{"damage":0,"enemies":"Snake Plant","floor":31,"turns":1},{"damage":0,"enemies":"Automaton","floor":33,"turns":1},{"damage":0,"enemies":"3 Shapes","floor":35,"turns":1},{"damage":0,"enemies":"3 Darklings","floor":36,"turns":1},{"damage":0,"enemies":"4 Shapes","floor":39,"turns":1},{"damage":0,"enemies":"Reptomancer","floor":41,"turns":1},{"damage":0,"enemies":"Jaw Worm Horde","floor":42,"turns":1},{"damage":2,"enemies":"R_Hoarder","floor":44,"turns":4},{"damage":0,"enemies":"Spire Growth","floor":45,"turns":1},{"damage":0,"enemies":"2 Orb Walkers","floor":46,"turns":1},{"damage":0,"enemies":"Time Eater","floor":50,"turns":5},{"damage":0,"enemies":"Shield and Spear","floor":54,"turns":1},{"damage":53,"enemies":"The Heart","floor":55,"turns":4}],"seed_played":"5698689954050362572","potions_obtained":[{"floor":1.0,"key":"Doom Potion"},{"floor":3,"key":"LifebloodPotion"},{"floor":44,"key":"Weak Potion"}],"is_trial":false,"path_per_floor":["M","$","M","?","?","R","T","$","T","R","M","R","E","M","R","B",null,"M","M","?","$","M","E","R","E","T","R","M","E","M","M","R","B",null,"M","M","$","?","M","R","E","M","T","E","M","?","R","?","R","B",null,"R","$","E","B",null],"character_chosen":"WATCHER","items_purchased":["Peace Pipe","Lee\u0027s Waffle","FollowUp","Fruit Juice","Strength Potion","Panache","Replay:PocketPolymizer","BlessingOfTheForge","Bottled Lightning","Deep Breath","Master of Strategy","Unceasing Top","Chemical X","Eternal Feather","Durian","GoldenEye","Master of Strategy","Pocketwatch","Bronze Scales","Swift Potion"],"campfire_rested":0,"item_purchase_floors":[2,2,2,2,2,8,8,8,8,8,21,21,21,21,37,37,37,53,53,53],"current_hp_per_floor":[72,732,732,586,579,579,579,579,579,579,579,579,579,547,547,547,732,732,732,732,732,732,732,732,732,732,732,732,732,732,732,732,732,732,732,732,737,737,737,737,737,737,737,735,735,735,737,737,737,737,737,737,737,737,684],"gold":95365,"neow_bonus":"BOSS_RELIC","is_daily":false,"chose_seed":false,"campfire_upgraded":7,"win_rate":0.0,"timestamp":1608362533,"path_taken":["M","$","M","?","?","R","?","$","T","R","M","R","E","M","R","BOSS","M","M","?","$","M","E","R","E","T","R","M","E","?","?","R","BOSS","M","M","$","?","M","R","E","M","T","E","M","?","R","?","R","BOSS","R","$","E","BOSS"],"items_purchased_type":["Relic","Relic","Card","Potion","Potion","Card","Relic","Potion","Relic","Card","Card","Relic","Relic","Relic","Relic","Relic","Card","Relic","Relic","Potion"],"build_version":"2020-12-13","purchased_purges":5,"victory":true,"max_hp_per_floor":[720,732,732,732,732,732,732,732,732,732,732,732,732,732,732,732,732,732,732,732,732,732,732,732,732,732,732,732,732,732,732,732,732,732,732,732,737,737,737,737,737,737,737,737,737,737,737,737,737,737,737,737,737,737,737],"card_choices":[{"not_picked":["Conclude","ThirdEye"],"picked":"InnerPeace","floor":1.0},{"not_picked":["Worship","FollowUp","Replay:DivineShield"],"picked":"SKIP","floor":3},{"not_picked":["Vengeance","Consecrate","Replay:Anticipation"],"picked":"SKIP","floor":11},{"not_picked":["Conclude+1","SandsOfTime+1","CarveReality+1"],"picked":"SKIP","floor":13},{"not_picked":["Consecrate+1","Tantrum+1"],"picked":"ClearTheMind","floor":14},{"not_picked":["Omniscience","Blasphemy"],"picked":"Scrawl","floor":16},{"not_picked":["Conclude+1","CutThroughFate+1","FollowUp+1"],"picked":"SKIP","floor":18},{"not_picked":["Sanctity","WindmillStrike+1"],"picked":"Prostrate+1","floor":19},{"not_picked":["Halt","Consecrate+1","FearNoEvil+1"],"picked":"SKIP","floor":22},{"not_picked":["Halt","PathToVictory+1","Worship"],"picked":"SKIP","floor":23},{"not_picked":["Weave+1","Replay:ManipulateFuture+1","Replay:AllIn"],"picked":"SKIP","floor":25},{"not_picked":["FlyingSleeves+1","SashWhip+1","Tantrum+1"],"picked":"SKIP","floor":28},{"not_picked":["SandsOfTime+1","Replay:Anticipation+1","EmptyFist+1"],"picked":"SKIP","floor":29},{"not_picked":["EmptyMind","WaveOfTheHand","PathToVictory"],"picked":"SKIP","floor":30},{"not_picked":["Tantrum+1","FlurryOfBlows+1","Crescendo"],"picked":"SKIP","floor":31},{"not_picked":["Vault","Replay:LoomingThreat"],"picked":"LessonLearned+1","floor":33},{"not_picked":["EmptyBody+1","Replay:Anticipation","ThirdEye+1"],"picked":"SKIP","floor":35},{"not_picked":["CrushJoints+1","FlyingSleeves+1","Protect+1"],"picked":"SKIP","floor":36},{"not_picked":["ThirdEye+1","WreathOfFlame+1","PathToVictory"],"picked":"SKIP","floor":39},{"not_picked":["Pray","SandsOfTime+1","Replay:Battleflow+1"],"picked":"SKIP","floor":41},{"not_picked":["LikeWater+1","Replay:Anticipation","FlurryOfBlows+1"],"picked":"SKIP","floor":42},{"not_picked":["Replay:ManipulateFuture","DeceiveReality+1","Study"],"picked":"SKIP","floor":44},{"not_picked":["SashWhip+1","CutThroughFate+1","Consecrate+1"],"picked":"SKIP","floor":45},{"not_picked":["Protect+1","ClearTheMind+1","Adaptation"],"picked":"SKIP","floor":54}],"player_experience":308130,"relics_obtained":[{"floor":9,"key":"Matryoshka"},{"floor":13,"key":"Molten Egg 2"},{"floor":23,"key":"Bag of Marbles"},{"floor":25,"key":"Whetstone"},{"floor":26,"key":"Grinning Jar"},{"floor":26,"key":"Replay:Purple Gloves"},{"floor":29,"key":"Replay:Arrowhead"},{"floor":41,"key":"ReplayFunnel"},{"floor":43,"key":"Replay:Baseball"},{"floor":43,"key":"Ancient Tea Set"},{"floor":44,"key":"Replay:Accelerometer"},{"floor":46,"key":"StoneCalendar"},{"floor":54,"key":"Gambling Chip"}],"event_choices":[{"damage_healed":0,"gold_gain":0,"player_choice":"Entered Light","damage_taken":146,"max_hp_gain":0,"max_hp_loss":0,"event_name":"Shining Light","floor":4,"gold_loss":0,"cards_upgraded":["Flash of Steel","Eruption"]},{"cards_removed":["Strike_P"],"damage_healed":0,"gold_gain":0,"player_choice":"Card Removal","damage_taken":7,"max_hp_gain":0,"max_hp_loss":0,"event_name":"Golden Wing","floor":5,"gold_loss":0},{"damage_healed":0,"gold_gain":0,"cards_transformed":["Eruption"],"player_choice":"Transformed","damage_taken":0,"max_hp_gain":0,"max_hp_loss":0,"event_name":"Transmorgrifier","floor":20,"gold_loss":0,"cards_obtained":["Omniscience"]},{"damage_healed":0,"gold_gain":0,"player_choice":"Memory 1","damage_taken":0,"max_hp_gain":0,"max_hp_loss":0,"event_name":"SensoryStone","floor":38,"gold_loss":0},{"damage_healed":0,"gold_gain":0,"player_choice":"Fight","damage_taken":0,"max_hp_gain":0,"max_hp_loss":0,"event_name":"Mysterious Sphere","floor":46,"gold_loss":0},{"cards_removed":["Flash of Steel"],"damage_healed":0,"gold_gain":0,"player_choice":"Removed Attack","damage_taken":0,"max_hp_gain":0,"max_hp_loss":0,"event_name":"Falling","floor":48,"gold_loss":0}],"is_beta":false,"boss_relics":[{"not_picked":["Kintsugi","ChewingGum"],"picked":"Cursed Key"},{"not_picked":["Replay:Wanted Poster","Tiny House"],"picked":"Philosopher\u0027s Stone"}],"items_purged_floors":[2,8,21,37,53],"is_endless":false,"potions_floor_spawned":[1,3,13,14,19,23,25,28,33,36,39,44],"ascension_level":1}}