{"host":"rqd50iigewdjy74u","time":1608372362,"event":{"mods":["AchievementEnabler","BaseMod","BetterRewards","Custom Start","Minty Spire (QoL Compilation)","StSLib"],"gold_per_floor":[116,116,127,141,154,188,188,188,211,211,240,2,20,53,53,154,204,219,219,232,232,242,271,271,186,233,252,279,295,312,326,326,326,326],"floor_reached":33,"playtime":1755,"items_purged":[],"score":389,"play_id":"03aa4728-3e44-428b-9682-1e95e4e43199","local_time":"20201219040602","is_ascension_mode":false,"campfire_choices":[{"data":"Consecrate","floor":8,"key":"SMITH"},{"data":"Vengeance","floor":10,"key":"SMITH"},{"data":"Wallop","floor":15,"key":"SMITH"},{"data":"Blasphemy","floor":24,"key":"SMITH"},{"data":"Wallop","floor":32,"key":"SMITH"}],"circlet_count":0,"master_deck":["Strike_P+1","Strike_P+1","Strike_P+1","Strike_P+1","Defend_P+1","Defend_P+1","Defend_P+1","Eruption","Vigilance+1","SandsOfTime","SashWhip","Vengeance+1","Wallop+1","Consecrate+1","BowlingBash+1","MentalFortress","Prostrate","Blasphemy+1","Consecrate","PathToVictory","Swivel","BowlingBash","TalkToTheHand","MentalFortress","EmptyMind","Conclude","Wallop+1"],"relics":["PureWater","Strawberry","MealTicket","War Paint","Damaru","Gremlin Horn","Tiny Chest","Tiny House","Happy Flower","PreservedInsect","Lantern","Toy Ornithopter"],"acts_visited":["Exordium","TheCity"],"potions_floor_usage":[14,16,16,23,29,31,31],"damage_taken":[{"damage":22,"enemies":"Jaw Worm","floor":1,"turns":2},{"damage":0,"enemies":"Cultist","floor":3,"turns":2},{"damage":0,"enemies":"Small Slimes","floor":4,"turns":2},{"damage":5,"enemies":"2 Fungi Beasts","floor":5,"turns":3},{"damage":10,"enemies":"3 Sentries","floor":6,"turns":4},{"damage":19,"enemies":"Gremlin Nob","floor":11,"turns":3},{"damage":0,"enemies":"Looter","floor":13,"turns":3},{"damage":1,"enemies":"3 Sentries","floor":14,"turns":2},{"damage":15,"enemies":"The Guardian","floor":16,"turns":9},{"damage":20,"enemies":"2 Thieves","floor":18,"turns":3},{"damage":9,"enemies":"Spheric Guardian","floor":20,"turns":4},{"damage":4,"enemies":"Cultist and Chosen","floor":22,"turns":3},{"damage":12,"enemies":"Gremlin Leader","floor":23,"turns":4},{"damage":4,"enemies":"Snecko","floor":27,"turns":3},{"damage":23,"enemies":"Shelled Parasite and Fungi","floor":29,"turns":6},{"damage":14,"enemies":"Centurion and Healer","floor":30,"turns":5},{"damage":3,"enemies":"Snecko","floor":31,"turns":3},{"damage":100042,"enemies":"Champ","floor":33,"turns":8}],"seed_played":"9062958819119920048","potions_obtained":[{"floor":1,"key":"Dexterity Potion"},{"floor":5,"key":"Weak Potion"},{"floor":6,"key":"FairyPotion"},{"floor":11,"key":"BlessingOfTheForge"},{"floor":14,"key":"AttackPotion"},{"floor":17,"key":"ColorlessPotion"},{"floor":18,"key":"Fire Potion"},{"floor":20,"key":"BlessingOfTheForge"},{"floor":23,"key":"Fire Potion"},{"floor":29,"key":"LiquidBronze"}],"is_trial":false,"path_per_floor":["M","?","M","M","M","E","?","R","T","R","E","$","M","E","R","B",null,"M","?","M","?","M","E","R","?","T","M","T","M","M","M","R","B"],"character_chosen":"WATCHER","items_purchased":["Gremlin Horn"],"campfire_rested":0,"item_purchase_floors":[12],"current_hp_per_floor":[44,44,44,44,39,36,24,24,24,24,5,20,20,19,19,4,84,64,64,55,55,51,39,39,39,39,35,35,17,3,10,10,0,0],"gold":326,"neow_bonus":"","is_daily":false,"chose_seed":false,"campfire_upgraded":5,"win_rate":0.0,"timestamp":1608372362,"path_taken":["M","?","M","?","M","E","?","R","T","R","E","$","M","E","R","BOSS","M","?","M","?","M","E","R","?","T","M","?","M","?","M","R","BOSS"],"items_purchased_type":["Relic"],"build_version":"2020-12-13","purchased_purges":0,"victory":false,"max_hp_per_floor":[72,72,72,72,72,79,79,79,79,79,79,79,79,79,79,79,84,84,84,84,84,84,84,84,84,84,84,84,84,84,84,84,84,84],"card_choices":[{"not_picked":["FlurryOfBlows","Worship"],"picked":"SandsOfTime","floor":1},{"not_picked":["WheelKick","MentalFortress"],"picked":"SashWhip","floor":3},{"not_picked":["EmptyFist","Evaluate"],"picked":"Vengeance","floor":4},{"not_picked":["CutThroughFate","Nirvana"],"picked":"Wallop","floor":5},{"not_picked":["EmptyFist","InnerPeace"],"picked":"Consecrate","floor":6},{"not_picked":["LikeWater","WaveOfTheHand"],"picked":"BowlingBash","floor":11},{"not_picked":["FlurryOfBlows","Vault"],"picked":"MentalFortress","floor":13},{"not_picked":["EmptyFist","Crescendo"],"picked":"Prostrate","floor":14},{"not_picked":["Brilliance","Judgement"],"picked":"Blasphemy","floor":16},{"not_picked":["EmptyFist","ThirdEye"],"picked":"Consecrate","floor":17},{"not_picked":["CrushJoints","Protect"],"picked":"PathToVictory","floor":18},{"not_picked":["JustLucky","EmptyBody"],"picked":"Swivel","floor":20},{"not_picked":["Swivel","SashWhip"],"picked":"BowlingBash","floor":22},{"not_picked":["Devotion","Judgement"],"picked":"TalkToTheHand","floor":23},{"not_picked":["BowlingBash","Nirvana+1"],"picked":"MentalFortress","floor":27},{"not_picked":["EmptyFist","ClearTheMind+1"],"picked":"EmptyMind","floor":29},{"not_picked":["CutThroughFate","Sanctity"],"picked":"Conclude","floor":30},{"not_picked":["JustLucky","ClearTheMind"],"picked":"Wallop","floor":31}],"player_experience":64097,"relics_obtained":[{"floor":6,"key":"Strawberry"},{"floor":9,"key":"War Paint"},{"floor":11,"key":"Damaru"},{"floor":14,"key":"Tiny Chest"},{"floor":23,"key":"Happy Flower"},{"floor":26,"key":"Lantern"},{"floor":28,"key":"Toy Ornithopter"}],"event_choices":[{"cards_removed":["Defend_P"],"damage_healed":0,"gold_gain":0,"player_choice":"Purged","damage_taken":0,"max_hp_gain":0,"max_hp_loss":0,"event_name":"Purifier","floor":2,"gold_loss":0},{"damage_healed":0,"gold_gain":0,"player_choice":"Success","damage_taken":12,"relics_obtained":["MealTicket"],"max_hp_gain":0,"max_hp_loss":0,"event_name":"Scrap Ooze","floor":7,"gold_loss":0},{"damage_healed":0,"gold_gain":0,"player_choice":"Simplicity","damage_taken":0,"max_hp_gain":0,"max_hp_loss":0,"event_name":"Back to Basics","floor":19,"gold_loss":0,"cards_upgraded":["Strike_P","Strike_P","Strike_P","Strike_P","Defend_P","Defend_P"]},{"damage_healed":0,"gold_gain":0,"player_choice":"Ignored","damage_taken":0,"max_hp_gain":0,"max_hp_loss":0,"event_name":"Ghosts","floor":21,"gold_loss":0},{"damage_healed":0,"gold_gain":0,"player_choice":"Obtained Relic","damage_taken":0,"relics_obtained":["PreservedInsect"],"max_hp_gain":0,"max_hp_loss":0,"event_name":"Addict","floor":25,"gold_loss":85}],"is_beta":false,"boss_relics":[{"not_picked":["Sozu","Fusion Hammer"],"picked":"Tiny House"}],"items_purged_floors":[],"is_endless":false,"potions_floor_spawned":[1,5,6,11,14,18,20,23,29],"killed_by":"Champ","ascension_level":0}}