{"host":"cf32014d19ld5mat","time":1608378868,"event":{"mods":["AchievementEnabler","BaseMod","Block Reminder","Minty Spire (QoL Compilation)","Random Character Button","Relic Stats","StSLib"],"gold_per_floor":[113,38,38,38,51,51,84,84,111,122,157,170,187,219,219,294,294,314,314,314,330,245,245,245],"floor_reached":23,"playtime":669,"items_purged":["Strike_B"],"score":468,"play_id":"04352246-be26-4424-839c-b8bdd4019992","local_time":"20201219115428","is_ascension_mode":true,"campfire_choices":[{"data":"Barrage","floor":6,"key":"SMITH"},{"data":"Compile Driver","floor":8,"key":"SMITH"},{"data":"Defragment","floor":15,"key":"SMITH"}],"circlet_count":0,"master_deck":["AscendersBane","Strike_B","Strike_B","Strike_B","Defend_B","Defend_B","Defend_B","Defend_B","Zap+1","Dualcast","Barrage+1","Glacier","Compile Driver+1","Ball Lightning","Streamline","Biased Cognition","Cold Snap","Defragment+1","Fission","Double Energy","Necronomicurse"],"relics":["FrozenCore","NeowsBlessing","TungstenRod","Regal Pillow","StrikeDummy","Torii","Necronomicon","Shovel"],"acts_visited":["Exordium","TheCity"],"potions_floor_usage":[11,16,23,23],"damage_taken":[{"damage":0,"enemies":"Small Slimes","floor":1,"turns":1},{"damage":0,"enemies":"2 Louse","floor":5,"turns":1},{"damage":0,"enemies":"Lagavulin","floor":7,"turns":1},{"damage":0,"enemies":"Jaw Worm","floor":10,"turns":2},{"damage":7,"enemies":"Gremlin Nob","floor":11,"turns":3},{"damage":2,"enemies":"Blue Slaver","floor":12,"turns":2},{"damage":1,"enemies":"3 Louse","floor":13,"turns":3},{"damage":5,"enemies":"3 Sentries","floor":14,"turns":6},{"damage":3,"enemies":"The Guardian","floor":16,"turns":10},{"damage":18,"enemies":"Shell Parasite","floor":18,"turns":6},{"damage":0,"enemies":"Spheric Guardian","floor":21,"turns":4},{"damage":25,"enemies":"Gremlin Leader","floor":23,"turns":7}],"seed_played":"6119019021542364967","potions_obtained":[{"floor":5,"key":"Swift Potion"},{"floor":7,"key":"Fire Potion"},{"floor":14,"key":"FocusPotion"},{"floor":18,"key":"DuplicationPotion"}],"is_trial":false,"path_per_floor":["M","$","?","$","M","R","E","R","T","M","E","M","M","E","R","B",null,"M","?","?","M","?","E"],"character_chosen":"DEFECT","items_purchased":[],"campfire_rested":0,"item_purchase_floors":[],"current_hp_per_floor":[64,64,64,64,64,64,64,64,64,64,57,55,54,49,49,46,65,47,30,30,30,30,5,5],"gold":245,"neow_bonus":"THREE_ENEMY_KILL","is_daily":false,"chose_seed":false,"campfire_upgraded":3,"win_rate":0.0,"timestamp":1608378868,"path_taken":["M","$","?","$","M","R","E","R","T","M","E","M","M","E","R","BOSS","M","?","?","?","?","E"],"items_purchased_type":[],"build_version":"2020-12-13","purchased_purges":1,"victory":false,"max_hp_per_floor":[71,71,71,71,71,71,71,71,71,71,71,71,71,71,71,71,71,71,71,71,71,71,71,71],"relic_stats":{"Regal Pillow":0,"Shovel":0,"Torii":5,"counters":[12,46],"Necronomicon":[2],"obtain_stats":[{"Regal Pillow":9,"Shovel":22,"NeowsBlessing":0,"Torii":14,"Necronomicon":19,"Cracked Core":0,"StrikeDummy":11,"TungstenRod":7,"FrozenCore":17},{"Regal Pillow":3,"Shovel":11,"NeowsBlessing":0,"Torii":8,"Necronomicon":10,"Cracked Core":0,"StrikeDummy":5,"TungstenRod":3,"FrozenCore":9},{"Regal Pillow":3,"Shovel":39,"NeowsBlessing":0,"Torii":19,"Necronomicon":35,"Cracked Core":0,"StrikeDummy":8,"TungstenRod":3,"FrozenCore":29}],"TungstenRod":17,"FrozenCore":[4]},"card_choices":[{"not_picked":["Turbo","Coolheaded"],"picked":"Barrage","floor":1},{"not_picked":["Rebound","Redo"],"picked":"Glacier","floor":5},{"not_picked":["Double Energy","Rebound"],"picked":"Compile Driver","floor":7},{"not_picked":["Reprogram","Undo"],"picked":"Ball Lightning","floor":10},{"not_picked":["Fusion","Stack"],"picked":"Streamline","floor":11},{"not_picked":["Barrage","Capacitor"],"picked":"Biased Cognition","floor":12},{"not_picked":["Go for the Eyes","FTL"],"picked":"Cold Snap","floor":13},{"not_picked":["Recycle","Go for the Eyes"],"picked":"Defragment","floor":14},{"not_picked":["Creative AI","Meteor Strike"],"picked":"Fission","floor":16},{"not_picked":["Stack","Gash"],"picked":"Double Energy","floor":18},{"not_picked":["Aggregate","Double Energy","Cold Snap"],"picked":"SKIP","floor":21}],"player_experience":955150,"relics_obtained":[{"floor":7,"key":"TungstenRod"},{"floor":9,"key":"Regal Pillow"},{"floor":11,"key":"StrikeDummy"},{"floor":14,"key":"Torii"},{"floor":19,"key":"Necronomicon"}],"event_choices":[{"damage_healed":0,"gold_gain":0,"player_choice":"Grow","damage_taken":0,"max_hp_gain":0,"max_hp_loss":0,"event_name":"Living Wall","floor":3,"gold_loss":0,"cards_upgraded":["Zap"]},{"damage_healed":0,"gold_gain":0,"player_choice":"Obtained Book","damage_taken":21,"max_hp_gain":0,"max_hp_loss":0,"event_name":"Cursed Tome","floor":19,"gold_loss":0},{"damage_healed":0,"gold_gain":0,"player_choice":"Ignored","damage_taken":0,"max_hp_gain":0,"max_hp_loss":0,"event_name":"Ghosts","floor":20,"gold_loss":0},{"damage_healed":0,"gold_gain":0,"player_choice":"Obtained Relic","damage_taken":0,"relics_obtained":["Shovel"],"max_hp_gain":0,"max_hp_loss":0,"event_name":"Addict","floor":22,"gold_loss":85}],"is_beta":false,"boss_relics":[{"not_picked":["SacredBark","Coffee Dripper"],"picked":"FrozenCore"}],"items_purged_floors":[2],"is_endless":false,"potions_floor_spawned":[5,7,10,14,18,21],"killed_by":"Gremlin Leader","ascension_level":20}}