{"host":"m1ntkrf87179kmo6","time":1608341371,"event":{"mods":["BaseMod","Better Third Choice","Minty Spire (QoL Compilation)","Shade Mod","StSLib"],"gold_per_floor":[213,213,229,247,268,268,286,320,368,381,381,402,402,3,3,124,124,139,54,54,54,72,72,72,171,171,195,220,220,22,43,43,174,237,257,272,19,19,19,19,37,56,81,81,81],"floor_reached":44,"playtime":3854,"items_purged":["Regret","Shade:Putrefaction"],"score":437,"play_id":"cbf39312-aaf7-4ef8-bb46-7be84ff4b0f1","local_time":"20201218202931","is_ascension_mode":false,"campfire_choices":[{"floor":6,"key":"REST"},{"data":"Shade:TouchOfTheGrave","floor":15,"key":"SMITH"},{"floor":23,"key":"REST"},{"floor":29,"key":"REST"},{"floor":32,"key":"REST"},{"floor":40,"key":"RECALL"}],"circlet_count":0,"master_deck":["Shade:Strike_Shade","Shade:Strike_Shade+1","Shade:Strike_Shade","Shade:Strike_Shade","Shade:Defend_Shade","Shade:Defend_Shade","Shade:Defend_Shade","Shade:Defend_Shade","Shade:AnimateDead","Shade:CarefulCut+1","Shade:Excise","Shade:ExtraLimbs+1","Shade:ClawBack","Shade:Carnophage","Shade:GreyBargain","Shade:TouchOfTheGrave+1","Shade:AncientSpear","Shade:FleshLikeOak+1","Shade:FleshLikeOak+1"],"relics":["Shade:YorickSkull","Golden Idol","Incense Burner","Letter Opener","Pantograph","Singing Bowl","SlaversCollar","PreservedInsect","Molten Egg 2","Happy Flower","Tiny House","ClockworkSouvenir","Whetstone"],"acts_visited":["Exordium","TheCity","TheBeyond"],"potions_floor_usage":[8,8,12,12,31,33,33,34,36,41,42],"damage_taken":[{"damage":0,"enemies":"Small Slimes","floor":1,"turns":3},{"damage":0,"enemies":"Jaw Worm","floor":3,"turns":4},{"damage":0,"enemies":"2 Louse","floor":4,"turns":2},{"damage":13,"enemies":"Exordium Thugs","floor":5,"turns":5},{"damage":1,"enemies":"Lots of Slimes","floor":7,"turns":6},{"damage":3,"enemies":"3 Sentries","floor":8,"turns":5},{"damage":12,"enemies":"Large Slime","floor":10,"turns":6},{"damage":1,"enemies":"Exordium Thugs","floor":12,"turns":4},{"damage":41,"enemies":"The Guardian","floor":16,"turns":12},{"damage":10,"enemies":"Chosen","floor":18,"turns":6},{"damage":15,"enemies":"3 Byrds","floor":22,"turns":6},{"damage":31,"enemies":"Shelled Parasite and Fungi","floor":27,"turns":6},{"damage":2,"enemies":"Snecko","floor":28,"turns":6},{"damage":7,"enemies":"Centurion and Healer","floor":31,"turns":8},{"damage":55,"enemies":"Collector","floor":33,"turns":12},{"damage":0,"enemies":"3 Shapes","floor":35,"turns":8},{"damage":2,"enemies":"Orb Walker","floor":36,"turns":5},{"damage":55,"enemies":"Maw","floor":41,"turns":10},{"damage":7,"enemies":"Spire Growth","floor":42,"turns":7},{"damage":30,"enemies":"Sphere and 2 Shapes","floor":44,"turns":4}],"seed_played":"-7897420340804687028","potions_obtained":[{"floor":3,"key":"SkillPotion"},{"floor":4,"key":"CultistPotion"},{"floor":5,"key":"PowerPotion"},{"floor":10,"key":"SkillPotion"},{"floor":22,"key":"FearPotion"},{"floor":28,"key":"Strength Potion"},{"floor":34,"key":"EntropicBrew"},{"floor":35,"key":"Ancient Potion"}],"is_trial":false,"path_per_floor":["M","?","M","M","M","R","M","E","T","M","?","M","T","$","R","B",null,"M","?","?","?","M","R","$","?","T","M","M","R","$","M","R","B",null,"M","M","$","?","$","R","M","M","T","M"],"character_chosen":"SHADE","items_purchased":["Singing Bowl","Shade:TouchOfTheGrave","Happy Flower","Dexterity Potion","ClockworkSouvenir"],"campfire_rested":4,"item_purchase_floors":[14,14,30,30,37],"current_hp_per_floor":[65,65,65,65,52,65,64,61,61,49,49,48,48,48,48,26,67,57,57,57,57,44,64,64,64,64,35,35,56,56,51,73,22,84,84,84,84,84,84,84,31,26,26,0,0],"gold":81,"neow_bonus":"HUNDRED_GOLD","is_daily":false,"chose_seed":false,"campfire_upgraded":1,"win_rate":0.0,"timestamp":1608341371,"path_taken":["M","?","M","M","M","R","M","E","T","M","?","M","?","$","R","BOSS","M","?","?","?","M","R","$","?","T","M","M","R","?","?","R","BOSS","M","?","$","?","?","R","M","M","T","M"],"items_purchased_type":["Relic","Card","Relic","Potion","Relic"],"build_version":"2020-12-13","purchased_purges":2,"victory":false,"max_hp_per_floor":[65,65,65,65,65,65,65,65,65,65,65,65,65,65,65,67,67,67,67,67,67,69,69,69,69,69,71,73,73,73,75,75,77,84,84,86,86,86,86,86,88,90,90,90,90],"card_choices":[{"not_picked":["Shade:WallOfFlesh","Shade:PotionOfRestlessness"],"picked":"Shade:Excise","floor":1},{"not_picked":["Shade:WallOfFlesh","Shade:AuraOfUnlife"],"picked":"Shade:ExtraLimbs","floor":3},{"not_picked":["Shade:FingerOfDeath","Shade:Premonition","Shade:LyeBath"],"picked":"SKIP","floor":4},{"not_picked":["Shade:GraveStillness","Shade:LyeBath","Shade:SpontaneousRitual"],"picked":"SKIP","floor":5},{"not_picked":["Shade:FleshToFlesh","Shade:FleshLikeOak"],"picked":"Shade:ClawBack","floor":7},{"not_picked":["Shade:Excise","Shade:SanguineRitual"],"picked":"Shade:Putrefaction","floor":8},{"not_picked":["Shade:Frenzy","Shade:LyeBath"],"picked":"Shade:Carnophage","floor":10},{"not_picked":["Shade:CommandSoldier","Shade:RitualOffering"],"picked":"Shade:GreyBargain","floor":12},{"not_picked":["Shade:DarkOfNight","Shade:LoseControl","Shade:OfferingToTheBeyond"],"picked":"Singing Bowl","floor":16},{"not_picked":["Shade:FreshBones","Shade:FeralStrike"],"picked":"Shade:AncientSpear","floor":18},{"not_picked":["Shade:CommandSoldier","Shade:ScuttlingHand+1","Shade:GreyBargain"],"picked":"Singing Bowl","floor":22},{"not_picked":["Shade:CallWraith","Shade:Trample+1","Shade:Patience"],"picked":"Singing Bowl","floor":27},{"not_picked":["Shade:BoneShards+1","Shade:TouchOfTheGrave","Shade:LoseControl"],"picked":"Singing Bowl","floor":28},{"not_picked":["Shade:FeralStrike+1","Shade:SpectralStrikes","Shade:FingerOfDeath+1"],"picked":"Singing Bowl","floor":31},{"not_picked":["Shade:LoseControl","Shade:Consume+1","Shade:SoulPierce"],"picked":"Singing Bowl","floor":33},{"not_picked":["Shade:FeralStrike+1","Shade:Premonition","Shade:SkeletonHug+1"],"picked":"Singing Bowl","floor":34},{"not_picked":["Shade:TouchOfTheGrave+1","Shade:FreshBones+1"],"picked":"Shade:FleshLikeOak+1","floor":35},{"not_picked":["Shade:CommandSoldier","Shade:CallWraith+1","Shade:ExtraLimbs+1"],"picked":"Singing Bowl","floor":36},{"not_picked":["Shade:GoDigging+1","Shade:CommandSoldier+1","Shade:OpenGraves"],"picked":"Singing Bowl","floor":41},{"not_picked":["Shade:GreyBargain+1","Shade:Frenzy","Shade:Premonition"],"picked":"Singing Bowl","floor":42}],"player_experience":1046995,"relics_obtained":[{"floor":8,"key":"Incense Burner"},{"floor":13,"key":"Pantograph"},{"floor":26,"key":"Molten Egg 2"},{"floor":43,"key":"Whetstone"}],"event_choices":[{"damage_healed":0,"gold_gain":0,"player_choice":"Take Wound","damage_taken":0,"relics_obtained":["Golden Idol"],"max_hp_gain":0,"max_hp_loss":0,"event_name":"Golden Idol","floor":2,"gold_loss":0,"cards_obtained":["Injury"]},{"damage_healed":0,"gold_gain":0,"player_choice":"Box","damage_taken":0,"relics_obtained":["Letter Opener"],"max_hp_gain":0,"max_hp_loss":0,"event_name":"Big Fish","floor":11,"gold_loss":0,"cards_obtained":["Regret"]},{"damage_healed":0,"gold_gain":0,"player_choice":"Obtained Relic","damage_taken":0,"relics_obtained":["PreservedInsect"],"max_hp_gain":0,"max_hp_loss":0,"event_name":"Addict","floor":19,"gold_loss":85},{"damage_healed":0,"gold_gain":0,"player_choice":"Ignored","damage_taken":0,"max_hp_gain":0,"max_hp_loss":0,"event_name":"Ghosts","floor":20,"gold_loss":0},{"cards_removed":["Injury"],"damage_healed":0,"gold_gain":0,"player_choice":"Elegance","damage_taken":0,"max_hp_gain":0,"max_hp_loss":0,"event_name":"betterThird:BetterWriting","floor":21,"gold_loss":0},{"damage_healed":0,"gold_gain":99,"player_choice":"Steal","damage_taken":0,"max_hp_gain":0,"max_hp_loss":0,"event_name":"betterThird:BetterNest","floor":25,"gold_loss":0},{"damage_healed":0,"gold_gain":0,"player_choice":"Copied","damage_taken":0,"max_hp_gain":0,"max_hp_loss":0,"event_name":"Duplicator","floor":38,"gold_loss":0,"cards_obtained":["Shade:FleshLikeOak"]}],"is_beta":false,"boss_relics":[{"not_picked":["Sozu","SacredBark"],"picked":"SlaversCollar"},{"not_picked":["Astrolabe","Snecko Eye"],"picked":"Tiny House"}],"items_purged_floors":[14,37],"is_endless":false,"potions_floor_spawned":[3,4,5,10,22,28,35],"killed_by":"Sphere and 2 Shapes","ascension_level":0}}