{"host":"1ewc6jxpaqi263j3","time":1608385219,"event":{"mods":["Act Like it!","BaseMod","Better Vampires","Better-Laid Plans","BetterRewards","Card Forge","Colored Map","Elementarium","Gensokyo","Hallownest","HololiveMod","Luminous","Menagerie","Minty Spire (QoL Compilation)","Quick Restart","Rare Cards Sparkle","Shop Mod","StSLib","The Animator","The Bug Knight","UnlockEverythingMod"],"gold_per_floor":[84,13,26,50,67,67,67,115,163,196,155,175,199,126,126,276,326,376,412,511,578,598,598,376,376,376,376,435,435,132,171,171,342,342,378,401,30,64,64,132,132,132,155,193,214,236,296,402,402,459],"floor_reached":51,"playtime":2406,"items_purged":[],"score":1158,"play_id":"5c4d3fed-0df3-4d98-8d7e-b495a5014e02","local_time":"20201219214019","is_ascension_mode":false,"campfire_choices":[{"data":"Hololive_OvertimeWork","floor":6,"key":"SMITH"},{"data":"Hololive_CallYozoraMel","floor":15,"key":"SMITH"},{"data":"Hololive_CallSakuraMiko","floor":23,"key":"SMITH"},{"data":"Hololive_CallSpadeEcho","floor":27,"key":"SMITH"},{"data":"Hololive_Rebirth","floor":32,"key":"SMITH"},{"data":"Hololive_CallDoris","floor":41,"key":"SMITH"},{"data":"Hololive_Trident","floor":49,"key":"SMITH"}],"circlet_count":0,"master_deck":["Hololive_CallNatsuiroMatsuri","Hololive_CallAkaiHaato","Hololive_CallNekomataOkayu","Hololive_CallSpadeEcho+1","Hololive_CallYogiri","Hololive_FlyingPonyTail+1","Hololive_Strike+1","Hololive_Strike","Hololive_Defend+1","Hololive_Defend+1","Hololive_Rebirth+1","Hololive_CallOkamiMio+1","Hololive_CallFriendA","Hololive_OvertimeWork+1","Hololive_DiamondStrike+1","Hololive_CallYozoraMel+1","Hololive_CallRoboco","Hololive_CallMomosuzuNene+16","Hololive_CallSakuraMiko+1","Hololive_Thief+1","Hololive_CallAZKi","Hololive_Trident+1","Hololive_CallYuzukiChoco","Hololive_CallTokinoSora","Hololive_AWSL","Hololive_CallAiraniIofifteen","Hololive_ASMR","Hololive_CallOmaruPolka+1","Hololive_CallTokoyamiTowa+1","Hololive_CallDoris+1","Hololive_Teleport","Hololive_CallHimemoriLuna+1","Hololive_CallUsadaPekora+1","Hololive_FlyingPonyTail+1"],"relics":["Hololive_TheStar","Hammer of Thor","Seething Fire","Anvil of the Gods","MerchantsRug","Blue Candle","Thread and Needle","HollowMod:PaleOreRelic","Whetstone","Letter Opener","Tiny House","War Paint","animator:TheMissingPiece","Question Card","HollowMod:StagPassRelic","Pantograph","Hololive_FriedShrimpLion","Boot","Sozu","Lee\u0027s Waffle","CeramicFish","Dream Catcher","Shuriken"],"acts_visited":["Exordium","TheCity","TheBeyond"],"potions_floor_usage":[],"damage_taken":[{"damage":0,"enemies":"Small Slimes","floor":1,"turns":3},{"damage":0,"enemies":"Jaw Worm","floor":3,"turns":3},{"damage":0,"enemies":"2 Louse","floor":4,"turns":3},{"damage":0,"enemies":"Blue Slaver","floor":5,"turns":3},{"damage":2,"enemies":"Gremlin Gang","floor":8,"turns":7},{"damage":0,"enemies":"Gremlin Nob","floor":10,"turns":4},{"damage":0,"enemies":"Exordium Wildlife","floor":12,"turns":3},{"damage":0,"enemies":"Lots of Slimes","floor":13,"turns":4},{"damage":0,"enemies":"Hexaghost","floor":16,"turns":7},{"damage":0,"enemies":"Chosen","floor":18,"turns":4},{"damage":0,"enemies":"Spheric Guardian","floor":19,"turns":4},{"damage":0,"enemies":"Centurion and Healer","floor":21,"turns":6},{"damage":0,"enemies":"Snake Plant","floor":22,"turns":4},{"damage":11,"enemies":"Slavers","floor":28,"turns":9},{"damage":0,"enemies":"Shelled Parasite and Fungi","floor":31,"turns":5},{"damage":8,"enemies":"Collector","floor":33,"turns":14},{"damage":0,"enemies":"3 Shapes","floor":35,"turns":4},{"damage":0,"enemies":"Orb Walker","floor":36,"turns":3},{"damage":0,"enemies":"Transient","floor":38,"turns":5},{"damage":0,"enemies":"Nemesis","floor":40,"turns":5},{"damage":0,"enemies":"4 Shapes","floor":44,"turns":5},{"damage":0,"enemies":"Spire Growth","floor":45,"turns":4},{"damage":0,"enemies":"3 Darklings","floor":46,"turns":5},{"damage":0,"enemies":"HollowMod:StalkingDevout","floor":47,"turns":6},{"damage":0,"enemies":"Transient","floor":48,"turns":5},{"damage":0,"enemies":"Time Eater","floor":50,"turns":8}],"seed_played":"-8909357930325495405","potions_obtained":[{"floor":3,"key":"SmokeBomb"},{"floor":5,"key":"Explosive Potion"},{"floor":10,"key":"LiquidMemories"},{"floor":33,"key":"BlessingOfTheForge"}],"is_trial":false,"path_per_floor":["M","$","M","M","M","R","?","M","T","E","?","M","M","$","R","B",null,"M","M","?","M","M","R","$","?","T","R","E","T","$","M","R","B",null,"M","M","$","M","?","E","R","$","T","M","M","M","E","M","R","B",null],"character_chosen":"Hololive_HololiveCharacter","items_purchased":["MerchantsRug","Hololive_Rebirth","Blue Candle","HollowMod:PaleOreRelic","Hololive_CallFriendA","Hololive_CallSakuraMiko","Hololive_CallTokinoSora","War Paint","Hololive_FriedShrimpLion","Boot","Hololive_CallTokoyamiTowa","Lee\u0027s Waffle","CeramicFish"],"campfire_rested":0,"item_purchase_floors":[0,0,0,0,2,14,24,24,30,30,37,37,37],"current_hp_per_floor":[18,18,18,18,18,18,11,9,9,9,9,9,9,9,9,34,40,40,40,40,40,40,40,40,40,40,40,40,40,40,41,41,42,42,43,44,51,52,52,53,53,53,53,54,55,56,57,58,58,59],"gold":459,"neow_bonus":"","is_daily":false,"chose_seed":false,"campfire_upgraded":7,"win_rate":0.0,"timestamp":1608385219,"path_taken":["M","$","M","M","M","R","?","M","T","E","?","?","M","$","R","BOSS","M","M","?","M","M","R","$","?","T","R","E","?","$","?","R","BOSS","M","M","$","M","?","E","R","$","T","M","?","M","E","M","R","BOSS"],"items_purchased_type":["Relic","Card","Relic","Relic","Card","Card","Card","Relic","Relic","Relic","Card","Relic","Relic"],"build_version":"2020-12-13","purchased_purges":0,"victory":true,"max_hp_per_floor":[35,35,35,35,35,35,35,35,35,35,35,35,35,35,35,35,40,40,40,40,40,40,40,40,40,40,40,40,40,40,41,41,42,42,43,44,51,52,52,53,53,53,53,54,55,56,57,58,58,59],"card_choices":[{"not_picked":["Hololive_Drill","Hololive_Trident","Hololive_Breathe"],"picked":"Hololive_CallOkamiMio","floor":1},{"not_picked":["Hololive_Sequa","Hololive_Rebound","Hololive_RevenueBasedLive"],"picked":"Hololive_OvertimeWork","floor":3},{"not_picked":["Hololive_Psychosis","Hololive_Breathe","Hololive_Trident"],"picked":"Hololive_DiamondStrike","floor":4},{"not_picked":["Hololive_SoulCatcher","Hololive_Rebound","Hololive_CallAyundaRisu"],"picked":"Hololive_CallYozoraMel","floor":5},{"not_picked":["Hololive_FlyingPonyTail","Hololive_StrengthChampion","Hololive_CallMoonaHoshinova"],"picked":"Hololive_CallRoboco","floor":8},{"not_picked":["Hololive_Sequa","Hololive_BringToTrial","Hololive_CallNatsuiroMatsuri"],"picked":"Hololive_CallMomosuzuNene","floor":10},{"not_picked":["Hololive_BringToTrial","Hololive_HuntDinosaur","Hololive_LuckPotion","Hololive_StrengthChampion"],"picked":"SKIP","floor":12},{"not_picked":["Hololive_Rebound","Hololive_StrengthChampion","Hololive_CocoNews","Hololive_HuntDinosaur"],"picked":"SKIP","floor":13},{"not_picked":["Hololive_Nanodesu","Hololive_FlareMind","Hololive_Recruit"],"picked":"Hololive_Thief","floor":16},{"not_picked":["Hololive_Trident","Hololive_OvertimeWork","Hololive_Breathe+1"],"picked":"Hololive_CallAZKi","floor":18},{"not_picked":["Hololive_Spy+1","Hololive_Breathe","Hololive_CocoNews+1"],"picked":"Hololive_Trident","floor":19},{"not_picked":["Hololive_CocoNews","Hololive_LuckPotion","Hololive_StarCraft","Hololive_CallAkaiHaato+1"],"picked":"SKIP","floor":21},{"not_picked":["Hololive_Trident+1","Hololive_Breathe","Hololive_FlyingPonyTail+1"],"picked":"Hololive_CallYuzukiChoco","floor":22},{"not_picked":["Hololive_HuntDinosaur","Hololive_IdolExercise","Hololive_Psychosis","Hololive_CocoNews"],"picked":"Hololive_AWSL","floor":28},{"not_picked":["Hololive_StrengthChampion+1","Hololive_CallCivia","Hololive_Spy","Hololive_Rebound+1"],"picked":"Hololive_CallAiraniIofifteen","floor":31},{"not_picked":["Hololive_DiamondStrike","Hololive_FlareMind","Hololive_HighAtkLowDef","Hololive_ScarfAndHalo"],"picked":"Hololive_ASMR","floor":33},{"not_picked":["Hololive_FlyingPonyTail+1","Hololive_RevenueBasedLive+1","Hololive_Rebound","Hololive_Trident+1"],"picked":"Hololive_CallOmaruPolka+1","floor":35},{"not_picked":["Hololive_Trident","Hololive_CallMinatoAqua+1","Hololive_OvertimeWork","Hololive_CallAyundaRisu+1"],"picked":"Hololive_CallDoris","floor":38},{"not_picked":["Hololive_CallUsadaPekora","Hololive_CallSakuraMiko+1","Hololive_AWSL","Hololive_CallCivia+1"],"picked":"Hololive_Teleport","floor":40},{"not_picked":["Hololive_Rebound","Hololive_DevilCharm+1","Hololive_Trident+1","Hololive_CocoNews+1"],"picked":"Hololive_CallHimemoriLuna+1","floor":44},{"not_picked":["Hololive_RevenueBasedLive","Hololive_Rebirth","Hololive_OvertimeWork+1","Hololive_StrengthChampion"],"picked":"Hololive_CallUsadaPekora+1","floor":46},{"not_picked":["Hololive_Psychosis","Hololive_OvertimeWork","Hololive_HuntDinosaur","Hololive_Breathe+1","Hololive_ManjiGathering+1"],"picked":"SKIP","floor":47},{"not_picked":["Hololive_CallNatsuiroMatsuri+1","Hololive_CallYozoraMel+1","Hololive_Rebound+1","Hololive_CallAkaiHaato"],"picked":"Hololive_FlyingPonyTail+1","floor":48}],"player_experience":220520,"relics_obtained":[{"floor":9,"key":"Whetstone"},{"floor":10,"key":"Letter Opener"},{"floor":26,"key":"Question Card"},{"floor":28,"key":"HollowMod:StagPassRelic"},{"floor":29,"key":"Pantograph"},{"floor":40,"key":"Dream Catcher"},{"floor":47,"key":"Shuriken"}],"event_choices":[{"damage_healed":0,"gold_gain":0,"player_choice":"Entered Light","damage_taken":7,"max_hp_gain":0,"max_hp_loss":0,"event_name":"Shining Light","floor":7,"gold_loss":0,"cards_upgraded":["Hololive_CallOkamiMio","Hololive_Defend"]},{"damage_healed":0,"gold_gain":0,"player_choice":"Left Gold","damage_taken":0,"max_hp_gain":0,"max_hp_loss":0,"event_name":"World of Goop","floor":11,"gold_loss":41},{"damage_healed":0,"gold_gain":99,"player_choice":"Stole From Cult","damage_taken":0,"max_hp_gain":0,"max_hp_loss":0,"event_name":"Nest","floor":20,"gold_loss":0},{"damage_healed":0,"gold_gain":0,"player_choice":"Got Potions","damage_taken":0,"max_hp_gain":0,"max_hp_loss":0,"event_name":"Lab","floor":39,"gold_loss":0}],"is_beta":false,"boss_relics":[{"not_picked":["Fusion Hammer","SacredBark"],"picked":"Tiny House"},{"not_picked":["Velvet Choker","Hololive_ChaosS"],"picked":"Sozu"}],"items_purged_floors":[],"is_endless":false,"potions_floor_spawned":[3,5,10,16,18,21,31,33,38,44,46,48],"ascension_level":0}}