{"host":"xcuflocadasoaqda","time":1608408775,"event":{"mods":["BaseMod","Bestiary","Filter the Spire","Minty Spire (QoL Compilation)","Relic Stats"],"gold_per_floor":[118,137,148,162,9,9,38,68,122,137,152,183,183,255,255,326,326,340,350,275,275,286,286,315,315,341,376,376,3,14,41,41,118,118,137,186,186,203,43,43,73,84,111,145,145,155,155,169,169,169,169,169,169,1,27,27],"floor_reached":57,"playtime":3357,"items_purged":["Perfected Strike"],"score":3060,"play_id":"6a563d3f-f0fe-4c0c-a499-9c8347176213","local_time":"20201219141255","is_ascension_mode":true,"campfire_choices":[{"data":"Whirlwind","floor":6.0,"key":"SMITH"},{"data":"Demon Form","floor":15.0,"key":"SMITH"},{"floor":23.0,"key":"REST"},{"data":"True Grit","floor":28.0,"key":"SMITH"},{"data":"Evolve","floor":32.0,"key":"SMITH"},{"data":"Armaments","floor":40.0,"key":"SMITH"},{"floor":45.0,"key":"RECALL"},{"floor":49,"key":"REST"},{"floor":53,"key":"REST"}],"circlet_count":0,"master_deck":["AscendersBane","Bash","Flex","Reckless Charge","Reckless Charge","Ghostly Armor","Flame Barrier","Demon Form+1","Bloodletting","Heavy Blade","Shrug It Off","Whirlwind+1","Evolve+1","Limit Break","Ghostly Armor","Corruption","Shockwave","Armaments+1","True Grit+1","Ghostly","Ghostly","Ghostly","Dark Embrace","Flame Barrier","True Grit","Limit Break","Battle Trance","Ghostly","Shrug It Off+1","Decay","Shrug It Off","Armaments+1","Impervious"],"relics":["Pandora\u0027s Box","Odd Mushroom","White Beast Statue","Happy Flower","Vajra","Bag of Marbles","Mark of Pain","Tiny Chest","Art of War","Ancient Tea Set","PreservedInsect","Ornamental Fan","Cursed Key","Magic Flower","DollysMirror","Pear","Blood Vial","Strange Spoon","Bag of Preparation"],"acts_visited":["Exordium","TheCity","TheBeyond","TheEnding"],"potions_floor_usage":[48,55,56],"damage_taken":[{"damage":0.0,"enemies":"Cultist","floor":1.0,"turns":3.0},{"damage":2.0,"enemies":"Small Slimes","floor":2.0,"turns":3.0},{"damage":3.0,"enemies":"2 Louse","floor":3.0,"turns":2.0},{"damage":6.0,"enemies":"Looter","floor":4.0,"turns":2.0},{"damage":0.0,"enemies":"The Mushroom Lair","floor":7.0,"turns":2.0},{"damage":4.0,"enemies":"Gremlin Nob","floor":8.0,"turns":3.0},{"damage":11.0,"enemies":"Exordium Thugs","floor":10.0,"turns":4.0},{"damage":6.0,"enemies":"Red Slaver","floor":11.0,"turns":3.0},{"damage":23.0,"enemies":"Lagavulin","floor":12.0,"turns":6.0},{"damage":0.0,"enemies":"Slime Boss","floor":16.0,"turns":7.0},{"damage":23.0,"enemies":"2 Thieves","floor":18.0,"turns":3.0},{"damage":16.0,"enemies":"Spheric Guardian","floor":19.0,"turns":4.0},{"damage":5.0,"enemies":"Centurion and Healer","floor":22.0,"turns":5.0},{"damage":0.0,"enemies":"Slavers","floor":24.0,"turns":1.0},{"damage":4.0,"enemies":"Book of Stabbing","floor":27.0,"turns":5.0},{"damage":12.0,"enemies":"Cultist and Chosen","floor":30.0,"turns":3.0},{"damage":3.0,"enemies":"Gremlin Leader","floor":31.0,"turns":3.0},{"damage":15.0,"enemies":"Automaton","floor":33.0,"turns":6.0},{"damage":0.0,"enemies":"Orb Walker","floor":35.0,"turns":4.0},{"damage":0.0,"enemies":"2 Orb Walkers","floor":36.0,"turns":1.0},{"damage":5.0,"enemies":"3 Shapes","floor":38.0,"turns":12.0},{"damage":0.0,"enemies":"Reptomancer","floor":41.0,"turns":2.0},{"damage":12.0,"enemies":"Writhing Mass","floor":42.0,"turns":5.0},{"damage":5.0,"enemies":"Giant Head","floor":44.0,"turns":6.0},{"damage":2.0,"enemies":"Sphere and 2 Shapes","floor":46.0,"turns":4.0},{"damage":26,"enemies":"3 Darklings","floor":48,"turns":6},{"damage":11,"enemies":"Awakened One","floor":50,"turns":7},{"damage":6,"enemies":"Time Eater","floor":51,"turns":6},{"damage":1,"enemies":"Shield and Spear","floor":55,"turns":7},{"damage":13,"enemies":"The Heart","floor":56,"turns":8}],"seed_played":"5335605526021308298","potions_obtained":[{"floor":3.0,"key":"SteroidPotion"},{"floor":7.0,"key":"CultistPotion"},{"floor":8.0,"key":"Ancient Potion"},{"floor":10.0,"key":"AttackPotion"},{"floor":11.0,"key":"Dexterity Potion"},{"floor":12.0,"key":"Ancient Potion"},{"floor":16.0,"key":"PowerPotion"},{"floor":18.0,"key":"Energy Potion"},{"floor":19.0,"key":"EssenceOfSteel"},{"floor":22.0,"key":"Fire Potion"},{"floor":27.0,"key":"ColorlessPotion"},{"floor":30.0,"key":"Swift Potion"},{"floor":31.0,"key":"AttackPotion"},{"floor":33.0,"key":"Energy Potion"},{"floor":35.0,"key":"PowerPotion"},{"floor":36.0,"key":"CultistPotion"},{"floor":38.0,"key":"LiquidMemories"},{"floor":41.0,"key":"EssenceOfSteel"},{"floor":42.0,"key":"EssenceOfSteel"},{"floor":44.0,"key":"EntropicBrew"},{"floor":46.0,"key":"Regen Potion"},{"floor":48,"key":"SneckoOil"},{"floor":55,"key":"Weak Potion"}],"is_trial":false,"path_per_floor":["M","M","M","M","$","R","?","E","T","M","M","E","?","?","R","B",null,"M","M","?","?","M","R","E","?","T","E","R","$","M","E","R","B",null,"M","?","?","M","$","R","E","M","T","E","R","M","T","M","R","B","B",null,"R","$","E","B",null],"character_chosen":"IRONCLAD","items_purchased":["Evolve","Dark Embrace","Flame Barrier","PreservedInsect","True Grit","DollysMirror","Strange Spoon"],"campfire_rested":3,"item_purchase_floors":[5,29,29,29,29,39,54],"current_hp_per_floor":[68,66,63,57,57,57,57,53,53,42,36,13,2,2,2,2,57,34,18,18,18,13,35,35,35,35,31,31,31,19,16,16,1,28,28,28,28,23,23,23,33,21,21,16,16,17,17,16,30,22,19,40,47,47,46,34],"gold":27,"neow_bonus":"BOSS_RELIC","is_daily":false,"chose_seed":false,"campfire_upgraded":5,"win_rate":0.0,"timestamp":1608408775,"path_taken":["M","M","?","M","$","R","?","E","T","M","M","E","?","?","R","BOSS","M","M","?","?","?","R","E","?","T","E","R","$","M","E","R","BOSS","M","?","?","M","$","R","E","M","T","E","R","M","?","M","R","BOSS","BOSS","R","$","E","BOSS"],"items_purchased_type":["Card","Card","Card","Relic","Card","Relic","Relic"],"build_version":"2020-12-13","purchased_purges":1,"victory":true,"max_hp_per_floor":[75,75,75,75,75,75,75,75,75,75,75,75,75,75,75,75,75,75,75,75,75,75,75,75,37,37,37,37,37,37,37,37,37,37,37,37,37,37,37,37,47,47,47,47,47,47,47,47,47,47,47,47,47,47,47,47],"relic_stats":{"Happy Flower":[39],"counters":[30,133],"Magic Flower":[12],"PreservedInsect":313,"Bag of Preparation":[2],"Cursed Key":1,"Blood Vial":13,"Strange Spoon":[20],"Ornamental Fan":[12],"Pandora\u0027s Box":["Flex","Reckless Charge","Reckless Charge","Ghostly Armor","Flame Barrier","Perfected Strike","Demon Form","Body Slam","Bloodletting"],"Tiny Chest":1,"Art of War":[29],"obtain_stats":[{"Pear":41,"Happy Flower":9,"Vajra":12,"Magic Flower":36,"PreservedInsect":29,"Bag of Preparation":55,"Odd Mushroom":7,"Ancient Tea Set":27,"Cursed Key":34,"Burning Blood":0,"White Beast Statue":8,"Blood Vial":44,"Strange Spoon":54,"Ornamental Fan":31,"DollysMirror":39,"Pandora\u0027s Box":0,"Tiny Chest":24,"Mark of Pain":17,"Bag of Marbles":13,"Art of War":26},{"Pear":22,"Happy Flower":6,"Vajra":9,"Magic Flower":20,"PreservedInsect":15,"Bag of Preparation":29,"Odd Mushroom":5,"Ancient Tea Set":15,"Cursed Key":18,"Burning Blood":0,"White Beast Statue":6,"Blood Vial":24,"Strange Spoon":28,"Ornamental Fan":17,"DollysMirror":21,"Pandora\u0027s Box":0,"Tiny Chest":14,"Mark of Pain":10,"Bag of Marbles":9,"Art of War":14},{"Pear":84,"Happy Flower":15,"Vajra":28,"Magic Flower":70,"PreservedInsect":53,"Bag of Preparation":125,"Odd Mushroom":12,"Ancient Tea Set":53,"Cursed Key":65,"Burning Blood":0,"White Beast Statue":15,"Blood Vial":95,"Strange Spoon":118,"Ornamental Fan":59,"DollysMirror":82,"Pandora\u0027s Box":0,"Tiny Chest":48,"Mark of Pain":35,"Bag of Marbles":28,"Art of War":48}]},"card_choices":[{"not_picked":["True Grit","Rage"],"picked":"Heavy Blade","floor":1.0},{"not_picked":["Blood for Blood","Havoc"],"picked":"Shrug It Off","floor":2.0},{"not_picked":["True Grit","Twin Strike"],"picked":"Whirlwind","floor":3.0},{"not_picked":["Fire Breathing","Entrench","Havoc"],"picked":"SKIP","floor":4.0},{"not_picked":["Dropkick","Whirlwind","Rage"],"picked":"SKIP","floor":8.0},{"not_picked":["Dual Wield","Wild Strike"],"picked":"Limit Break","floor":10.0},{"not_picked":["Cleave","Rampage","Reckless Charge"],"picked":"SKIP","floor":11.0},{"not_picked":["Thunderclap","Combust"],"picked":"Ghostly Armor","floor":12.0},{"not_picked":["Double Tap","Fiend Fire"],"picked":"Corruption","floor":16.0},{"not_picked":["Perfected Strike","Inflame"],"picked":"Shockwave","floor":18.0},{"not_picked":["Sword Boomerang","Carnage","Dropkick+1"],"picked":"SKIP","floor":19.0},{"not_picked":["Iron Wave","Clash"],"picked":"Armaments","floor":22.0},{"not_picked":["Inflame","Flex"],"picked":"True Grit","floor":24.0},{"not_picked":["Warcry","Evolve","Twin Strike"],"picked":"SKIP","floor":27.0},{"not_picked":["Headbutt+1","Juggernaut","True Grit"],"picked":"SKIP","floor":30.0},{"not_picked":["Headbutt+1","Juggernaut","True Grit"],"picked":"SKIP","floor":30.0},{"not_picked":["Fire Breathing","Hemokinesis","Rupture"],"picked":"SKIP","floor":31.0},{"not_picked":["Demon Form","Immolate"],"picked":"Limit Break","floor":33.0},{"not_picked":["Heavy Blade","Perfected Strike","Uppercut"],"picked":"SKIP","floor":35.0},{"not_picked":["Heavy Blade","Perfected Strike","Uppercut"],"picked":"SKIP","floor":35.0},{"not_picked":["Clash","Entrench+1"],"picked":"Battle Trance","floor":38.0},{"not_picked":["Havoc","Hemokinesis"],"picked":"Shrug It Off+1","floor":41.0},{"not_picked":["Rage","Body Slam","Corruption"],"picked":"SKIP","floor":42.0},{"not_picked":["Thunderclap","Flex","Juggernaut"],"picked":"SKIP","floor":44.0},{"not_picked":["Hemokinesis+1","Anger"],"picked":"Shrug It Off","floor":46.0},{"not_picked":["True Grit","Perfected Strike+1"],"picked":"Armaments+1","floor":48},{"not_picked":["True Grit","Spot Weakness"],"picked":"Impervious","floor":55}],"player_experience":1758755,"relics_obtained":[{"floor":7.0,"key":"Odd Mushroom"},{"floor":8.0,"key":"White Beast Statue"},{"floor":9.0,"key":"Happy Flower"},{"floor":12.0,"key":"Vajra"},{"floor":24.0,"key":"Tiny Chest"},{"floor":26.0,"key":"Art of War"},{"floor":27.0,"key":"Ancient Tea Set"},{"floor":31.0,"key":"Ornamental Fan"},{"floor":36.0,"key":"Magic Flower"},{"floor":41.0,"key":"Pear"},{"floor":44.0,"key":"Blood Vial"},{"floor":55,"key":"Bag of Preparation"}],"event_choices":[{"damage_healed":0.0,"max_hp_gain":0.0,"max_hp_loss":0.0,"gold_gain":0.0,"event_name":"Mushrooms","player_choice":"Fought Mushrooms","floor":7.0,"gold_loss":0.0,"damage_taken":0.0},{"damage_healed":0.0,"max_hp_gain":0.0,"max_hp_loss":0.0,"gold_gain":0.0,"event_name":"Scrap Ooze","player_choice":"Success","floor":13.0,"gold_loss":0.0,"damage_taken":11.0,"relics_obtained":["Bag of Marbles"]},{"damage_healed":0.0,"max_hp_gain":0.0,"max_hp_loss":0.0,"gold_gain":72.0,"event_name":"Golden Wing","player_choice":"Gained Gold","floor":14.0,"gold_loss":0.0,"damage_taken":0.0},{"cards_removed":["Body Slam"],"damage_healed":0.0,"max_hp_gain":0.0,"max_hp_loss":0.0,"gold_gain":0.0,"event_name":"Beggar","player_choice":"Gave Gold","floor":20.0,"gold_loss":75.0,"damage_taken":0.0},{"damage_healed":0.0,"max_hp_gain":0.0,"max_hp_loss":0.0,"gold_gain":0.0,"event_name":"FaceTrader","player_choice":"Leave","floor":21.0,"gold_loss":0.0,"damage_taken":0.0},{"damage_healed":0.0,"max_hp_gain":0.0,"max_hp_loss":38.0,"gold_gain":0.0,"event_name":"Ghosts","player_choice":"Became a Ghost","floor":25.0,"gold_loss":0.0,"damage_taken":0.0,"cards_obtained":["Ghostly","Ghostly","Ghostly"]},{"damage_healed":0.0,"max_hp_gain":0.0,"max_hp_loss":0.0,"gold_gain":0.0,"event_name":"Mysterious Sphere","player_choice":"Fight","floor":36.0,"gold_loss":0.0,"damage_taken":0.0},{"damage_healed":0.0,"max_hp_gain":0.0,"max_hp_loss":0.0,"gold_gain":0.0,"event_name":"Match and Keep!","player_choice":"0 cards matched","floor":37.0,"gold_loss":0.0,"damage_taken":0.0,"cards_obtained":[]}],"is_beta":false,"boss_relics":[{"not_picked":["Tiny House","Runic Pyramid"],"picked":"Mark of Pain"},{"not_picked":["Busted Crown","Velvet Choker"],"picked":"Cursed Key"}],"items_purged_floors":[5],"is_endless":false,"potions_floor_spawned":[3,7,8,10,11,12,16,18,19,22,24,27,30,31,33,35,36,38,41,42,44,46,48,55],"ascension_level":20}}