{"host":"zhypnm5xlgq8j242","time":1608410139,"event":{"mods":["AchievementEnabler","BaseMod","BetterRewards","Colored Powertips","GungeonMod","Hermit","Keyboard Shortcuts","Minty Spire (QoL Compilation)","Quick Restart","Replay The Spire","Shop Mod","StSLib","The Cursed","The Hierophant","The Jungle","The Runesmith"],"gold_per_floor":[110,121,121,121,143,171,183,216,216,216,10,26,46,58,58,160,160,100,100],"floor_reached":18,"playtime":1153,"items_purged":[],"score":266,"play_id":"2c8a9e84-dd21-471b-8fd0-8477f234e1e6","local_time":"20201220053539","is_ascension_mode":true,"campfire_choices":[{"data":"Accuracy","floor":10,"key":"SMITH"}],"circlet_count":0,"master_deck":["Strike_G+1","Strike_G","Strike_G","Strike_G+1","Defend_G","Defend_G","Defend_G","Defend_G","Defend_G","Survivor","Neutralize","Hidden Blade","ReplayTheSpireMod:Speed Training","ReplayTheSpireMod:Splinters","Poisoned Stab","Doppelganger","Terror","Accuracy+1","Blur","Choke","Replay:Poison Smokescreen","Flying Knee","Acrobatics","PiercingWail","ReplayTheSpireMod:From All Sides"],"relics":["Ring of the Snake","NeowsBlessing","Pondfish Scales","Tiny Chest","Bronze Scales","InkBottle","Membership Card","Honey Jar"],"acts_visited":["Exordium","TheCity"],"potions_floor_usage":[8,16,16],"damage_taken":[{"damage":0,"enemies":"Small Slimes","floor":1,"turns":1},{"damage":0,"enemies":"2 Louse","floor":2,"turns":1},{"damage":0,"enemies":"Lagavulin","floor":6,"turns":1},{"damage":0,"enemies":"Cultist","floor":7,"turns":4},{"damage":16,"enemies":"3 Sentries","floor":8,"turns":13},{"damage":0,"enemies":"Looter","floor":12,"turns":3},{"damage":1,"enemies":"Exordium Thugs","floor":13,"turns":6},{"damage":2,"enemies":"Large Slime","floor":14,"turns":4},{"damage":17,"enemies":"The Guardian","floor":16,"turns":12},{"damage":16,"enemies":"2 Thieves","floor":18,"turns":3}],"seed_played":"6958758116523710490","potions_obtained":[{"floor":2,"key":"Swift Potion"},{"floor":12,"key":"Swift Potion"},{"floor":13,"key":"FearPotion"},{"floor":14,"key":"ColorlessPotion"}],"is_trial":false,"path_per_floor":["M","M","?","?","?","E","M","E","T","R","$","M","M","M","R","B",null,"M"],"character_chosen":"THE_SILENT","items_purchased":["Membership Card","Blur","Choke"],"campfire_rested":0,"item_purchase_floors":[11,11,11],"current_hp_per_floor":[63,63,49,54,54,54,54,38,38,38,38,38,37,35,35,18,61,45,45],"gold":100,"neow_bonus":"THREE_ENEMY_KILL","is_daily":false,"chose_seed":false,"campfire_upgraded":1,"win_rate":0.0,"timestamp":1608410139,"path_taken":["M","M","?","?","?","E","M","E","T","R","$","M","M","M","R","BOSS","M"],"items_purchased_type":["Relic","Card","Card"],"build_version":"2020-12-13","purchased_purges":0,"victory":false,"max_hp_per_floor":[70,70,70,75,75,75,75,75,75,75,75,75,75,75,75,75,75,75,75],"card_choices":[{"not_picked":["Bane","Toxin Wave"],"picked":"Hidden Blade","floor":1},{"not_picked":["Prepared","Slice"],"picked":"ReplayTheSpireMod:Speed Training","floor":2},{"not_picked":["Acrobatics","Heel Hook"],"picked":"Poisoned Stab","floor":5},{"not_picked":["Reflex","Dagger Spray"],"picked":"Doppelganger","floor":6},{"not_picked":["Predator","Endless Agony"],"picked":"Terror","floor":7},{"not_picked":["Poisoned Stab","Skewer"],"picked":"Accuracy","floor":8},{"not_picked":["Masterful Stab","Underhanded Strike"],"picked":"Replay:Poison Smokescreen","floor":12},{"not_picked":["Tactician","Dagger Spray"],"picked":"Flying Knee","floor":13},{"not_picked":["Flying Knee","Quick Slash"],"picked":"Acrobatics","floor":14},{"not_picked":["Venomology","A Thousand Cuts"],"picked":"ReplayTheSpireMod:From All Sides","floor":16}],"player_experience":610439,"relics_obtained":[{"floor":5,"key":"Pondfish Scales"},{"floor":6,"key":"Tiny Chest"},{"floor":8,"key":"Bronze Scales"},{"floor":9,"key":"InkBottle"}],"event_choices":[{"damage_healed":0,"gold_gain":0,"player_choice":"Entered Light","damage_taken":14,"max_hp_gain":0,"max_hp_loss":0,"event_name":"Shining Light","floor":3,"gold_loss":0,"cards_upgraded":["Strike_G","Strike_G"]},{"damage_healed":0,"gold_gain":0,"player_choice":"Donut","damage_taken":0,"max_hp_gain":5,"max_hp_loss":0,"event_name":"Big Fish","floor":4,"gold_loss":0}],"is_beta":false,"boss_relics":[{"not_picked":["Empty Cage","Coffee Dripper"],"picked":"Honey Jar"}],"items_purged_floors":[],"is_endless":false,"potions_floor_spawned":[2,12,13,14],"killed_by":"2 Thieves","ascension_level":7}}