{"host":"dntw6kil9p09eemm","time":1608420637,"event":{"mods":["AchievementEnabler","BaseMod","Become a monster €›?Œ÷","Colored Powertips","Minty Spire (QoL Compilation)","Permanent Neow","Shop Mod","StSLib","Waifu the Spire"],"gold_per_floor":[99,115,125,145,158,158,158,189,212,224,252,264,296,321,124,124,223,223,241,258,258,273,124,124,134,134,134,134,149,164,164,65,65,168,168,187,187,205,218,82,82,101,101,101],"floor_reached":43,"playtime":1596,"items_purged":["Defend_B","Defend_B","Defend_B","Defend_B"],"score":461,"play_id":"740ea382-791e-4fdb-bdcd-323cd36e38e3","local_time":"20201220083037","is_ascension_mode":false,"campfire_choices":[{"floor":7,"key":"RECALL"},{"floor":12,"key":"REST"},{"floor":16,"key":"REST"},{"floor":24,"key":"REST"},{"floor":26,"key":"REST"},{"data":"Zap","floor":33,"key":"SMITH"},{"floor":41,"key":"REST"}],"circlet_count":0,"master_deck":["Zap+1","Dualcast","Ball Lightning","Static Discharge","Steam Power","Hologram","Rebound","Hologram","Beam Cell","Beam Cell","Sunder","Thunder Strike","Conserve Battery","Double Energy","Bite","Bite","Bite","Bite","Turbo","Redo+1","Ball Lightning","Ball Lightning","Defragment","Core Surge","Barrage","Conserve Battery+1","Conserve Battery","Defragment","Loop+1"],"relics":["Cracked Core","MerchantsRug","Black Star","Membership Card","HornCleat"],"acts_visited":["Exordium","TheCity","TheBeyond"],"potions_floor_usage":[8,8,9,25,29,34,42],"damage_taken":[{"damage":0,"enemies":"3 Shapes","floor":2,"turns":1},{"damage":0,"enemies":"Cultist","floor":3,"turns":3},{"damage":12,"enemies":"Small Slimes","floor":4,"turns":3},{"damage":15,"enemies":"3 Louse","floor":5,"turns":3},{"damage":23,"enemies":"3 Sentries","floor":8,"turns":5},{"damage":5,"enemies":"Looter","floor":9,"turns":3},{"damage":7,"enemies":"Blue Slaver","floor":11,"turns":4},{"damage":6,"enemies":"Large Slime","floor":13,"turns":4},{"damage":7,"enemies":"3 Louse","floor":14,"turns":3},{"damage":30,"enemies":"The Guardian","floor":17,"turns":7},{"damage":38,"enemies":"3 Byrds","floor":19,"turns":4},{"damage":10,"enemies":"Spheric Guardian","floor":20,"turns":4},{"damage":10,"enemies":"Snecko","floor":22,"turns":3},{"damage":19,"enemies":"Shelled Parasite and Fungi","floor":25,"turns":3},{"damage":5,"enemies":"Centurion and Healer","floor":29,"turns":3},{"damage":16,"enemies":"Snake Plant","floor":30,"turns":4},{"damage":93,"enemies":"Collector","floor":34,"turns":8},{"damage":6,"enemies":"3 Shapes","floor":36,"turns":4},{"damage":3,"enemies":"Orb Walker","floor":38,"turns":3},{"damage":49,"enemies":"Maw","floor":39,"turns":8},{"damage":37,"enemies":"Sphere and 2 Shapes","floor":42,"turns":4},{"damage":18,"enemies":"Spire Growth","floor":43,"turns":2}],"seed_played":"2196969781038422868","potions_obtained":[{"floor":3,"key":"Block Potion"},{"floor":5,"key":"LiquidBronze"},{"floor":6,"key":"Explosive Potion"},{"floor":8,"key":"CultistPotion"},{"floor":13,"key":"SteroidPotion"},{"floor":17,"key":"Fire Potion"},{"floor":22,"key":"SteroidPotion"},{"floor":25,"key":"FearPotion"},{"floor":30,"key":"FocusPotion"},{"floor":36,"key":"Strength Potion"},{"floor":39,"key":"Energy Potion"}],"is_trial":false,"path_per_floor":["M","M","M","M","M","?","R","E","M","T","M","R","M","M","$","R","B",null,"M","M","?","M","$","R","M","R","T","?","M","M","?","$","R","B",null,"M","?","M","M","$","R","M","M"],"character_chosen":"DEFECT","items_purchased":["MerchantsRug","Sunder","Membership Card","Defragment","Conserve Battery","Defragment"],"campfire_rested":5,"item_purchase_floors":[15,15,23,32,40,40],"current_hp_per_floor":[75,75,75,63,48,48,48,25,20,20,13,35,29,22,22,44,14,75,37,27,27,23,23,38,25,40,40,40,43,39,52,52,52,15,52,50,50,49,9,9,24,11,0,0],"gold":101,"neow_bonus":"REMOVE_CARD","is_daily":false,"chose_seed":false,"campfire_upgraded":1,"win_rate":0.0,"timestamp":1608420637,"path_taken":["M","M","M","M","?","R","E","M","T","M","R","?","M","$","R","BOSS","M","M","?","M","$","R","M","R","T","?","M","M","?","$","R","BOSS","M","?","M","M","$","R","M","M"],"items_purchased_type":["Relic","Card","Relic","Card","Card","Card"],"build_version":"2020-12-13","purchased_purges":4,"victory":false,"max_hp_per_floor":[75,75,75,75,75,75,75,75,75,75,75,75,75,75,75,75,75,75,75,75,52,52,52,52,52,52,52,52,52,52,52,52,52,52,52,52,52,52,52,52,52,52,52,52],"card_choices":[{"not_picked":["Conserve Battery","Hologram"],"picked":"Ball Lightning","floor":2},{"not_picked":["Steam","Glacier"],"picked":"Static Discharge","floor":3},{"not_picked":["Coolheaded","Reinforced Body"],"picked":"Steam Power","floor":4},{"not_picked":["Consume","Tempest"],"picked":"Hologram","floor":5},{"not_picked":["Cold Snap","White Noise"],"picked":"Rebound","floor":8},{"not_picked":["Go for the Eyes","Force Field"],"picked":"Hologram","floor":9},{"not_picked":["Glacier","Darkness"],"picked":"Beam Cell","floor":11},{"not_picked":["Steam","Rebound"],"picked":"Beam Cell","floor":13},{"not_picked":["Chill","Recycle","Cold Snap"],"picked":"SKIP","floor":14},{"not_picked":["Fission","Rainbow"],"picked":"Thunder Strike","floor":17},{"not_picked":["Chill","Sunder"],"picked":"Conserve Battery","floor":19},{"not_picked":["Beam Cell+1","Cold Snap"],"picked":"Double Energy","floor":20},{"not_picked":["Streamline","Compile Driver+1"],"picked":"Turbo","floor":22},{"not_picked":["Sweeping Beam","Barrage"],"picked":"Redo+1","floor":25},{"not_picked":["Loop","Heatsinks+1"],"picked":"Ball Lightning","floor":29},{"not_picked":["Go for the Eyes","Rainbow"],"picked":"Ball Lightning","floor":30},{"not_picked":["Rainbow","Machine Learning"],"picked":"Core Surge","floor":34},{"not_picked":["Compile Driver+1","Go for the Eyes+1","Tempest"],"picked":"SKIP","floor":36},{"not_picked":["Cold Snap+1","Self Repair+1"],"picked":"Barrage","floor":38},{"not_picked":["Recycle+1","Go for the Eyes+1"],"picked":"Conserve Battery+1","floor":39},{"not_picked":["Tempest+1","Hologram+1"],"picked":"Loop+1","floor":42}],"player_experience":145085,"relics_obtained":[{"floor":8,"key":"MawBank"},{"floor":27,"key":"HornCleat"}],"event_choices":[{"damage_healed":0,"gold_gain":0,"player_choice":"Got Potions","damage_taken":0,"max_hp_gain":0,"max_hp_loss":0,"event_name":"Lab","floor":6,"gold_loss":0},{"damage_healed":0,"gold_gain":0,"player_choice":"Became a vampire","damage_taken":0,"max_hp_gain":0,"max_hp_loss":23,"event_name":"Vampires","floor":21,"gold_loss":0,"cards_obtained":["Bite","Bite","Bite","Bite","Bite"]},{"damage_healed":0,"gold_gain":0,"player_choice":"Ignored","damage_taken":0,"max_hp_gain":0,"max_hp_loss":0,"event_name":"Ghosts","floor":28,"gold_loss":0},{"damage_healed":17,"gold_gain":0,"player_choice":"Heal","damage_taken":0,"max_hp_gain":0,"max_hp_loss":0,"event_name":"The Library","floor":31,"gold_loss":0},{"cards_removed":["Bite"],"damage_healed":0,"gold_gain":0,"player_choice":"Removed Attack","damage_taken":0,"max_hp_gain":0,"max_hp_loss":0,"event_name":"Falling","floor":37,"gold_loss":0}],"is_beta":false,"boss_relics":[{"not_picked":["Astrolabe","SacredBark"],"picked":"Black Star"},{"not_picked":["Coffee Dripper","Snecko Eye","Cursed Key"]}],"items_purged_floors":[15,23,32,40],"is_endless":false,"potions_floor_spawned":[3,5,8,13,17,22,25,30,36,39],"killed_by":"Spire Growth","ascension_level":0}}