{"host":"e1hsr9gtjq2d74pi","time":1608338720,"event":{"mods":["Act Like it!","BaseMod","Beaked The Cultist","BetterRewards","Clockwork Mod","Conspire","Downfall","Hermit","Hero for Fun","Hubris","Marisa????????","Minty Spire (QoL Compilation)","Shop Mod","Spicy Shops","StSLib","The Animator","The Construct","The Cursed","The Servant 0.9.4","UnlockEverythingMod"],"gold_per_floor":[113,3,3,23,23,23,59,59,86,161,179,179,1,15,15,145,145,159,174,174,190,214,214,255,255,281,281,281,281],"floor_reached":28,"playtime":814,"items_purged":["construct:DefenseMode","Regret"],"score":236,"play_id":"1ce3cec1-0ae4-4146-927c-95ea513df7e2","local_time":"20201218164520","is_ascension_mode":false,"campfire_choices":[{"data":"construct:PowerUp","floor":6.0,"key":"SMITH"},{"data":"construct:PowerUp+1","floor":8.0,"key":"SMITH"},{"data":"construct:AttackMode+1","floor":12.0,"key":"SMITH"},{"floor":15.0,"key":"REST"},{"data":"construct:HammerDown+1","floor":23.0,"key":"SMITH"},{"floor":27,"key":"REST"}],"circlet_count":0,"master_deck":["construct:Strike_Gold","construct:Strike_Gold","construct:Strike_Gold","construct:Strike_Gold","construct:Strike_Gold","construct:Defend_Gold","construct:Defend_Gold","construct:Defend_Gold","construct:Defend_Gold","construct:Defend_Gold","construct:AttackMode+2","construct:ShiftStrike","construct:PowerUp+2","construct:HammerDown+2","Decay"],"relics":["construct:ClockworkPhoenix","Molten Egg 2","Golden Idol","hubris:TenFootPole","Bronze Scales","Cursed Key","hubris:TinFlute","hubris:Towel","construct:MasterCore"],"acts_visited":["Exordium","TheCity"],"potions_floor_usage":[24,24],"damage_taken":[{"damage":0.0,"enemies":"Cultist","floor":1.0,"turns":2.0},{"damage":0.0,"enemies":"hubris:Merchant","floor":2.0,"turns":1.0},{"damage":6.0,"enemies":"Jaw Worm","floor":4.0,"turns":3.0},{"damage":20.0,"enemies":"Lagavulin","floor":7.0,"turns":4.0},{"damage":7.0,"enemies":"Small Slimes","floor":11.0,"turns":3.0},{"damage":12.0,"enemies":"Exordium Thugs","floor":14.0,"turns":3.0},{"damage":37.0,"enemies":"The Guardian","floor":16.0,"turns":6.0},{"damage":51.0,"enemies":"conspire:FuzzyDice","floor":18.0,"turns":4.0},{"damage":0.0,"enemies":"Chosen","floor":19.0,"turns":3.0},{"damage":9.0,"enemies":"Snake Plant","floor":21.0,"turns":3.0},{"damage":15.0,"enemies":"Snecko","floor":22.0,"turns":3.0},{"damage":6,"enemies":"Gremlin Leader","floor":24,"turns":5},{"damage":47,"enemies":"Book of Stabbing","floor":28,"turns":3}],"seed_played":"-1340722079486268083","potions_obtained":[{"floor":7.0,"key":"Ancient Potion"},{"floor":14.0,"key":"SpeedPotion"},{"floor":19.0,"key":"Fruit Juice"},{"floor":22.0,"key":"SpeedPotion"}],"is_trial":false,"path_per_floor":["M","$","?","M","?","R","E","R","T","?","M","R","$","M","R","B",null,"M","M","?","M","M","R","E","?","T","R","E"],"character_chosen":"THE_CONSTRUCT_MOD","items_purchased":["construct:PowerUp","Bronze Scales"],"campfire_rested":2,"item_purchase_floors":[2,13],"current_hp_per_floor":[85,85,85,79,58,58,38,38,38,34,27,27,27,15,40,3,85,34,39,39,30,15,15,9,9,9,36,0,0],"gold":281,"neow_bonus":"UPGRADE_CARD","is_daily":false,"chose_seed":false,"campfire_upgraded":4,"win_rate":0.0,"timestamp":1608338720,"path_taken":["M","$","?","M","?","R","E","R","T","?","M","R","$","?","R","BOSS","M","M","?","M","M","R","E","?","T","R","E"],"items_purchased_type":["Card","Relic"],"build_version":"2020-12-13","purchased_purges":2,"victory":false,"max_hp_per_floor":[85,85,85,85,85,85,85,85,85,85,85,85,85,85,85,85,85,85,90,90,90,90,90,90,90,90,90,90,90],"card_choices":[{"not_picked":["construct:ReactiveShield","construct:OilSpill"],"picked":"construct:ShiftStrike","floor":1.0},{"not_picked":["construct:Boost+1","construct:Stasis","construct:CriticalHit+1"],"picked":"SKIP","floor":4.0},{"not_picked":["construct:UnbalancingBlast+1","construct:CreateCores"],"picked":"construct:HammerDown+1","floor":7.0},{"not_picked":["construct:PowerUp+1","construct:BlazingSpeed+1","construct:FlameCore"],"picked":"SKIP","floor":11.0},{"not_picked":["construct:ScrapCannon+1","construct:Anticipate","construct:PowerUp+1"],"picked":"SKIP","floor":14.0},{"not_picked":["construct:Construct_Overclock","construct:Analyze","construct:FlameCore"],"picked":"SKIP","floor":18.0},{"not_picked":["construct:Agitation+1","construct:Stasis","construct:Boost+1"],"picked":"SKIP","floor":19.0},{"not_picked":["construct:NuclearCore","construct:Analyze","construct:CreateCores"],"picked":"SKIP","floor":21.0},{"not_picked":["construct:CriticalHit+1","construct:Forcefield","construct:Reinforce+1"],"picked":"SKIP","floor":22.0},{"not_picked":["construct:ElectricArmor","construct:Analyze","construct:Stasis"],"picked":"SKIP","floor":24}],"player_experience":446543,"relics_obtained":[{"floor":7.0,"key":"hubris:TenFootPole"},{"floor":24,"key":"hubris:TinFlute"},{"floor":26,"key":"construct:MasterCore"}],"event_choices":[{"damage_healed":0.0,"max_hp_gain":0.0,"max_hp_loss":0.0,"gold_gain":0.0,"event_name":"Big Fish","player_choice":"Box","floor":3.0,"gold_loss":0.0,"damage_taken":0.0,"relics_obtained":["Molten Egg 2"],"cards_obtained":["Regret"]},{"damage_healed":0.0,"max_hp_gain":0.0,"max_hp_loss":0.0,"gold_gain":0.0,"event_name":"Golden Idol","player_choice":"Take Damage","floor":5.0,"gold_loss":0.0,"damage_taken":21.0,"relics_obtained":["Golden Idol"]},{"damage_healed":0.0,"max_hp_gain":0.0,"max_hp_loss":0.0,"gold_gain":75.0,"event_name":"FaceTrader","player_choice":"Touch","floor":10.0,"gold_loss":0.0,"damage_taken":8.0}],"is_beta":false,"boss_relics":[{"not_picked":["conspire:SpecialSausage","hubris:RunicObelisk"],"picked":"Cursed Key"}],"items_purged_floors":[2,13],"is_endless":false,"potions_floor_spawned":[7,14,19,22],"killed_by":"Book of Stabbing","ascension_level":0}}