{"host":"mmqs5ul2bvb60kyc","time":1608337779,"event":{"mods":["BaseMod","Downfall","Minty Spire (QoL Compilation)","StSLib"],"gold_per_floor":[99,99,133,133,151,183,183,33,208,233,233,244,16,29,46,145,145,70,85,85,85,102,102,174,188,213,213,231,39,54,73,84,184,184,184,200,200,211,211,238,238,238,288,314,334,121,134,147,157,157,157,192,67,67,67],"floor_reached":56,"playtime":4870,"items_purged":["Doubt","Guardian:Strike_Guardian","Guardian:Strike_Guardian"],"score":1299,"play_id":"bebd6f71-6e3c-404f-93c2-6c3f7429e807","local_time":"20201219082939","is_ascension_mode":false,"campfire_choices":[{"floor":1.0,"key":"RECALL"},{"data":"Guardian:MultiBeam","floor":8.0,"key":"SMITH"},{"data":"Guardian:BaubleBeam","floor":18.0,"key":"SMITH"},{"data":"Guardian:Orbwalk","floor":23.0,"key":"SMITH"},{"data":"Guardian:Suspension","floor":27.0,"key":"SMITH"},{"data":"Guardian:SentryBeam","floor":35.0,"key":"SMITH"},{"data":"Guardian:EvasiveProtocol","floor":39.0,"key":"SMITH"},{"data":"Guardian:TimeCapacitor","floor":42.0,"key":"SMITH"},{"data":"Guardian:StasisField","floor":54,"key":"SMITH"}],"circlet_count":0,"master_deck":["Guardian:Defend_Guardian","Guardian:Defend_Guardian","Guardian:Defend_Guardian","Guardian:Defend_Guardian","Guardian:CurlUp","Guardian:TwinSlam","Guardian:MultiBeam+1","Guardian:RevengeProtocol","Guardian:ChargeCore","Guardian:Orbwalk+1","Guardian:Planning","Guardian:BronzeArmor","Guardian:StasisField+1","Guardian:Suspension+1","expansioncontent:HyperBeam","Guardian:ArmoredProtocol","Guardian:TimeCapacitor+1","Guardian:Reroute","Guardian:BaubleBeam+1","Pain","Guardian:PiercingHide","Guardian:DecasProtection+1","Guardian:SentryBeam+1","Guardian:ChargeCore+1","Guardian:CrystalBeam+1","Guardian:ExploitGems","Guardian:Suspension+1","Guardian:EvasiveProtocol+1","Guardian:ShieldCharger","Guardian:ShieldCharger+1","Guardian:TimeCapacitor","Guardian:PolyBeam","Guardian:Reroute+1","Guardian:FloatingOrbs","Guardian:Planning","Guardian:TimeSifter"],"relics":["Guardian:ModeShifter","downfall:HeartsMalice","Pantograph","Blue Candle","downfall:HeartBlessingRed","downfall:HeartBlessingBlue","Bird Faced Urn","Runic Pyramid","downfall:HeartBlessingGreen","WarpedTongs","InkBottle","Toy Ornithopter","Philosopher\u0027s Stone","Mummified Hand","Eternal Feather","Gambling Chip","Darkstone Periapt","Lantern","Toolbox","Du-Vu Doll"],"acts_visited":["Exordium","TheCity","TheBeyond","TheEnding"],"potions_floor_usage":[46,55],"damage_taken":[{"damage":0.0,"enemies":"Small Slimes","floor":2.0,"turns":1.0},{"damage":0.0,"enemies":"Gremlin Nob","floor":3.0,"turns":1.0},{"damage":0.0,"enemies":"Jaw Worm","floor":4.0,"turns":1.0},{"damage":0.0,"enemies":"Cultist","floor":5.0,"turns":3.0},{"damage":25.0,"enemies":"3 Sentries","floor":6.0,"turns":6.0},{"damage":21.0,"enemies":"Lagavulin","floor":10.0,"turns":6.0},{"damage":0.0,"enemies":"2 Fungi Beasts","floor":12.0,"turns":2.0},{"damage":1.0,"enemies":"downfall:FleeingMerchant","floor":13.0,"turns":4.0},{"damage":0.0,"enemies":"Lots of Slimes","floor":14.0,"turns":1.0},{"damage":7.0,"enemies":"Large Slime","floor":15.0,"turns":5.0},{"damage":13.0,"enemies":"downfall:Ironclad","floor":16.0,"turns":8.0},{"damage":2.0,"enemies":"Spheric Guardian","floor":19.0,"turns":5.0},{"damage":0.0,"enemies":"3 Byrds","floor":22.0,"turns":3.0},{"damage":13.0,"enemies":"Snake Plant","floor":25.0,"turns":4.0},{"damage":16.0,"enemies":"Slavers","floor":26.0,"turns":6.0},{"damage":4.0,"enemies":"Centurion and Healer","floor":28.0,"turns":6.0},{"damage":1.0,"enemies":"downfall:FleeingMerchant","floor":29.0,"turns":4.0},{"damage":1.0,"enemies":"Sentry and Sphere","floor":30.0,"turns":5.0},{"damage":2.0,"enemies":"Snecko","floor":31.0,"turns":5.0},{"damage":4.0,"enemies":"Centurion and Healer","floor":32.0,"turns":5.0},{"damage":5.0,"enemies":"downfall:Watcher","floor":33.0,"turns":8.0},{"damage":10.0,"enemies":"3 Darklings","floor":36.0,"turns":4.0},{"damage":2.0,"enemies":"Orb Walker","floor":38.0,"turns":3.0},{"damage":1.0,"enemies":"Giant Head","floor":40.0,"turns":9.0},{"damage":1.0,"enemies":"Mind Bloom Boss Battle","floor":43.0,"turns":7.0},{"damage":8.0,"enemies":"Nemesis","floor":44.0,"turns":7.0},{"damage":5.0,"enemies":"Jaw Worm Horde","floor":45.0,"turns":4.0},{"damage":1,"enemies":"downfall:FleeingMerchant","floor":46,"turns":4},{"damage":0,"enemies":"Sphere and 2 Shapes","floor":47,"turns":3},{"damage":15,"enemies":"4 Shapes","floor":48,"turns":3},{"damage":0,"enemies":"Maw","floor":49,"turns":5},{"damage":4,"enemies":"downfall:Defect","floor":50,"turns":6},{"damage":30,"enemies":"downfall:CharBossMerchant","floor":52,"turns":9},{"damage":27,"enemies":"downfall:NeowBoss","floor":55,"turns":16}],"seed_played":"282488638830952991","potions_obtained":[{"floor":6.0,"key":"Ancient Potion"},{"floor":10.0,"key":"DuplicationPotion"},{"floor":12.0,"key":"PowerPotion"},{"floor":25.0,"key":"ColorlessPotion"},{"floor":28.0,"key":"Weak Potion"},{"floor":31.0,"key":"PowerPotion"},{"floor":36.0,"key":"Fruit Juice"},{"floor":40.0,"key":"Ancient Potion"},{"floor":47,"key":"BlessingOfTheForge"},{"floor":49,"key":"hexamod:EctoCoolerPotion"}],"is_trial":false,"path_per_floor":["R","M","E","M","M","E","T","R","?","E","?","M","$","M","M","B",null,"R","M","?","?","M","R","T","M","E","R","M","$","M","M","M","B",null,"R","M","?","M","R","E","T","R","?","E","M","$","M","M","M","B",null,"E","$","R","B",null],"character_chosen":"GUARDIAN","items_purchased":["Guardian:Gem_Synthetic","Guardian:Gem_Orange","Guardian:SentryBeam","Guardian:TimeCapacitor","Lantern","Toolbox","Guardian:PolyBeam"],"campfire_rested":0,"item_purchase_floors":[13,29,29,46,46,46,46],"current_hp_per_floor":[80,80,80,80,80,55,55,65,65,44,44,44,45,45,46,68,90,90,90,90,90,90,90,90,81,73,73,75,80,85,89,89,90,90,90,94,94,94,94,95,95,95,95,95,95,95,95,82,95,95,95,66,66,87,74],"gold":67,"neow_bonus":"THREE_ENEMY_KILL","is_daily":false,"chose_seed":false,"campfire_upgraded":8,"win_rate":0.0,"timestamp":1608337779,"path_taken":["R","M","E","M","M","E","T","R","?","E","?","M","$","M","M","BOSS","R","M","?","?","M","R","T","M","E","R","M","$","?","M","M","BOSS","R","M","?","M","R","E","T","R","?","E","M","$","M","M","M","BOSS","E","$","R","BOSS"],"items_purchased_type":["Card","Card","Card","Card","Relic","Relic","Card"],"build_version":"2020-12-13","purchased_purges":3,"victory":true,"max_hp_per_floor":[80,80,80,80,80,80,80,90,90,90,90,90,90,90,90,90,90,90,90,90,90,90,90,90,90,90,90,90,90,90,90,90,90,90,90,95,95,95,95,95,95,95,95,95,95,95,95,95,95,95,95,95,95,95,95],"card_choices":[{"not_picked":["Guardian:ChargeCore","Guardian:ShieldCharger"],"picked":"Guardian:MultiBeam","floor":2.0},{"not_picked":["Guardian:Reroute","Guardian:Gem_Fragmented"],"picked":"Guardian:RevengeProtocol","floor":3.0},{"not_picked":["Guardian:Reroute","Guardian:Gem_Lightblue"],"picked":"Guardian:ChargeCore","floor":4.0},{"not_picked":["Guardian:PiercingHide","Guardian:PrimingBeam"],"picked":"Guardian:Orbwalk","floor":5.0},{"not_picked":["Guardian:ChargeCore","Guardian:PrimingBeam"],"picked":"Guardian:Planning","floor":6.0},{"not_picked":["Guardian:Emergency","Guardian:RevengeProtocol"],"picked":"Guardian:BronzeArmor","floor":10.0},{"not_picked":["Guardian:Reroute","Guardian:Gem_Cyan"],"picked":"Guardian:Gem_Purple","floor":12.0},{"not_picked":["Guardian:RollAttack","Guardian:Recover"],"picked":"Guardian:TimeCapacitor","floor":13.0},{"not_picked":["Guardian:RefractedBeam","Guardian:ShieldSpikes"],"picked":"Guardian:Gem_Cyan","floor":14.0},{"not_picked":["Guardian:Gem_Red","Guardian:TimeBomb"],"picked":"Guardian:Reroute","floor":15.0},{"not_picked":["Guardian:FastForward","Guardian:AncientConstruct"],"picked":"Guardian:BaubleBeam","floor":16.0},{"not_picked":["Guardian:PiercingHide","Guardian:ChargeCore"],"picked":"Guardian:Gem_Blue","floor":19.0},{"not_picked":["Guardian:Preprogram","Guardian:VentSteam"],"picked":"Guardian:PiercingHide","floor":22.0},{"not_picked":["Guardian:BronzeArmor","Guardian:ShieldCharger"],"picked":"Guardian:Gem_White","floor":25.0},{"not_picked":["Guardian:Suspension+1","Guardian:WalkerClaw+1"],"picked":"Guardian:Gem_White","floor":26.0},{"not_picked":["Guardian:FloatingOrbs","Guardian:TemporalStrike"],"picked":"Guardian:DecasProtection+1","floor":28.0},{"not_picked":["Guardian:DecasProtection","Guardian:PiercingHide"],"picked":"Guardian:ExploitGems","floor":29.0},{"not_picked":["Guardian:DecasProtection","Guardian:PiercingHide"],"picked":"Guardian:ChargeCore+1","floor":30.0},{"not_picked":["Guardian:VentSteam","Guardian:PrimingBeam","Guardian:Reroute"],"picked":"SKIP","floor":31.0},{"not_picked":["Guardian:MultiBeam","Guardian:PrimingBeam"],"picked":"Guardian:CrystalBeam+1","floor":32.0},{"not_picked":["Guardian:HyperBeam_Guardian","Guardian:RevengeProtocol"],"picked":"Guardian:ExploitGems","floor":33.0},{"not_picked":["Guardian:RollAttack","Guardian:Gem_Blue"],"picked":"Guardian:Suspension+1","floor":36.0},{"not_picked":["Guardian:Gem_Lightblue","Guardian:Planning"],"picked":"Guardian:EvasiveProtocol","floor":38.0},{"not_picked":["Guardian:PolyBeam+1","Guardian:TemporalShield"],"picked":"Guardian:Gem_Synthetic","floor":40.0},{"not_picked":["Guardian:PrismaticBarrier+1","Guardian:GuardianWhirl+1"],"picked":"Guardian:ShieldCharger","floor":43.0},{"not_picked":["Guardian:GuardianWhirl","Guardian:StasisField"],"picked":"Guardian:Gem_Crimson","floor":44.0},{"not_picked":["Guardian:CrystalBeam","Guardian:Recover","Guardian:Gem_Red"],"picked":"SKIP","floor":45.0},{"not_picked":["Guardian:RollAttack+1","Guardian:Reroute"],"picked":"Guardian:ShieldCharger+1","floor":46},{"not_picked":["Guardian:Preprogram","Guardian:Gem_Green"],"picked":"Guardian:Reroute+1","floor":47},{"not_picked":["Guardian:VentSteam","Guardian:Gem_Green"],"picked":"Guardian:FloatingOrbs","floor":48},{"not_picked":["Guardian:MultiBeam+1","Guardian:CrystalBeam+1"],"picked":"Guardian:Planning","floor":49},{"not_picked":["Guardian:Gem_Purple","Guardian:VentSteam+1"],"picked":"Guardian:TimeSifter","floor":52}],"player_experience":213570,"relics_obtained":[{"floor":3.0,"key":"Pantograph"},{"floor":6.0,"key":"Blue Candle"},{"floor":10.0,"key":"Bird Faced Urn"},{"floor":24.0,"key":"InkBottle"},{"floor":26.0,"key":"Toy Ornithopter"},{"floor":40.0,"key":"Mummified Hand"},{"floor":41.0,"key":"Eternal Feather"},{"floor":43.0,"key":"Gambling Chip"},{"floor":44.0,"key":"Darkstone Periapt"},{"floor":52,"key":"Du-Vu Doll"}],"event_choices":[],"is_beta":false,"boss_relics":[{"not_picked":["Velvet Choker","Astrolabe"],"picked":"Runic Pyramid"},{"not_picked":["Calling Bell","Empty Cage"],"picked":"Philosopher\u0027s Stone"}],"items_purged_floors":[13,46,53],"is_endless":false,"potions_floor_spawned":[6,10,12,14,15,25,28,31,32,36,40,45,47,49,52],"ascension_level":0}}