{"host":"y76clbnovzmw9ubx","time":1608418915,"event":{"mods":["AchievementEnabler","BaseMod","Minty Spire (QoL Compilation)","Permanent Neow","Relic Stats"],"gold_per_floor":[110,128,142,161,161,193,193,206,258,289,289,300,328,347,347,347,347],"floor_reached":16,"playtime":666,"items_purged":[],"score":248,"play_id":"ab7e113e-8a22-4bfa-a528-4960105fa0eb","local_time":"20201219180155","is_ascension_mode":true,"campfire_choices":[{"data":"Pommel Strike","floor":7,"key":"SMITH"},{"floor":11,"key":"REST"},{"data":"Carnage","floor":15,"key":"SMITH"}],"circlet_count":0,"master_deck":["AscendersBane","Strike_R","Strike_R","Strike_R","Strike_R","Defend_R","Defend_R","Defend_R","Defend_R","Bash","Seeing Red","Twin Strike","Pommel Strike+1","Spot Weakness","Dropkick","Sword Boomerang","Carnage+1","Heavy Blade"],"relics":["Burning Blood","Lantern","Anchor","Mercury Hourglass","Omamori"],"acts_visited":["Exordium"],"potions_floor_usage":[6,10,13,16],"damage_taken":[{"damage":6,"enemies":"2 Louse","floor":1,"turns":4},{"damage":1,"enemies":"Cultist","floor":2,"turns":3},{"damage":15,"enemies":"Small Slimes","floor":3,"turns":4},{"damage":7,"enemies":"Looter","floor":4,"turns":3},{"damage":31,"enemies":"Gremlin Nob","floor":6,"turns":4},{"damage":11,"enemies":"Exordium Thugs","floor":8,"turns":5},{"damage":20,"enemies":"Lagavulin","floor":10,"turns":3},{"damage":3,"enemies":"Blue Slaver","floor":12,"turns":3},{"damage":9,"enemies":"Gremlin Nob","floor":13,"turns":3},{"damage":0,"enemies":"Large Slime","floor":14,"turns":3},{"damage":50,"enemies":"The Guardian","floor":16,"turns":8}],"seed_played":"2512096176861939502","potions_obtained":[{"floor":1,"key":"LiquidMemories"},{"floor":5,"key":"DistilledChaos"},{"floor":12,"key":"Strength Potion"},{"floor":13,"key":"Swift Potion"},{"floor":14,"key":"Energy Potion"}],"is_trial":false,"path_per_floor":["M","M","M","M","?","E","R","M","T","E","R","M","E","M","R","B"],"character_chosen":"IRONCLAD","items_purchased":[],"campfire_rested":1,"item_purchase_floors":[],"current_hp_per_floor":[68,73,64,63,63,38,38,33,33,19,41,44,41,47,47,0,0],"gold":347,"neow_bonus":"TRANSFORM_CARD","is_daily":false,"chose_seed":false,"campfire_upgraded":2,"win_rate":0.0,"timestamp":1608418915,"path_taken":["M","M","M","M","?","E","R","M","T","E","R","?","E","M","R","BOSS"],"items_purchased_type":[],"build_version":"2020-12-13","purchased_purges":0,"victory":false,"max_hp_per_floor":[75,75,75,75,75,75,75,75,75,75,75,75,75,75,75,75,75],"relic_stats":{"counters":[11,43],"obtain_stats":[{"Lantern":6,"Anchor":9,"Omamori":13,"Burning Blood":0,"Mercury Hourglass":10},{"Lantern":5,"Anchor":6,"Omamori":9,"Burning Blood":0,"Mercury Hourglass":7},{"Lantern":18,"Anchor":23,"Omamori":32,"Burning Blood":0,"Mercury Hourglass":26}],"Burning Blood":60,"Mercury Hourglass":[51]},"card_choices":[{"not_picked":["Shockwave","Headbutt","Clash"],"picked":"SKIP","floor":1},{"not_picked":["Heavy Blade","Sword Boomerang"],"picked":"Twin Strike","floor":2},{"not_picked":["Thunderclap","Twin Strike"],"picked":"Pommel Strike","floor":3},{"not_picked":["Clash","Armaments"],"picked":"Spot Weakness","floor":4},{"not_picked":["Hemokinesis","Rampage","Pommel Strike"],"picked":"SKIP","floor":6},{"not_picked":["Flex","Dual Wield"],"picked":"Dropkick","floor":8},{"not_picked":["Combust","Thunderclap","Pommel Strike"],"picked":"SKIP","floor":10},{"not_picked":["Perfected Strike","Entrench"],"picked":"Sword Boomerang","floor":12},{"not_picked":["Havoc","Warcry"],"picked":"Carnage","floor":13},{"not_picked":["Clothesline","Entrench"],"picked":"Heavy Blade","floor":14}],"player_experience":2918258,"relics_obtained":[{"floor":6,"key":"Lantern"},{"floor":9,"key":"Anchor"},{"floor":10,"key":"Mercury Hourglass"},{"floor":13,"key":"Omamori"}],"event_choices":[{"damage_healed":0,"gold_gain":0,"player_choice":"Got Potions","damage_taken":0,"max_hp_gain":0,"max_hp_loss":0,"event_name":"Lab","floor":5,"gold_loss":0}],"is_beta":false,"boss_relics":[],"items_purged_floors":[],"is_endless":false,"potions_floor_spawned":[1,12,13,14],"killed_by":"The Guardian","ascension_level":20}}