{"host":"oy4pyvr762z5n0bb","time":1608417137,"event":{"mods":["AchievementEnabler","BaseMod","Colored Map","Colored Powertips","Googly Eyes","Key Reminder","Minty Spire (QoL Compilation)","Quick Restart","Relic Sorter","StSLib","SuperFastMode","Unceasing Turn Reminder","slay the spire mod where everything is the same but ironclad has a cowboy hat"],"gold_per_floor":[109,35,48,223,234,234,265,277,277,293,293,293],"floor_reached":11,"playtime":293,"items_purged":[],"score":94,"play_id":"749f735d-ff7c-4fb2-8b05-83c887f9cbc2","local_time":"20201219143217","is_ascension_mode":true,"campfire_choices":[{"data":"Glass Knife","floor":6,"key":"SMITH"}],"circlet_count":0,"master_deck":["Strike_G","Strike_G","Strike_G","Strike_G","Strike_G","Defend_G","Defend_G","Defend_G","Defend_G","Defend_G","Survivor","Neutralize","Glass Knife+1","Cloak And Dagger","Dagger Spray","Prepared","Predator","Doubt","Dagger Throw","Quick Slash","Dash"],"relics":["Ring of the Snake","Turnip","Gambling Chip"],"acts_visited":["Exordium"],"potions_floor_usage":[11,11],"damage_taken":[{"damage":5,"enemies":"2 Louse","floor":1,"turns":2},{"damage":0,"enemies":"Small Slimes","floor":3,"turns":2},{"damage":6,"enemies":"Jaw Worm","floor":5,"turns":3},{"damage":28,"enemies":"Gremlin Nob","floor":7,"turns":4},{"damage":21,"enemies":"Large Slime","floor":8,"turns":4},{"damage":0,"enemies":"3 Louse","floor":10,"turns":3},{"damage":12,"enemies":"3 Sentries","floor":11,"turns":5}],"seed_played":"3144925232965226685","potions_obtained":[{"floor":5,"key":"BlessingOfTheForge"},{"floor":7,"key":"SkillPotion"}],"is_trial":false,"path_per_floor":["M","$","M","?","M","R","E","M","T","M","E"],"character_chosen":"THE_SILENT","items_purchased":["Dagger Spray","Prepared"],"campfire_rested":0,"item_purchase_floors":[2,2],"current_hp_per_floor":[58,58,58,58,52,52,24,3,3,3,0,0],"gold":293,"neow_bonus":"THREE_RARE_CARDS","is_daily":false,"chose_seed":false,"campfire_upgraded":1,"win_rate":0.0,"timestamp":1608417137,"path_taken":["M","$","M","?","M","R","E","M","T","M","E"],"items_purchased_type":["Card","Card"],"build_version":"2020-12-13","purchased_purges":0,"victory":false,"max_hp_per_floor":[63,63,63,63,63,63,63,63,63,63,63,63],"card_choices":[{"not_picked":["Night Terror","Die Die Die"],"picked":"Glass Knife","floor":0},{"not_picked":["Caltrops","Crippling Poison"],"picked":"Cloak And Dagger","floor":1},{"not_picked":["Calculated Gamble","Choke"],"picked":"Predator","floor":3},{"not_picked":["Expertise","Prepared"],"picked":"Dagger Throw","floor":5},{"not_picked":["Outmaneuver","Acrobatics"],"picked":"Quick Slash","floor":7},{"not_picked":["Quick Slash","Dodge and Roll"],"picked":"Dash","floor":8},{"not_picked":["Bane","Outmaneuver","Deadly Poison"],"picked":"SKIP","floor":10}],"player_experience":546070,"relics_obtained":[{"floor":7,"key":"Turnip"},{"floor":9,"key":"Gambling Chip"}],"event_choices":[{"damage_healed":0,"gold_gain":175,"player_choice":"AGREE","damage_taken":0,"max_hp_gain":0,"max_hp_loss":0,"event_name":"Liars Game","floor":4,"gold_loss":0,"cards_obtained":["Doubt"]}],"is_beta":false,"boss_relics":[],"items_purged_floors":[],"is_endless":false,"potions_floor_spawned":[5,7],"killed_by":"3 Sentries","ascension_level":5}}