{"host":"ggy1mjjy92c62u6a","time":1608357307,"event":{"mods":["ATMod(°¢èªMod)","BaseMod","Colored Powertips","Minty Spire (QoL Compilation)","Quick Restart","Shop Mod","Spicy Shops","StSLib"],"gold_per_floor":[114,189,34,109,119,119,144,164,164,271,308,308,378,378,378,498,498,543,642,642,730,221,248,259,278,278,278,303,321,356,38,38,137,137,153,173,188,188,215,249,264,264,264,195,214,233,359,369,369,569],"floor_reached":51,"playtime":2253,"items_purged":["Defend_G","Strike_G","Strike_G"],"score":1108,"play_id":"2d0b7613-46cd-40af-b093-0eea9ba859db","local_time":"20201219135507","is_ascension_mode":true,"campfire_choices":[{"data":"Caltrops","floor":6.0,"key":"SMITH"},{"floor":15.0,"key":"REST"},{"data":"AT_FamilyPortrait","floor":27.0,"key":"SMITH"},{"floor":32,"key":"REST"},{"data":"Prepared","floor":42,"key":"SMITH"},{"data":"Escape Plan","floor":49,"key":"SMITH"}],"circlet_count":0,"master_deck":["Strike_G","Strike_G","Strike_G","Defend_G","Defend_G","Defend_G+1","Defend_G","Survivor+1","Neutralize","AT_ShrugMaster+1","Caltrops+1","Tools of the Trade+1","Well Laid Plans+1","AT_FamilyPortrait+1","Escape Plan+1","Prepared+1","Calculated Gamble+1"],"relics":["Ring of the Serpent","AT_ATBox","NeowsBlessing","MerchantsRug","The Courier","Mummified Hand","AT_Manta","AT_RedTearstoneRing","Potion Belt","AT_TimeSand","Nunchaku","AT_TrinityForce","War Paint","Letter Opener","Juzu Bracelet","AT_TheCollector","AT_SilverBalance"],"acts_visited":["Exordium","TheCity","TheBeyond"],"potions_floor_usage":[28,28,47,50],"damage_taken":[{"damage":0.0,"enemies":"2 Louse","floor":1.0,"turns":1.0},{"damage":0.0,"enemies":"Cultist","floor":5.0,"turns":1.0},{"damage":0.0,"enemies":"Lagavulin","floor":7.0,"turns":1.0},{"damage":4.0,"enemies":"Small Slimes","floor":8.0,"turns":4.0},{"damage":46.0,"enemies":"3 Sentries","floor":10.0,"turns":8.0},{"damage":0.0,"enemies":"Red Slaver","floor":11.0,"turns":4.0},{"damage":0.0,"enemies":"Large Slime","floor":13.0,"turns":7.0},{"damage":6.0,"enemies":"Hexaghost","floor":16.0,"turns":10.0},{"damage":19.0,"enemies":"Spheric Guardian","floor":18.0,"turns":7.0},{"damage":8.0,"enemies":"3 Byrds","floor":21.0,"turns":3.0},{"damage":3.0,"enemies":"Book of Stabbing","floor":23.0,"turns":4.0},{"damage":2.0,"enemies":"Shelled Parasite and Fungi","floor":24.0,"turns":5.0},{"damage":2.0,"enemies":"Snecko","floor":25.0,"turns":4.0},{"damage":29,"enemies":"Slavers","floor":28,"turns":5},{"damage":1,"enemies":"Centurion and Healer","floor":29,"turns":3},{"damage":0,"enemies":"3 Cultists","floor":30,"turns":3},{"damage":0,"enemies":"Collector","floor":33,"turns":7},{"damage":0,"enemies":"Orb Walker","floor":35,"turns":4},{"damage":15,"enemies":"3 Shapes","floor":36,"turns":3},{"damage":0,"enemies":"Spire Growth","floor":37,"turns":3},{"damage":36,"enemies":"Reptomancer","floor":40,"turns":3},{"damage":0,"enemies":"Maw","floor":41,"turns":3},{"damage":111,"enemies":"Writhing Mass","floor":45,"turns":6},{"damage":0,"enemies":"4 Shapes","floor":46,"turns":1},{"damage":3,"enemies":"Giant Head","floor":47,"turns":2},{"damage":0,"enemies":"Maw","floor":48,"turns":2},{"damage":14,"enemies":"Donu and Deca","floor":50,"turns":3}],"seed_played":"3960356848516306968","potions_obtained":[{"floor":1.0,"key":"FearPotion"},{"floor":8.0,"key":"Ancient Potion"},{"floor":11.0,"key":"Swift Potion"},{"floor":14.0,"key":"AttackPotion"},{"floor":14.0,"key":"FearPotion"},{"floor":14.0,"key":"Energy Potion"},{"floor":16.0,"key":"LiquidBronze"},{"floor":18.0,"key":"Fire Potion"},{"floor":21.0,"key":"SneckoOil"},{"floor":29,"key":"Swift Potion"},{"floor":30,"key":"Weak Potion"},{"floor":37,"key":"BlessingOfTheForge"},{"floor":40,"key":"FairyPotion"},{"floor":45,"key":"EssenceOfSteel"},{"floor":46,"key":"ColorlessPotion"}],"is_trial":false,"path_per_floor":["M","?","$","?","M","R","E","M","T","E","M","?","M","?","R","B",null,"M","?","T","M","$","E","M","M","T","R","E","M","M","$","R","B",null,"M","M","M","?","T","E","M","R","T","?","M","M","E","M","R","B",null],"character_chosen":"THE_SILENT","items_purchased":["MerchantsRug","AT_Manta","AT_RedTearstoneRing","AT_FamilyPortrait","AT_TimeSand","Nunchaku"],"campfire_rested":2,"item_purchase_floors":[3,22,22,22,31,31],"current_hp_per_floor":[70,63,63,52,52,52,52,48,48,2,2,2,2,2,23,17,70,51,51,51,43,43,40,38,36,36,36,7,6,6,6,27,27,70,70,55,55,55,55,19,19,19,19,19,44,44,41,33,33,19],"gold":569,"neow_bonus":"THREE_ENEMY_KILL","is_daily":false,"chose_seed":false,"campfire_upgraded":4,"win_rate":0.0,"timestamp":1608357307,"path_taken":["M","?","?","?","M","R","E","M","T","E","M","?","?","?","R","BOSS","M","?","?","M","$","E","M","M","T","R","E","M","M","$","R","BOSS","M","M","M","?","?","E","?","R","T","?","M","M","E","M","R","BOSS"],"items_purchased_type":["Relic","Relic","Relic","Card","Relic","Relic"],"build_version":"2020-12-13","purchased_purges":3,"victory":true,"max_hp_per_floor":[70,70,70,70,70,70,70,70,70,70,70,70,70,70,70,70,70,70,70,70,70,70,70,70,70,70,70,70,70,70,70,70,70,70,70,70,70,66,66,66,66,66,66,66,66,66,66,66,66,66],"card_choices":[{"not_picked":["Choke","Poisoned Stab","Sucker Punch"],"picked":"SKIP","floor":1.0},{"not_picked":["Terror","Cloak And Dagger"],"picked":"Caltrops","floor":5.0},{"not_picked":["Slice","PiercingWail","Bane"],"picked":"SKIP","floor":7.0},{"not_picked":["Slice","PiercingWail","Bane"],"picked":"SKIP","floor":7.0},{"not_picked":["Terror","Outmaneuver","Bane"],"picked":"SKIP","floor":8.0},{"not_picked":["Leg Sweep","Bane"],"picked":"Tools of the Trade","floor":10.0},{"not_picked":["Flying Knee","Poisoned Stab","Quick Slash"],"picked":"SKIP","floor":11.0},{"not_picked":["Backflip","Slice","Acrobatics"],"picked":"SKIP","floor":13.0},{"not_picked":["Flechettes","Backflip","Bane"],"picked":"SKIP","floor":18.0},{"not_picked":["Deflect","Sucker Punch+1"],"picked":"Well Laid Plans+1","floor":21.0},{"not_picked":["AT_FocusSwordFire","Finisher","Underhanded Strike"],"picked":"SKIP","floor":23.0},{"not_picked":["Dagger Spray+1","Outmaneuver"],"picked":"Escape Plan","floor":24.0},{"not_picked":["Acrobatics","Backflip","PiercingWail"],"picked":"SKIP","floor":25.0},{"not_picked":["Acrobatics","Backflip","PiercingWail"],"picked":"SKIP","floor":25.0},{"not_picked":["Backflip+1","A Thousand Cuts","Crippling Poison"],"picked":"SKIP","floor":28},{"not_picked":["Bane","Flying Knee+1","Blade Dance"],"picked":"SKIP","floor":29},{"not_picked":["Noxious Fumes+1","Dash","Footwork+1"],"picked":"SKIP","floor":30},{"not_picked":["Choke+1","Dagger Spray"],"picked":"Prepared","floor":35},{"not_picked":["Blade Dance+1","Dodge and Roll","Skewer+1"],"picked":"SKIP","floor":36},{"not_picked":["Outmaneuver","Choke"],"picked":"Calculated Gamble+1","floor":37},{"not_picked":["Flechettes","AT_ShadowStep+1","Quick Slash+1"],"picked":"SKIP","floor":40},{"not_picked":["PiercingWail","Dodge and Roll+1","AT_WindFlip+1"],"picked":"SKIP","floor":41},{"not_picked":["Predator+1","Backstab","Deadly Poison"],"picked":"SKIP","floor":45},{"not_picked":["Burst","PiercingWail+1","Terror+1"],"picked":"SKIP","floor":46},{"not_picked":["AT_WindFlip","Accuracy","Crippling Poison"],"picked":"SKIP","floor":47},{"not_picked":["AT_ThistleTea","Dagger Spray+1","Quick Slash"],"picked":"SKIP","floor":48}],"player_experience":36458,"relics_obtained":[{"floor":7.0,"key":"The Courier"},{"floor":9.0,"key":"AT_MibuBalloonWealth"},{"floor":10.0,"key":"Mummified Hand"},{"floor":20.0,"key":"Du-Vu Doll"},{"floor":23.0,"key":"Potion Belt"},{"floor":26.0,"key":"Darkstone Periapt"},{"floor":28,"key":"Pen Nib"},{"floor":39,"key":"War Paint"},{"floor":40,"key":"Letter Opener"},{"floor":43,"key":"Juzu Bracelet"},{"floor":47,"key":"AT_SilverBalance"}],"event_choices":[{"damage_healed":0.0,"max_hp_gain":0.0,"max_hp_loss":0.0,"gold_gain":75.0,"event_name":"FaceTrader","player_choice":"Touch","floor":2.0,"gold_loss":0.0,"damage_taken":7.0},{"damage_healed":0.0,"max_hp_gain":0.0,"max_hp_loss":0.0,"gold_gain":75.0,"event_name":"World of Goop","player_choice":"Gather Gold","floor":4.0,"gold_loss":0.0,"damage_taken":11.0},{"damage_healed":0.0,"max_hp_gain":0.0,"max_hp_loss":0.0,"gold_gain":0.0,"event_name":"Accursed Blacksmith","player_choice":"Forge","floor":12.0,"gold_loss":0.0,"damage_taken":0.0,"cards_upgraded":["Tools of the Trade"]},{"damage_healed":0.0,"max_hp_gain":0.0,"max_hp_loss":0.0,"gold_gain":0.0,"event_name":"Lab","player_choice":"Got Potions","floor":14.0,"gold_loss":0.0,"damage_taken":0.0},{"damage_healed":0.0,"max_hp_gain":0.0,"max_hp_loss":0.0,"gold_gain":99.0,"event_name":"Nest","player_choice":"Stole From Cult","floor":19.0,"gold_loss":0.0,"damage_taken":0.0},{"damage_healed":0,"gold_gain":0,"player_choice":"Max HP","damage_taken":0,"max_hp_gain":0,"max_hp_loss":4,"event_name":"Winding Halls","floor":38,"gold_loss":0},{"damage_healed":0,"gold_gain":0,"player_choice":"Paid Gold","damage_taken":0,"relics_obtained":["AT_TheCollector"],"max_hp_gain":0,"max_hp_loss":0,"event_name":"WeMeetAgain","floor":44,"gold_loss":69}],"is_beta":false,"boss_relics":[{"not_picked":["Ectoplasm","HoveringKite"],"picked":"Ring of the Serpent"},{"not_picked":["Sozu","Pandora\u0027s Box"],"picked":"AT_TrinityForce"}],"items_purged_floors":[22,31,31],"is_endless":false,"potions_floor_spawned":[1,8,11,16,18,21,29,30,37,40,45,46],"ascension_level":3}}