{"host":"cfluht5kr2kfk9p9","time":1608366256,"event":{"mods":["ATMod(°¢èªMod)","BaseMod","GungeonMod","Highlight Path","Koishi","Minty Spire (QoL Compilation)","Quick Restart","Rare Cards Sparkle","Relic Stats","Replay The Spire","RumiaBox-Â¶Ã×æ«µÄÉñÃØºÐ×Ó","Spicy Shops","StSLib","TestMod","The Alterego","[IsaacMod]ÒÔÈö¼âËþ","¡¾¹¦ÄÜMod¡¿»ìãçÖ®»·ÐÞ¸´²¹¶¡","¡¾ÒÅÎï¿¨ÅÆ¡¿REMEMod"],"gold_per_floor":[117,117,117,192,205,234,248,277,323,359,397,419,447,460,460,570,570,592,614,143,163,163,219,219,219,245,273,312,341,341,399,399,556,556,589,261,81,81,104,126,191,244,244,269,325,325,325,367,367,397],"floor_reached":51,"playtime":2453,"items_purged":["Strike_B","Doubt","Defend_B"],"score":994,"play_id":"e1998467-97b8-4886-9471-44ac8e7d8b90","local_time":"20201219162416","is_ascension_mode":false,"campfire_choices":[{"data":"Coolheaded","floor":15,"key":"SMITH"},{"data":"AT_ThreeBodyProblem","floor":25,"key":"SMITH"},{"floor":32,"key":"DIG"},{"data":"AT_FamilyPortrait","floor":46,"key":"SMITH"},{"data":"Buffer","floor":49,"key":"SMITH"}],"circlet_count":0,"master_deck":["Defend_B+1","Defend_B+1","Defend_B","Zap","Dualcast","AT_FamilyPortrait+1","Koishi:SpiritedAway","Ball Lightning","Reinforced Body","Coolheaded+1","Defragment","Buffer+1","AT_DarkMatter","AT_ThreeBodyProblem+1","AT_RobotInSpace+1","Mirror Shield+1","AT_StudyProgram+1","Fission+1","Electrodynamics","REME_Shoggoth","Redo+1","Coolheaded+1","Coolheaded+1","REME_MagicPocketWatch+1","AT_WarpDrive+1","ReplayRNGCard+1","Panic Button+1","Fission+1","Chaos+1"],"relics":["Cracked Core","HushsDoor","REME_ComplimentaryCards","testmod-TestBox","AT_ATBox","testmod-EqualTreatment","Leech","NeowsBlessing","GodSword1","REME_ArchaeologicalTools","testmod-AssaultLearning","PillsDrop","Empty Cage","Toxic Egg 2","TheAbacus","Strawberry","ReplayTheSpireMod:Ring of Addiction","Chameleon Ring","Toy Ornithopter","Ring of Fury","Bronze Scales","Blue Doll","MagicDraw2","Garlic","Nuclear Battery","GuppysHairball","NineVolt","testmod-Register","Chemical X","InkBottle","GuppysTail","Replay:WaspNest","AT_Kusabimaru","Potion Belt","DeadEye"],"acts_visited":["Exordium","TheCity","TheBeyond"],"potions_floor_usage":[27,31,33,48,50,50,50],"damage_taken":[{"damage":0,"enemies":"Cultist","floor":1,"turns":1},{"damage":0,"enemies":"Small Slimes","floor":5,"turns":1},{"damage":0,"enemies":"Gremlin Nob","floor":6,"turns":1},{"damage":0,"enemies":"Jaw Worm","floor":7,"turns":1},{"damage":13,"enemies":"Lagavulin","floor":8,"turns":5},{"damage":4,"enemies":"3 Louse","floor":10,"turns":2},{"damage":0,"enemies":"Looter","floor":11,"turns":2},{"damage":0,"enemies":"Exordium Wildlife","floor":12,"turns":2},{"damage":0,"enemies":"Gremlin Nob","floor":13,"turns":3},{"damage":2,"enemies":"Exordium Thugs","floor":14,"turns":3},{"damage":18,"enemies":"Fading Forest","floor":16,"turns":11},{"damage":11,"enemies":"Shell Parasite","floor":18,"turns":4},{"damage":0,"enemies":"Chosen","floor":19,"turns":3},{"damage":0,"enemies":"Snecko","floor":21,"turns":4},{"damage":18,"enemies":"Gremlin Leader","floor":23,"turns":4},{"damage":17,"enemies":"Snake Plant","floor":27,"turns":3},{"damage":32,"enemies":"Centurion and Healer","floor":28,"turns":4},{"damage":6,"enemies":"Shelled Parasite and Fungi","floor":29,"turns":4},{"damage":10,"enemies":"Book of Stabbing","floor":31,"turns":4},{"damage":0,"enemies":"Pondfish","floor":33,"turns":5},{"damage":0,"enemies":"Orb Walker","floor":35,"turns":2},{"damage":0,"enemies":"3 Darklings","floor":39,"turns":2},{"damage":0,"enemies":"Maw","floor":40,"turns":7},{"damage":0,"enemies":"Hiden Room Battle","floor":41,"turns":3},{"damage":9,"enemies":"Reptomancer","floor":42,"turns":3},{"damage":0,"enemies":"Spire Growth","floor":44,"turns":2},{"damage":0,"enemies":"Giant Head","floor":45,"turns":4},{"damage":2,"enemies":"Transient","floor":48,"turns":3},{"damage":11,"enemies":"Time Eater","floor":50,"turns":6}],"seed_played":"-3895142377758648811","potions_obtained":[{"floor":6,"key":"Toxic Potion"},{"floor":7,"key":"AttackPotion"},{"floor":8,"key":"Languid Potion"},{"floor":10,"key":"Strength Potion"},{"floor":14,"key":"ColorlessPotion"},{"floor":21,"key":"Adrenaline Potion"},{"floor":24,"key":"Flashbang"},{"floor":29,"key":"SteroidPotion"},{"floor":33,"key":"DistilledChaos"},{"floor":40,"key":"FocusPotion"},{"floor":45,"key":"Block Potion"}],"is_trial":false,"path_per_floor":["M","?","?","?","M","E","M","E","T","M","M","M","E","M","R","B",null,"M","M","$","M","?","E","?","R","T","M","M","M","?","E","R","B",null,"M","$","$","?","M","M","?","E","T","M","E","R","T","M","R","B",null],"character_chosen":"DEFECT","items_purchased":["Toxic Egg 2","TheAbacus","Electrodynamics","REME_Shoggoth","GuppysHairball","NineVolt","testmod-Register","Chemical X","Coolheaded+1"],"campfire_rested":0,"item_purchase_floors":[20,20,34,34,34,36,36,37,37],"current_hp_per_floor":[75,60,53,42,42,42,43,35,35,32,34,35,37,41,41,39,78,68,73,73,76,76,68,68,68,68,61,32,30,15,17,17,26,65,65,65,63,63,69,67,57,50,50,52,68,66,66,66,66,63],"gold":397,"neow_bonus":"THREE_ENEMY_KILL","is_daily":false,"chose_seed":false,"campfire_upgraded":4,"win_rate":0.0,"timestamp":1608366256,"path_taken":["M","?","?","?","M","E","M","E","T","M","M","M","E","?","R","BOSS","M","M","$","M","?","E","?","R","T","M","M","M","?","E","R","BOSS","M","?","$","?","M","M","?","E","T","M","E","R","?","M","R","BOSS"],"items_purchased_type":["Relic","Relic","Card","Card","Relic","Relic","Relic","Relic","Card"],"build_version":"2020-12-13","purchased_purges":3,"victory":true,"max_hp_per_floor":[75,75,75,75,75,75,75,75,75,75,75,75,75,78,78,78,78,78,81,81,76,76,83,83,83,83,86,86,86,86,87,87,87,65,65,65,63,63,69,67,70,70,68,68,68,66,66,66,66,66],"relic_stats":{"TheAbacus":[162],"counters":[29,98],"Bronze Scales":[159],"Chemical X":[18],"obtain_stats":[{"GuppysTail":41,"AT_ATBox":0,"NineVolt":36,"testmod-EqualTreatment":0,"Blue Doll":30,"DemoMod:GlassGuonStoneRelic":1,"DeadEye":47,"Empty Cage":17,"MagicDraw2":31,"Leech":0,"TheAbacus":20,"Chameleon Ring":24,"AT_Kusabimaru":43,"PillsDrop":13,"Strawberry":23,"REME_ArchaeologicalTools":8,"Chemical X":37,"Toxic Egg 2":20,"Cracked Core":0,"InkBottle":41,"KeepersGift":0,"Potion Belt":45,"testmod-TestBox":0,"NeowsBlessing":0,"testmod-Register":36,"ReplayTheSpireMod:Ring of Addiction":24,"Replay:WaspNest":42,"Nuclear Battery":34,"testmod-AssaultLearning":9,"Bronze Scales":26,"Ring of Fury":24,"Garlic":32,"GuppysHairball":34,"HushsDoor":0,"Toy Ornithopter":24,"REME_ComplimentaryCards":0,"GodSword1":6},{"GuppysTail":24,"AT_ATBox":0,"NineVolt":21,"testmod-EqualTreatment":0,"Blue Doll":18,"DemoMod:GlassGuonStoneRelic":1,"DeadEye":27,"Empty Cage":11,"MagicDraw2":19,"Leech":0,"TheAbacus":13,"Chameleon Ring":15,"AT_Kusabimaru":25,"PillsDrop":9,"Strawberry":15,"REME_ArchaeologicalTools":5,"Chemical X":21,"Toxic Egg 2":13,"Cracked Core":0,"InkBottle":24,"KeepersGift":0,"Potion Belt":27,"testmod-TestBox":0,"NeowsBlessing":0,"testmod-Register":21,"ReplayTheSpireMod:Ring of Addiction":15,"Replay:WaspNest":25,"Nuclear Battery":20,"testmod-AssaultLearning":5,"Bronze Scales":15,"Ring of Fury":15,"Garlic":19,"GuppysHairball":20,"HushsDoor":0,"Toy Ornithopter":15,"REME_ComplimentaryCards":0,"GodSword1":3},{"GuppysTail":80,"AT_ATBox":0,"NineVolt":68,"testmod-EqualTreatment":0,"Blue Doll":57,"DemoMod:GlassGuonStoneRelic":1,"DeadEye":89,"Empty Cage":31,"MagicDraw2":61,"Leech":0,"TheAbacus":38,"Chameleon Ring":46,"AT_Kusabimaru":83,"PillsDrop":17,"Strawberry":46,"REME_ArchaeologicalTools":9,"Chemical X":68,"Toxic Egg 2":38,"Cracked Core":0,"InkBottle":80,"KeepersGift":0,"Potion Belt":89,"testmod-TestBox":0,"NeowsBlessing":0,"testmod-Register":68,"ReplayTheSpireMod:Ring of Addiction":46,"Replay:WaspNest":83,"Nuclear Battery":66,"testmod-AssaultLearning":9,"Bronze Scales":46,"Ring of Fury":46,"Garlic":61,"GuppysHairball":66,"HushsDoor":0,"Toy Ornithopter":46,"REME_ComplimentaryCards":0,"GodSword1":3}],"Toy Ornithopter":20,"InkBottle":[18]},"card_choices":[{"not_picked":[],"picked":"ChaosCard","floor":0},{"not_picked":["Cold Snap","BasicCrystalCard","REME_DataAnalysis"],"picked":"SKIP","floor":1},{"not_picked":["Compile Driver","Loop","Beam Cell"],"picked":"SKIP","floor":5},{"not_picked":["Hologram","ReplaySolidLightProjector"],"picked":"Ball Lightning","floor":6},{"not_picked":["BasicCrystalCard","Static Discharge","Barrage"],"picked":"SKIP","floor":7},{"not_picked":["Reboot","Beam Cell"],"picked":"Reinforced Body","floor":8},{"not_picked":["Bomb","AT_RobotInSpace"],"picked":"Coolheaded","floor":10},{"not_picked":["Redo","Go for the Eyes","AT_HeatAcrobatics"],"picked":"SKIP","floor":11},{"not_picked":["Blizzard","ReplaySort","Steam Power"],"picked":"SKIP","floor":12},{"not_picked":["Fusion","Beam Cell","Ball Lightning"],"picked":"SKIP","floor":13},{"not_picked":["Barrage","Steam"],"picked":"Defragment","floor":14},{"not_picked":["Rainbow","REME_ForAll"],"picked":"Buffer","floor":16},{"not_picked":["Sweeping Beam","Steam+1"],"picked":"AT_DarkMatter","floor":18},{"not_picked":["Coolheaded","Darkness","Cancel"],"picked":"SKIP","floor":19},{"not_picked":["Compile Driver","Mirror Shield+1"],"picked":"AT_ThreeBodyProblem","floor":21},{"not_picked":["ReplayTheSpireMod:Repulse+1","Go for the Eyes+1","Compile Driver+1"],"picked":"SKIP","floor":23},{"not_picked":["Cold Snap","Static Discharge","Leap+1"],"picked":"SKIP","floor":27},{"not_picked":["Gash+1","Glacier+1"],"picked":"Mirror Shield+1","floor":28},{"not_picked":["Beam Cell+1","Reprogram+1","Gash+1"],"picked":"SKIP","floor":29},{"not_picked":["ReplayGash","Fusion+1"],"picked":"AT_StudyProgram+1","floor":31},{"not_picked":["Seek+1","All For One"],"picked":"Fission+1","floor":33},{"not_picked":["Barrage+1","Compile Driver+1"],"picked":"Redo+1","floor":35},{"not_picked":["Magnetism","Deep Breath+1"],"picked":"REME_MagicPocketWatch+1","floor":38},{"not_picked":["REME_DataAnalysis","Beam Cell+1","Barrage+1"],"picked":"SKIP","floor":39},{"not_picked":["Cold Snap","All For One"],"picked":"AT_WarpDrive+1","floor":40},{"not_picked":["Auto Shields+1","Stack+1"],"picked":"ReplayRNGCard+1","floor":41},{"not_picked":["Compile Driver+1","Beam Cell+1"],"picked":"Panic Button+1","floor":42},{"not_picked":["ReplaySort+1","REME_SelfUpgrade","Streamline+1"],"picked":"SKIP","floor":44},{"not_picked":["Barrage","Conserve Battery+1"],"picked":"Fission+1","floor":45},{"not_picked":["Ball Lightning+1","Go for the Eyes+1"],"picked":"Chaos+1","floor":48}],"player_experience":5205,"relics_obtained":[{"floor":6,"key":"GodSword1"},{"floor":8,"key":"REME_ArchaeologicalTools"},{"floor":9,"key":"testmod-AssaultLearning"},{"floor":13,"key":"PillsDrop"},{"floor":23,"key":"Strawberry"},{"floor":24,"key":"ReplayTheSpireMod:Ring of Addiction"},{"floor":24,"key":"Chameleon Ring"},{"floor":24,"key":"Toy Ornithopter"},{"floor":24,"key":"Ring of Fury"},{"floor":26,"key":"Bronze Scales"},{"floor":31,"key":"MagicDraw2"},{"floor":32,"key":"Garlic"},{"floor":41,"key":"InkBottle"},{"floor":41,"key":"GuppysTail"},{"floor":42,"key":"Replay:WaspNest"},{"floor":43,"key":"AT_Kusabimaru"},{"floor":45,"key":"Potion Belt"},{"floor":47,"key":"DeadEye"}],"event_choices":[{"damage_healed":0,"gold_gain":0,"player_choice":"Entered Light","damage_taken":15,"max_hp_gain":0,"max_hp_loss":0,"event_name":"Shining Light","floor":2,"gold_loss":0,"cards_upgraded":["Defend_B","Defend_B"]},{"cards_removed":["Strike_B"],"damage_healed":0,"gold_gain":0,"player_choice":"Card Removal","damage_taken":7,"max_hp_gain":0,"max_hp_loss":0,"event_name":"Golden Wing","floor":3,"gold_loss":0},{"damage_healed":0,"gold_gain":75,"player_choice":"Gather Gold","damage_taken":11,"max_hp_gain":0,"max_hp_loss":0,"event_name":"World of Goop","floor":4,"gold_loss":0},{"damage_healed":0,"gold_gain":0,"player_choice":"Read","damage_taken":0,"max_hp_gain":0,"max_hp_loss":0,"event_name":"The Library","floor":22,"gold_loss":0,"cards_obtained":["AT_RobotInSpace"]},{"damage_healed":0,"gold_gain":0,"player_choice":"Memory 1","damage_taken":0,"max_hp_gain":0,"max_hp_loss":0,"event_name":"SensoryStone","floor":38,"gold_loss":0},{"damage_healed":0,"gold_gain":0,"player_choice":"Fight","damage_taken":0,"max_hp_gain":0,"max_hp_loss":0,"event_name":"HidenRoomEvent","floor":41,"gold_loss":0}],"is_beta":false,"boss_relics":[{"not_picked":["SacredBark","Cursed Key"],"picked":"Empty Cage"},{"not_picked":[]},{"not_picked":["Tiny House","testmod-TimeTraveler"],"picked":"Nuclear Battery"},{"not_picked":[]}],"items_purged_floors":[20,34,36],"is_endless":false,"potions_floor_spawned":[6,7,8,10,14,19,21,29,33,40,42,45],"ascension_level":0}}