{"host":"Aysed","time":1608419985,"event":{"mods":["AchievementEnabler","BaseMod","Colored Powertips","Downfall","Faster Ascension Climbing","Minty Spire (QoL Compilation)","Quick Restart","StSLib","SuperFastMode"],"gold_per_floor":[111,111,57,132,307,335,345,345,369,388,388,459,479,504,504,630,630,653,674,692,117,117,117],"floor_reached":22,"playtime":553,"items_purged":["Strike_B"],"score":211,"play_id":"325aa704-f3d3-49bb-9b63-df0316f10291","local_time":"20201220001945","is_ascension_mode":false,"campfire_choices":[{"data":"Scrape","floor":8.0,"key":"SMITH"},{"data":"Zap","floor":15.0,"key":"SMITH"}],"circlet_count":0,"master_deck":["Strike_B","Strike_B","Strike_B","Defend_B","Defend_B","Defend_B","Defend_B","Zap+1","Dualcast","Double Energy","Beam Cell","Doubt","Scrape+1","Beam Cell"],"relics":["Cracked Core","NeowsBlessing","Happy Flower","Boot","Toy Ornithopter","Golden Idol","White Beast Statue","SlaversCollar","Question Card","Matryoshka"],"acts_visited":["Exordium","TheCity"],"potions_floor_usage":[20,20],"damage_taken":[{"damage":0.0,"enemies":"Small Slimes","floor":1.0,"turns":1.0},{"damage":0.0,"enemies":"Lagavulin","floor":6.0,"turns":1.0},{"damage":0.0,"enemies":"2 Louse","floor":7.0,"turns":1.0},{"damage":6.0,"enemies":"Jaw Worm","floor":10.0,"turns":2.0},{"damage":6.0,"enemies":"Lots of Slimes","floor":13.0,"turns":3.0},{"damage":10.0,"enemies":"Large Slime","floor":14.0,"turns":5.0},{"damage":22.0,"enemies":"Hexaghost","floor":16.0,"turns":9.0},{"damage":22.0,"enemies":"3 Byrds","floor":18.0,"turns":5.0},{"damage":11.0,"enemies":"Chosen","floor":19.0,"turns":5.0},{"damage":32,"enemies":"Snake Plant","floor":20,"turns":5},{"damage":15,"enemies":"Snecko","floor":22,"turns":5}],"seed_played":"-966945781341591850","potions_obtained":[{"floor":1.0,"key":"PowerPotion"},{"floor":7.0,"key":"Dexterity Potion"},{"floor":13.0,"key":"PowerPotion"},{"floor":14.0,"key":"Energy Potion"},{"floor":16.0,"key":"Dexterity Potion"},{"floor":19.0,"key":"Block Potion"},{"floor":20,"key":"PotionOfCapacity"}],"is_trial":false,"path_per_floor":["M","?","$","?","?","E","M","R","T","M","?","T","M","M","R","B",null,"M","M","M","$","M"],"character_chosen":"DEFECT","items_purchased":["Beam Cell","Question Card","Matryoshka"],"campfire_rested":0,"item_purchase_floors":[3,21,21],"current_hp_per_floor":[75,72,72,61,61,61,61,61,61,55,37,37,31,26,26,9,75,53,42,20,20,5,5],"gold":117,"neow_bonus":"THREE_ENEMY_KILL","is_daily":false,"chose_seed":false,"campfire_upgraded":2,"win_rate":0.0,"timestamp":1608419985,"path_taken":["M","?","$","?","?","E","M","R","T","M","?","?","M","M","R","BOSS","M","M","M","$","M"],"items_purchased_type":["Card","Relic","Relic"],"build_version":"2020-12-18","purchased_purges":1,"victory":false,"max_hp_per_floor":[75,75,75,75,75,75,75,75,75,75,75,75,75,75,75,75,75,75,75,75,75,75,75],"card_choices":[{"not_picked":["Glacier","Fusion"],"picked":"Double Energy","floor":1.0},{"not_picked":["Capacitor","White Noise","Rebound"],"picked":"SKIP","floor":6.0},{"not_picked":["Cold Snap","Conserve Battery"],"picked":"Scrape","floor":7.0},{"not_picked":["Sweeping Beam","Defragment"],"picked":"Beam Cell","floor":10.0},{"not_picked":["Coolheaded","Lockon","Doom and Gloom"],"picked":"SKIP","floor":13.0},{"not_picked":["Heatsinks","Darkness","Rebound"],"picked":"SKIP","floor":14.0},{"not_picked":["Compile Driver+1","Darkness+1","Hologram+1"],"picked":"SKIP","floor":18.0},{"not_picked":["Melter","Coolheaded","BootSequence"],"picked":"SKIP","floor":19.0},{"not_picked":["Conserve Battery","Barrage","Cold Snap"],"picked":"SKIP","floor":20}],"player_experience":35289,"relics_obtained":[{"floor":6.0,"key":"Boot"},{"floor":9.0,"key":"Toy Ornithopter"},{"floor":12.0,"key":"White Beast Statue"}],"event_choices":[{"damage_healed":0.0,"max_hp_gain":0.0,"max_hp_loss":0.0,"gold_gain":0.0,"event_name":"Scrap Ooze","player_choice":"Success","floor":2.0,"gold_loss":0.0,"damage_taken":3.0,"relics_obtained":["Happy Flower"]},{"damage_healed":0.0,"max_hp_gain":0.0,"max_hp_loss":0.0,"gold_gain":75.0,"event_name":"World of Goop","player_choice":"Gather Gold","floor":4.0,"gold_loss":0.0,"damage_taken":11.0},{"damage_healed":0.0,"max_hp_gain":0.0,"max_hp_loss":0.0,"gold_gain":175.0,"event_name":"Liars Game","player_choice":"AGREE","floor":5.0,"gold_loss":0.0,"damage_taken":0.0,"cards_obtained":["Doubt"]},{"damage_healed":0.0,"max_hp_gain":0.0,"max_hp_loss":0.0,"gold_gain":0.0,"event_name":"Golden Idol","player_choice":"Take Damage","floor":11.0,"gold_loss":0.0,"damage_taken":18.0,"relics_obtained":["Golden Idol"]}],"is_beta":true,"boss_relics":[{"not_picked":["Velvet Choker","SacredBark"],"picked":"SlaversCollar"}],"items_purged_floors":[21],"is_endless":false,"potions_floor_spawned":[1,7,13,14,16,18,19,20],"killed_by":"Snecko","ascension_level":0}}