{"host":"4oozkyb2rmpv0j2l","time":1608390528,"event":{"mods":["Act Like it!","Aspiration","BaseMod","Colored Map","Conspire","FutureSeer","Gensokyo","Hallownest","Hubris","KinomotoSakuraMod(木之本樱)","Koishi","KomeijiMod","Lobotomy","LobotomyExtend","Marisa（F雨　魔理沙）","Minty Spire (QoL Compilation)","Prisma Mod","Quick Restart","Rare Cards Sparkle","Reimu（博丽灵梦）","Remilia（蕾米莉亚）","Replay The Spire","Robot Space Explorer","Shop Mod","Spicy Shops","StSLib","TestMod","The Animator","The Bladedancer","The Bug Knight","The Cursed","The Disciple","The Hierophant","The Mystic","The Necromancer","The Runesmith","The Senshi","The Servant 0.9.4","WarShipGirlsR/战舰少女R mod","Youmu（魂魄妖梦）","Yuri Mod","Yuyuko","vexMod","yUi","【东方二次创作】八云紫mod","【遗物卡牌】REMEMod"],"gold_per_floor":[116,116,132,132,132,158,158,186,209,309,309,328,340,372,372,372,372],"floor_reached":16,"playtime":723,"items_purged":[],"score":131,"play_id":"4be33882-1f34-4542-be58-de05f9ad8f9c","local_time":"20201219230848","is_ascension_mode":true,"campfire_choices":[{"floor":7,"key":"REST"},{"data":"Koishi:SubconsciousSweep","floor":11,"key":"SMITH"}],"circlet_count":0,"master_deck":["Koishi:BasicStrike","Koishi:BasicStrike","Koishi:BasicStrike","Koishi:BasicDefend","Koishi:BasicDefend","Koishi:BasicDefend","Koishi:BasicDefend","Koishi:Provoke","Koishi:HauntingSlash","Koishi:SubconsciousSweep+1","Koishi:SubterraneanRose"],"relics":["Koishi:ImaginaryFriend","testmod-TestBox","REME_ComplimentaryCards","aspiration:Nostalgia","animator:LivingPicture","testmod-HeartOfStrike","LetterFromLob","Gensokyo:OccultBall","Koishi:TeethAndClaws","Mummified Hand","testmod-AssaultLearning"],"acts_visited":["Gensokyo:Gensokyo"],"potions_floor_usage":[14,14,16],"damage_taken":[{"damage":8,"enemies":"Gensokyo:Gryphon","floor":1,"turns":2},{"damage":0,"enemies":"Gensokyo:2_Kodama","floor":3,"turns":3},{"damage":27,"enemies":"Gensokyo:Cirno","floor":6,"turns":8},{"damage":3,"enemies":"Gensokyo:Mamizou","floor":8,"turns":9},{"damage":0,"enemies":"Gensokyo:3_Fairies","floor":12,"turns":2},{"damage":3,"enemies":"Gensokyo:Python_and_Kodama","floor":13,"turns":2},{"damage":9,"enemies":"Gensokyo:Aya","floor":14,"turns":6},{"damage":46,"enemies":"Gensokyo:Kokoro","floor":16,"turns":14}],"seed_played":"-7638327977522793128","potions_obtained":[{"floor":1,"key":"Explosive Potion"},{"floor":3,"key":"Adrenaline Potion"},{"floor":8,"key":"testmod-SpacePotion"}],"is_trial":false,"path_per_floor":["M","?","M","?","?","E","R","E","T","?","R","M","M","E","R_BF","B"],"character_chosen":"KOISHI","items_purchased":[],"campfire_rested":1,"item_purchase_floors":[],"current_hp_per_floor":[53,60,60,60,60,35,53,51,51,51,51,52,49,41,41,0,0],"gold":372,"neow_bonus":"NOSTALGIA","is_daily":false,"chose_seed":false,"campfire_upgraded":1,"win_rate":0.0,"timestamp":1608390528,"path_taken":["M","?","M","?","?","E","R","E","T","?","R","?","?","E","R_BF","BOSS"],"items_purchased_type":[],"build_version":"2020-12-13","purchased_purges":0,"victory":false,"max_hp_per_floor":[60,60,60,60,60,60,60,60,60,60,60,60,60,60,60,60,60],"card_choices":[{"not_picked":["Koishi:BloodcurdlingScream","Koishi:MindNumbingTerror","Koishi:PhantomStrike"],"picked":"SKIP","floor":1},{"not_picked":["Koishi:TremblingHands","Koishi:CatchAndRose"],"picked":"Koishi:SubconsciousSweep","floor":3},{"not_picked":["Koishi:FleetingPhantom","Koishi:ParalyzingFear","Koishi:TremblingHands"],"picked":"SKIP","floor":6},{"not_picked":["Koishi:SpiritedAway","Koishi:UnansweredLove","Koishi:DreadfulBlow"],"picked":"SKIP","floor":8},{"not_picked":["Koishi:GeneticsOfTheUnconscious","Koishi:ParalyzingFear","Koishi:DreadfulBlow"],"picked":"SKIP","floor":12},{"not_picked":["Koishi:SilentAndRestless","Koishi:PhantomStrike"],"picked":"Koishi:SubterraneanRose","floor":13},{"not_picked":["Koishi:UnconsciousUprising","Koishi:PhilosophyOfTheDespised","Koishi:SpiritedAway"],"picked":"SKIP","floor":14}],"player_experience":551513,"relics_obtained":[{"floor":1,"key":"LetterFromLob"},{"floor":6,"key":"Gensokyo:OccultBall"},{"floor":6,"key":"Koishi:TeethAndClaws"},{"floor":8,"key":"Mummified Hand"},{"floor":13,"key":"Gensokyo:OccultBall"},{"floor":14,"key":"testmod-AssaultLearning"}],"event_choices":[],"is_beta":false,"boss_relics":[],"items_purged_floors":[],"is_endless":false,"potions_floor_spawned":[1,3,8],"killed_by":"Gensokyo:Kokoro","ascension_level":3}}