{"host":"0vd2boh2oi7jm085","time":1608370556,"event":{"mods":["BaseMod","Colored Map","Colored Powertips","Highlight Path","Minty Spire (QoL Compilation)","Quick Restart","StSLib","The IronCluck"],"gold_per_floor":[109,259,271,271,34,34,59,59,59,59,73,102,102,116,116,195,195,213,213,52,52,67,96,96,96,96,109,125,137,37,57,57,57,57],"floor_reached":33,"playtime":831,"items_purged":["Doubt","Decay"],"score":595,"play_id":"7c228f98-af62-4501-bf23-b74fc850c1ae","local_time":"20201219013556","is_ascension_mode":true,"campfire_choices":[{"data":"Spot Weakness","floor":6.0,"key":"SMITH"},{"data":"Juggernaut","floor":8.0,"key":"SMITH"},{"floor":15.0,"key":"REST"},{"floor":25.0,"key":"REST"},{"floor":32,"key":"REST"}],"circlet_count":0,"master_deck":["AscendersBane","Strike_R","Strike_R","Strike_R","Strike_R","Strike_R","Defend_R","Defend_R","Defend_R","Defend_R","Bash","Spot Weakness+1","Metallicize","Double Tap","Juggernaut+1","Shrug It Off","Body Slam+1","Impervious"],"relics":["Burning Blood","NeowsBlessing","Orichalcum","White Beast Statue","Bag of Preparation","Singing Bowl","SacredBark","Matryoshka","Pen Nib","Mummified Hand","Nunchaku","InkBottle"],"acts_visited":["Exordium","TheCity"],"potions_floor_usage":[31,31,33],"damage_taken":[{"damage":1.0,"enemies":"Small Slimes","floor":1.0,"turns":2.0},{"damage":0.0,"enemies":"Jaw Worm","floor":3.0,"turns":1.0},{"damage":0.0,"enemies":"Gremlin Nob","floor":7.0,"turns":1.0},{"damage":9.0,"enemies":"2 Louse","floor":11.0,"turns":2.0},{"damage":45.0,"enemies":"3 Sentries","floor":12.0,"turns":8.0},{"damage":8.0,"enemies":"Red Slaver","floor":14.0,"turns":3.0},{"damage":46.0,"enemies":"Slime Boss","floor":16.0,"turns":11.0},{"damage":10.0,"enemies":"Chosen","floor":18.0,"turns":6.0},{"damage":36.0,"enemies":"Spheric Guardian","floor":22.0,"turns":6.0},{"damage":83.0,"enemies":"Book of Stabbing","floor":23.0,"turns":6.0},{"damage":6.0,"enemies":"Centurion and Healer","floor":27.0,"turns":7.0},{"damage":1.0,"enemies":"Snecko","floor":28.0,"turns":4.0},{"damage":26.0,"enemies":"Snake Plant","floor":29.0,"turns":4.0},{"damage":16,"enemies":"Centurion and Healer","floor":31,"turns":3},{"damage":53,"enemies":"Champ","floor":33,"turns":9}],"seed_played":"-343208142476806726","potions_obtained":[{"floor":1.0,"key":"FearPotion"},{"floor":3.0,"key":"Ancient Potion"},{"floor":12.0,"key":"Block Potion"},{"floor":16.0,"key":"DistilledChaos"},{"floor":18.0,"key":"EssenceOfSteel"},{"floor":22.0,"key":"FairyPotion"},{"floor":23.0,"key":"SteroidPotion"},{"floor":27.0,"key":"Explosive Potion"},{"floor":28.0,"key":"Weak Potion"},{"floor":29.0,"key":"BlessingOfTheForge"},{"floor":31,"key":"PowerPotion"}],"is_trial":false,"path_per_floor":["M","?","M","?","$","R","E","R","T","T","M","E","?","M","R","B",null,"M","T","$","?","M","E","?","R","T","M","M","M","$","M","R","B"],"character_chosen":"IRONCLAD","items_purchased":["Double Tap","Pen Nib"],"campfire_rested":3,"item_purchase_floors":[5,20],"current_hp_per_floor":[73,73,75,80,80,80,80,80,80,80,77,40,40,40,65,27,71,67,67,67,67,39,19,19,46,46,46,53,35,35,27,55,2,2],"gold":57,"neow_bonus":"THREE_ENEMY_KILL","is_daily":false,"chose_seed":false,"campfire_upgraded":2,"win_rate":0.0,"timestamp":1608370556,"path_taken":["M","?","M","?","$","R","E","R","T","?","M","E","?","M","R","BOSS","M","?","$","?","M","E","?","R","T","M","M","M","$","M","R","BOSS"],"items_purchased_type":["Card","Relic"],"build_version":"2020-12-13","purchased_purges":2,"victory":false,"max_hp_per_floor":[75,75,75,80,80,80,80,80,80,80,80,82,82,84,84,86,86,86,86,86,86,88,90,90,90,90,90,92,94,94,96,96,96,96],"card_choices":[{"not_picked":["Iron Wave","Perfected Strike"],"picked":"Spot Weakness","floor":1.0},{"not_picked":["Fire Breathing","Infernal Blade"],"picked":"Metallicize","floor":3.0},{"not_picked":["Cleave","Combust"],"picked":"Juggernaut","floor":7.0},{"not_picked":["Perfected Strike","Warcry"],"picked":"Shrug It Off","floor":11.0},{"not_picked":["Warcry","Demon Form","Feed"],"picked":"Singing Bowl","floor":12.0},{"not_picked":["Rupture","Flex","Rage"],"picked":"Singing Bowl","floor":14.0},{"not_picked":["Double Tap","Demon Form","Juggernaut"],"picked":"Singing Bowl","floor":16.0},{"not_picked":["Armaments","True Grit"],"picked":"Body Slam","floor":18.0},{"not_picked":["Clash+1","Heavy Blade","Blood for Blood"],"picked":"Singing Bowl","floor":22.0},{"not_picked":["Armaments","Clothesline","Pommel Strike"],"picked":"Singing Bowl","floor":23.0},{"not_picked":["Intimidate+1","Armaments"],"picked":"Impervious","floor":27.0},{"not_picked":["Twin Strike","Havoc","Feel No Pain"],"picked":"Singing Bowl","floor":28.0},{"not_picked":["Shrug It Off","Headbutt","Warcry"],"picked":"Singing Bowl","floor":29.0},{"not_picked":["Clash","True Grit","Seeing Red"],"picked":"Singing Bowl","floor":31}],"player_experience":91716,"relics_obtained":[{"floor":7.0,"key":"Orichalcum"},{"floor":9.0,"key":"White Beast Statue"},{"floor":10.0,"key":"Bag of Preparation"},{"floor":12.0,"key":"Singing Bowl"},{"floor":19.0,"key":"Matryoshka"},{"floor":23.0,"key":"Mummified Hand"},{"floor":26.0,"key":"Nunchaku"},{"floor":26.0,"key":"InkBottle"}],"event_choices":[{"damage_healed":0.0,"max_hp_gain":0.0,"max_hp_loss":0.0,"gold_gain":150.0,"event_name":"Liars Game","player_choice":"AGREE","floor":2.0,"gold_loss":0.0,"damage_taken":0.0,"cards_obtained":["Doubt"]},{"damage_healed":0.0,"max_hp_gain":5.0,"max_hp_loss":0.0,"gold_gain":0.0,"event_name":"Big Fish","player_choice":"Donut","floor":4.0,"gold_loss":0.0,"damage_taken":0.0},{"damage_healed":0.0,"max_hp_gain":0.0,"max_hp_loss":0.0,"gold_gain":0.0,"event_name":"Transmorgrifier","player_choice":"Ignored","floor":13.0,"gold_loss":0.0,"damage_taken":0.0},{"damage_healed":0.0,"max_hp_gain":0.0,"max_hp_loss":0.0,"gold_gain":0.0,"event_name":"Forgotten Altar","player_choice":"Smashed Altar","floor":21.0,"gold_loss":0.0,"damage_taken":0.0,"cards_obtained":["Decay"]},{"damage_healed":0.0,"max_hp_gain":0.0,"max_hp_loss":0.0,"gold_gain":0.0,"event_name":"Accursed Blacksmith","player_choice":"Forge","floor":24.0,"gold_loss":0.0,"damage_taken":0.0,"cards_upgraded":["Body Slam"]}],"is_beta":false,"boss_relics":[{"not_picked":["Astrolabe","Runic Cube"],"picked":"SacredBark"}],"items_purged_floors":[5,30],"is_endless":false,"potions_floor_spawned":[1,3,11,12,14,16,18,22,23,27,28,29,31],"killed_by":"Champ","ascension_level":18}}