{"host":"4axoa1rfjgnprp9l","time":1608386789,"event":{"mods":["2.2 Compatiblity","AchievementEnabler","BaseMod","Colored Map","DeckTracker","Highlight Path","Minty Spire (QoL Compilation)","Permanent Neow","StSLib","SuperFastMode"],"gold_per_floor":[115,134,146,157,157,157,172,172,225,259,277,294,304,322,322,398,398,411,43,43,54,54,81,81,81,81,101,101,130,130,149,149,226,226,241,253,47,64,80,113,13,45,45,73,89,99,99,112,112,112,112],"floor_reached":52,"playtime":5664,"items_purged":["Strike_B","Defend_B","Defend_B"],"score":2430,"play_id":"f5d62713-f425-4be5-b88b-3fe295a7ab12","local_time":"20201219230629","is_ascension_mode":true,"campfire_choices":[{"data":"Dualcast","floor":6.0,"key":"SMITH"},{"data":"Sweeping Beam","floor":8.0,"key":"SMITH"},{"floor":15.0,"key":"REST"},{"floor":25.0,"key":"REST"},{"data":"Biased Cognition","floor":30.0,"key":"SMITH"},{"floor":32.0,"key":"REST"},{"data":"Capacitor","floor":49,"key":"SMITH"}],"circlet_count":0,"master_deck":["AscendersBane","Defend_B","Defend_B","Zap","Dualcast+1","Genetic Algorithm","Coolheaded","FTL","Melter","Ball Lightning+1","Chill+1","Compile Driver","Chill+1","Biased Cognition+1","Glacier+1","Reinforced Body+1","Capacitor+1","Consume+1","Seek+1","Echo Form","Double Energy+1","Decay","Reboot+1","Defragment","Heatsinks+1","Skim+1","Coolheaded+1","Glacier+1"],"relics":["FrozenCore","Pocketwatch","Toy Ornithopter","Toxic Egg 2","Nuclear Battery","ClockworkSouvenir","Whetstone","The Courier","Letter Opener","Anchor","Eternal Feather","TungstenRod","Cables","Mummified Hand"],"acts_visited":["Exordium","TheCity","TheBeyond"],"potions_floor_usage":[51],"damage_taken":[{"damage":3.0,"enemies":"2 Louse","floor":1.0,"turns":3.0},{"damage":1.0,"enemies":"Jaw Worm","floor":2.0,"turns":4.0},{"damage":2.0,"enemies":"Small Slimes","floor":3.0,"turns":4.0},{"damage":12.0,"enemies":"Exordium Wildlife","floor":4.0,"turns":3.0},{"damage":4.0,"enemies":"Blue Slaver","floor":7.0,"turns":4.0},{"damage":22.0,"enemies":"Lagavulin","floor":10.0,"turns":5.0},{"damage":0.0,"enemies":"3 Louse","floor":11.0,"turns":2.0},{"damage":4.0,"enemies":"Large Slime","floor":12.0,"turns":4.0},{"damage":18.0,"enemies":"Exordium Thugs","floor":13.0,"turns":5.0},{"damage":0.0,"enemies":"Lots of Slimes","floor":14.0,"turns":1.0},{"damage":0.0,"enemies":"The Guardian","floor":16.0,"turns":13.0},{"damage":18.0,"enemies":"2 Thieves","floor":18.0,"turns":4.0},{"damage":4.0,"enemies":"Shell Parasite","floor":21.0,"turns":5.0},{"damage":38.0,"enemies":"Book of Stabbing","floor":23.0,"turns":7.0},{"damage":0.0,"enemies":"Centurion and Healer","floor":27.0,"turns":7.0},{"damage":7.0,"enemies":"Gremlin Leader","floor":29.0,"turns":7.0},{"damage":0.0,"enemies":"Sentry and Sphere","floor":31.0,"turns":3.0},{"damage":18.0,"enemies":"Collector","floor":33.0,"turns":10.0},{"damage":0.0,"enemies":"Orb Walker","floor":35.0,"turns":4.0},{"damage":0.0,"enemies":"3 Darklings","floor":36.0,"turns":6.0},{"damage":0.0,"enemies":"4 Shapes","floor":38.0,"turns":6.0},{"damage":0.0,"enemies":"Spire Growth","floor":39.0,"turns":7.0},{"damage":0.0,"enemies":"Reptomancer","floor":40.0,"turns":8.0},{"damage":0,"enemies":"Giant Head","floor":42,"turns":8},{"damage":0,"enemies":"Nemesis","floor":44,"turns":7},{"damage":0,"enemies":"Sphere and 2 Shapes","floor":45,"turns":3},{"damage":0,"enemies":"Jaw Worm Horde","floor":46,"turns":4},{"damage":0,"enemies":"Writhing Mass","floor":48,"turns":4},{"damage":0,"enemies":"Donu and Deca","floor":50,"turns":13},{"damage":0,"enemies":"Time Eater","floor":51,"turns":13}],"seed_played":"-4290990114600753783","potions_obtained":[{"floor":7.0,"key":"Regen Potion"},{"floor":10.0,"key":"PowerPotion"},{"floor":21.0,"key":"LiquidBronze"},{"floor":27.0,"key":"SkillPotion"},{"floor":33.0,"key":"Ancient Potion"},{"floor":36.0,"key":"DistilledChaos"},{"floor":45,"key":"Block Potion"}],"is_trial":false,"path_per_floor":["M","M","M","M","?","R","M","R","T","E","M","M","M","M","R","B",null,"M","$","?","M","?","E","?","R","T","M","?","E","R","M","R","B",null,"M","M","$","M","M","E","$","E","T","E","M","M","?","M","R","B","B",null],"character_chosen":"DEFECT","items_purchased":["ClockworkSouvenir","Reinforced Body+1","Capacitor","Anchor"],"campfire_rested":3,"item_purchase_floors":[19,19,19,37],"current_hp_per_floor":[61,60,58,46,64,64,60,60,60,38,38,34,16,16,35,60,63,45,45,45,41,41,8,8,27,27,27,27,25,25,25,44,26,55,55,55,55,55,55,60,60,60,60,60,60,60,60,60,64,64,64],"gold":112,"neow_bonus":"ONE_RARE_RELIC","is_daily":false,"chose_seed":false,"campfire_upgraded":4,"win_rate":0.0,"timestamp":1608386789,"path_taken":["M","M","M","M","?","R","M","R","T","E","M","M","M","M","R","BOSS","M","$","?","M","?","E","?","R","T","?","?","E","R","M","R","BOSS","M","M","$","M","M","E","$","E","T","E","M","M","?","M","R","BOSS","BOSS"],"items_purchased_type":["Relic","Card","Card","Relic"],"build_version":"2020-12-13","purchased_purges":3,"victory":true,"max_hp_per_floor":[64,64,64,64,64,64,64,64,64,64,64,64,64,64,64,64,64,64,64,64,64,64,64,64,64,64,64,64,64,64,64,64,64,64,64,64,64,64,64,64,64,64,64,64,64,64,64,64,64,64,64],"card_choices":[{"not_picked":["Leap","Beam Cell"],"picked":"Genetic Algorithm","floor":1.0},{"not_picked":["Turbo","Storm"],"picked":"Coolheaded","floor":2.0},{"not_picked":["Turbo","White Noise"],"picked":"FTL","floor":3.0},{"not_picked":["Leap","Chaos"],"picked":"Melter","floor":4.0},{"not_picked":["Aggregate","Lockon"],"picked":"Sweeping Beam","floor":7.0},{"not_picked":["Barrage","Chaos+1"],"picked":"Ball Lightning","floor":10.0},{"not_picked":["Redo+1","Loop","Stack+1"],"picked":"SKIP","floor":11.0},{"not_picked":["Reinforced Body+1","Capacitor"],"picked":"Chill+1","floor":12.0},{"not_picked":["Go for the Eyes","Sweeping Beam"],"picked":"Compile Driver","floor":13.0},{"not_picked":["Hologram+1","Leap+1"],"picked":"Chill+1","floor":14.0},{"not_picked":["Creative AI","Amplify+1"],"picked":"Biased Cognition","floor":16.0},{"not_picked":["Blizzard","Hologram+1"],"picked":"Glacier+1","floor":18.0},{"not_picked":["Redo+1","White Noise+1","Go for the Eyes"],"picked":"SKIP","floor":21.0},{"not_picked":["Redo+1","White Noise+1","Go for the Eyes"],"picked":"SKIP","floor":21.0},{"not_picked":["Core Surge","Compile Driver"],"picked":"Consume+1","floor":23.0},{"not_picked":["Beam Cell","Capacitor"],"picked":"Double Energy+1","floor":27.0},{"not_picked":["Echo Form","Ball Lightning","Leap+1"],"picked":"SKIP","floor":29.0},{"not_picked":["Go for the Eyes","Reinforced Body+1","Stack+1"],"picked":"SKIP","floor":31.0},{"not_picked":["Machine Learning","Amplify+1"],"picked":"Reboot+1","floor":33.0},{"not_picked":["Steam+1","Leap+1"],"picked":"Defragment","floor":35.0},{"not_picked":["Aggregate+1","Loop+1"],"picked":"Heatsinks+1","floor":36.0},{"not_picked":["Darkness+1","Static Discharge+1"],"picked":"Skim+1","floor":38.0},{"not_picked":["Compile Driver","Force Field+1","Redo+1"],"picked":"SKIP","floor":39.0},{"not_picked":["Gash","Undo+1","Sunder"],"picked":"SKIP","floor":40.0},{"not_picked":["Gash","Static Discharge+1","All For One"],"picked":"SKIP","floor":42},{"not_picked":["Sweeping Beam","Aggregate+1","Redo+1"],"picked":"SKIP","floor":44},{"not_picked":["Conserve Battery+1","Go for the Eyes","Compile Driver"],"picked":"SKIP","floor":45},{"not_picked":["Fusion+1","Undo+1"],"picked":"Coolheaded+1","floor":46},{"not_picked":["Rebound","Beam Cell"],"picked":"Glacier+1","floor":48}],"player_experience":742492,"relics_obtained":[{"floor":9.0,"key":"Toy Ornithopter"},{"floor":10.0,"key":"Toxic Egg 2"},{"floor":23.0,"key":"Whetstone"},{"floor":26.0,"key":"The Courier"},{"floor":29.0,"key":"Letter Opener"},{"floor":40.0,"key":"Eternal Feather"},{"floor":42,"key":"TungstenRod"},{"floor":43,"key":"Cables"},{"floor":44,"key":"Mummified Hand"}],"event_choices":[{"damage_healed":21.0,"max_hp_gain":0.0,"max_hp_loss":0.0,"gold_gain":0.0,"event_name":"Big Fish","player_choice":"Banana","floor":5.0,"gold_loss":0.0,"damage_taken":0.0},{"cards_removed":["Strike_B"],"damage_healed":0.0,"max_hp_gain":0.0,"max_hp_loss":0.0,"gold_gain":0.0,"event_name":"Back to Basics","player_choice":"Elegance","floor":20.0,"gold_loss":0.0,"damage_taken":0.0},{"damage_healed":0.0,"max_hp_gain":0.0,"max_hp_loss":0.0,"gold_gain":0.0,"event_name":"Vampires","player_choice":"Ignored","floor":22.0,"gold_loss":0.0,"damage_taken":0.0},{"damage_healed":0.0,"max_hp_gain":0.0,"max_hp_loss":0.0,"gold_gain":0.0,"cards_transformed":["Strike_B","Strike_B"],"event_name":"Drug Dealer","player_choice":"Became Test Subject","floor":24.0,"gold_loss":0.0,"damage_taken":0.0,"cards_obtained":["Seek","Echo Form"]},{"damage_healed":0.0,"max_hp_gain":0.0,"max_hp_loss":0.0,"gold_gain":0.0,"event_name":"Forgotten Altar","player_choice":"Smashed Altar","floor":28.0,"gold_loss":0.0,"damage_taken":0.0,"cards_obtained":["Decay"]},{"cards_removed":["Sweeping Beam"],"damage_healed":0,"gold_gain":0,"player_choice":"Removed Attack","damage_taken":0,"max_hp_gain":0,"max_hp_loss":0,"event_name":"Falling","floor":47,"gold_loss":0}],"is_beta":false,"boss_relics":[{"not_picked":["Astrolabe","Sozu"],"picked":"Nuclear Battery"},{"not_picked":["Pandora\u0027s Box","Black Star"],"picked":"FrozenCore"}],"items_purged_floors":[19,37,41],"is_endless":false,"potions_floor_spawned":[7,10,11,13,21,27,33,36,39,45,48],"ascension_level":20}}