{"host":"test","time":1608408224,"event":{"mods":["BaseMod","Bestiary","Colored Map","Filter the Spire","Highlight Path","Minty Spire (QoL Compilation)","Relic Stats","Slay the Relics Exporter"],"gold_per_floor":[118,136,136,136,159,198,198,233,310,354,354,354,354],"floor_reached":12,"playtime":386,"items_purged":[],"score":86,"play_id":"c73d5252-b098-4efe-87d5-1a8edf8b496c","local_time":"20201219140344","is_ascension_mode":false,"campfire_choices":[{"data":"Twin Strike","floor":7,"key":"SMITH"}],"circlet_count":0,"master_deck":["Strike_R","Strike_R","Strike_R","Strike_R","Strike_R","Defend_R","Defend_R","Defend_R","Defend_R+1","Bash","Twin Strike+1","Anger","Shrug It Off+1","Ghostly Armor","Offering"],"relics":["SlaversCollar","Golden Idol","War Paint","Odd Mushroom","Sundial","Happy Flower","Blood Vial"],"acts_visited":["Exordium"],"potions_floor_usage":[6,10],"damage_taken":[{"damage":0,"enemies":"Small Slimes","floor":1,"turns":3},{"damage":4,"enemies":"2 Louse","floor":2,"turns":3},{"damage":11,"enemies":"Jaw Worm","floor":5,"turns":2},{"damage":5,"enemies":"Lagavulin","floor":6,"turns":7},{"damage":8,"enemies":"The Mushroom Lair","floor":8,"turns":6},{"damage":6,"enemies":"Gremlin Nob","floor":10,"turns":3},{"damage":10,"enemies":"3 Sentries","floor":12,"turns":3}],"seed_played":"4470561570236732263","potions_obtained":[{"floor":5,"key":"DuplicationPotion"},{"floor":6,"key":"Strength Potion"},{"floor":10,"key":"Energy Potion"}],"is_trial":false,"path_per_floor":["M","M","?","?","M","E","R","?","T","E","?","E"],"character_chosen":"IRONCLAD","items_purchased":[],"campfire_rested":0,"item_purchase_floors":[],"current_hp_per_floor":[80,76,81,79,68,63,63,55,55,49,7,0,0],"gold":354,"neow_bonus":"BOSS_RELIC","is_daily":false,"chose_seed":false,"campfire_upgraded":1,"win_rate":0.0,"timestamp":1608408224,"path_taken":["M","M","?","?","M","E","R","?","T","E","?","E"],"items_purchased_type":[],"build_version":"2020-12-18","purchased_purges":0,"victory":false,"max_hp_per_floor":[80,80,85,79,79,79,79,79,79,79,79,79,79],"relic_stats":{"Blood Vial":2,"Happy Flower":[1],"counters":[7,27],"Golden Idol":29,"Sundial":[0],"War Paint":["Shrug It Off","Defend_R"],"obtain_stats":[{"Blood Vial":11,"SlaversCollar":0,"Happy Flower":10,"Golden Idol":4,"Sundial":9,"War Paint":6,"Odd Mushroom":8,"Burning Blood":0},{"Blood Vial":6,"SlaversCollar":0,"Happy Flower":6,"Golden Idol":2,"Sundial":5,"War Paint":4,"Odd Mushroom":5,"Burning Blood":0},{"Blood Vial":24,"SlaversCollar":0,"Happy Flower":24,"Golden Idol":6,"Sundial":21,"War Paint":15,"Odd Mushroom":21,"Burning Blood":0}]},"card_choices":[{"not_picked":["Pommel Strike","Dark Embrace"],"picked":"Twin Strike","floor":1},{"not_picked":["True Grit","Bloodletting"],"picked":"Anger","floor":2},{"not_picked":["Twin Strike","Pommel Strike"],"picked":"Shrug It Off","floor":5},{"not_picked":["Searing Blow","Clash"],"picked":"Ghostly Armor","floor":6},{"not_picked":["Warcry","Battle Trance"],"picked":"Offering","floor":10}],"player_experience":0,"relics_obtained":[{"floor":6,"key":"War Paint"},{"floor":8,"key":"Odd Mushroom"},{"floor":9,"key":"Sundial"},{"floor":10,"key":"Happy Flower"}],"event_choices":[{"damage_healed":0,"gold_gain":0,"player_choice":"Donut","damage_taken":0,"max_hp_gain":5,"max_hp_loss":0,"event_name":"Big Fish","floor":3,"gold_loss":0},{"damage_healed":0,"gold_gain":0,"player_choice":"Lose Max HP","damage_taken":0,"relics_obtained":["Golden Idol"],"max_hp_gain":0,"max_hp_loss":6,"event_name":"Golden Idol","floor":4,"gold_loss":0},{"damage_healed":0,"gold_gain":0,"player_choice":"Fought Mushrooms","damage_taken":0,"max_hp_gain":0,"max_hp_loss":0,"event_name":"Mushrooms","floor":8,"gold_loss":0},{"damage_healed":0,"gold_gain":0,"player_choice":"Success","damage_taken":42,"relics_obtained":["Blood Vial"],"max_hp_gain":0,"max_hp_loss":0,"event_name":"Scrap Ooze","floor":11,"gold_loss":0}],"is_beta":true,"boss_relics":[],"items_purged_floors":[],"is_endless":false,"potions_floor_spawned":[5,6,10],"killed_by":"3 Sentries","ascension_level":0}}