{"host":"5mo0809oo9tcrmpl","time":1608343337,"event":{"mods":["BaseMod","Highlight Path","Minty Spire (QoL Compilation)","Relic Stats","Slay the Relics Exporter"],"gold_per_floor":[113,133,76,96,171,171,206,223,276,276,24,55,67,98,110,213,225,256,295,307,234,246,258,310,34,34,34,49,74,35,78,78,171,171,185,203,216,41,41,41,41],"floor_reached":40,"playtime":1904,"items_purged":["Strike_G","Writhe"],"score":860,"play_id":"1f8d1bfb-42ca-4e03-ba99-be2fb1d3da99","local_time":"20201218200217","is_ascension_mode":true,"campfire_choices":[{"data":"Neutralize","floor":6.0,"key":"SMITH"},{"data":"Poisoned Stab","floor":10.0,"key":"SMITH"},{"floor":15.0,"key":"REST"},{"data":"After Image","floor":23.0,"key":"SMITH"},{"data":"Malaise","floor":27.0,"key":"SMITH"},{"data":"Well Laid Plans","floor":32.0,"key":"SMITH"}],"circlet_count":0,"master_deck":["AscendersBane","Strike_G+1","Strike_G+1","Strike_G+1","Strike_G+1","Defend_G+1","Defend_G+1","Defend_G+1","Defend_G+1","Defend_G+1","Survivor","Neutralize+1","Riddle With Holes","Poisoned Stab+1","Well Laid Plans+1","Backstab","Choke","Malaise+1","Deflect","Calculated Gamble","After Image+1","All Out Attack","Writhe","Deadly Poison","Doubt","Unload","Crippling Poison+1","Burst+1","PiercingWail+1","Footwork"],"relics":["Ring of the Snake","Tiny Chest","Pear","Ancient Tea Set","MawBank","Golden Idol","Cursed Key","PreservedInsect","Tingsha","Snake Skull","Toxic Egg 2","Eternal Feather","HornCleat","Fusion Hammer"],"acts_visited":["Exordium","TheCity","TheBeyond"],"potions_floor_usage":[40],"damage_taken":[{"damage":6.0,"enemies":"Cultist","floor":1.0,"turns":5.0},{"damage":1.0,"enemies":"Jaw Worm","floor":2.0,"turns":5.0},{"damage":0.0,"enemies":"2 Louse","floor":4.0,"turns":3.0},{"damage":24.0,"enemies":"Lagavulin","floor":7.0,"turns":9.0},{"damage":1.0,"enemies":"Exordium Wildlife","floor":8.0,"turns":4.0},{"damage":26.0,"enemies":"3 Sentries","floor":12.0,"turns":12.0},{"damage":4.0,"enemies":"Blue Slaver","floor":14.0,"turns":3.0},{"damage":15.0,"enemies":"The Guardian","floor":16.0,"turns":15.0},{"damage":3.0,"enemies":"3 Byrds","floor":18.0,"turns":7.0},{"damage":20.0,"enemies":"Slavers","floor":24.0,"turns":5.0},{"damage":0.0,"enemies":"Chosen","floor":28.0,"turns":5.0},{"damage":8.0,"enemies":"Gremlin Leader","floor":31.0,"turns":5.0},{"damage":46.0,"enemies":"Collector","floor":33.0,"turns":11.0},{"damage":13.0,"enemies":"3 Shapes","floor":35.0,"turns":6.0},{"damage":9.0,"enemies":"Orb Walker","floor":36.0,"turns":5.0},{"damage":2.0,"enemies":"Sphere and 2 Shapes","floor":37.0,"turns":5.0},{"damage":43,"enemies":"Reptomancer","floor":40,"turns":2}],"seed_played":"6396755865741751841","potions_obtained":[{"floor":2.0,"key":"Regen Potion"},{"floor":8.0,"key":"EssenceOfSteel"},{"floor":28.0,"key":"PowerPotion"},{"floor":31.0,"key":"Fruit Juice"},{"floor":36.0,"key":"EssenceOfSteel"}],"is_trial":false,"path_per_floor":["M","M","$","M","?","R","E","M","T","R","$","E","?","M","R","B",null,"M","T","?","?","?","R","E","$","T","R","M","T","$","E","R","B",null,"M","M","M","$","?","E"],"character_chosen":"THE_SILENT","items_purchased":["Poison Potion","Malaise","Toxic Egg 2","Crippling Poison+1","Footwork"],"campfire_rested":1,"item_purchase_floors":[3,11,25,30,38],"current_hp_per_floor":[53,52,52,52,41,41,42,41,41,41,41,15,15,11,31,16,56,53,53,53,53,53,53,33,33,33,48,48,48,48,45,60,14,59,46,37,35,35,35,0,0],"gold":41,"neow_bonus":"RANDOM_COMMON_RELIC","is_daily":false,"chose_seed":false,"campfire_upgraded":5,"win_rate":0.0,"timestamp":1608343337,"path_taken":["M","M","?","M","?","R","E","M","T","R","$","E","?","M","R","BOSS","M","?","?","?","?","R","E","$","T","R","M","?","$","E","R","BOSS","M","M","M","$","?","E"],"items_purchased_type":["Potion","Card","Relic","Card","Card"],"build_version":"2020-12-13","purchased_purges":2,"victory":false,"max_hp_per_floor":[66,66,66,66,66,66,76,76,76,76,76,76,69,69,69,69,69,69,69,69,69,69,69,69,69,69,69,69,69,69,74,74,74,74,74,74,74,74,74,74,74],"relic_stats":{"counters":[17,107],"Golden Idol":78,"Tiny Chest":2,"Tingsha":[85],"Eternal Feather":30,"PreservedInsect":154,"Snake Skull":[41],"MawBank":156,"Cursed Key":3,"obtain_stats":[{"Pear":7,"Golden Idol":13,"Tingsha":21,"Eternal Feather":26,"PreservedInsect":19,"Snake Skull":24,"Ancient Tea Set":9,"MawBank":12,"Cursed Key":17,"HornCleat":31,"Tiny Chest":0,"Fusion Hammer":34,"Toxic Egg 2":25,"Ring of the Snake":0},{"Pear":4,"Golden Idol":6,"Tingsha":9,"Eternal Feather":10,"PreservedInsect":9,"Snake Skull":10,"Ancient Tea Set":5,"MawBank":6,"Cursed Key":8,"HornCleat":12,"Tiny Chest":0,"Fusion Hammer":13,"Toxic Egg 2":10,"Ring of the Snake":0},{"Pear":22,"Golden Idol":38,"Tingsha":63,"Eternal Feather":68,"PreservedInsect":63,"Snake Skull":68,"Ancient Tea Set":26,"MawBank":38,"Cursed Key":56,"HornCleat":78,"Tiny Chest":0,"Fusion Hammer":89,"Toxic Egg 2":68,"Ring of the Snake":0}],"Ring of the Snake":[34]},"card_choices":[{"not_picked":["Dodge and Roll","Bane"],"picked":"Riddle With Holes","floor":1.0},{"not_picked":["Dagger Spray","Dodge and Roll"],"picked":"Poisoned Stab","floor":2.0},{"not_picked":["Setup","Bane"],"picked":"Well Laid Plans","floor":4.0},{"not_picked":["PiercingWail","Blade Dance"],"picked":"Backstab","floor":7.0},{"not_picked":["Infinite Blades","Backflip"],"picked":"Choke","floor":8.0},{"not_picked":["Outmaneuver","Flying Knee"],"picked":"Deflect","floor":12.0},{"not_picked":["Expertise","Doppelganger"],"picked":"Calculated Gamble","floor":14.0},{"not_picked":["Storm of Steel","A Thousand Cuts"],"picked":"After Image","floor":16.0},{"not_picked":["Sucker Punch+1","Dagger Throw"],"picked":"All Out Attack","floor":18.0},{"not_picked":["Outmaneuver+1","Bane"],"picked":"Deadly Poison","floor":24.0},{"not_picked":["Sucker Punch","Poisoned Stab"],"picked":"Unload","floor":28.0},{"not_picked":["Quick Slash","Endless Agony","Acrobatics+1"],"picked":"SKIP","floor":31.0},{"not_picked":["After Image","Adrenaline+1"],"picked":"Burst+1","floor":33.0},{"not_picked":["Dagger Spray","Blade Dance+1","Outmaneuver+1"],"picked":"SKIP","floor":35.0},{"not_picked":["Sucker Punch+1","Slice","Well Laid Plans"],"picked":"SKIP","floor":36.0},{"not_picked":["Deadly Poison+1","Quick Slash"],"picked":"PiercingWail+1","floor":37}],"player_experience":1285295,"relics_obtained":[{"floor":7.0,"key":"Pear"},{"floor":9.0,"key":"Ancient Tea Set"},{"floor":12.0,"key":"MawBank"},{"floor":19.0,"key":"PreservedInsect"},{"floor":24.0,"key":"Snake Skull"},{"floor":26.0,"key":"Eternal Feather"},{"floor":31.0,"key":"HornCleat"}],"event_choices":[{"damage_healed":0.0,"max_hp_gain":0.0,"max_hp_loss":0.0,"gold_gain":75.0,"event_name":"World of Goop","player_choice":"Gather Gold","floor":5.0,"gold_loss":0.0,"damage_taken":11.0},{"damage_healed":0.0,"max_hp_gain":0.0,"max_hp_loss":7.0,"gold_gain":0.0,"event_name":"Golden Idol","player_choice":"Lose Max HP","floor":13.0,"gold_loss":0.0,"damage_taken":0.0,"relics_obtained":["Golden Idol"]},{"damage_healed":0.0,"max_hp_gain":0.0,"max_hp_loss":0.0,"gold_gain":0.0,"event_name":"Back to Basics","player_choice":"Simplicity","floor":20.0,"gold_loss":0.0,"damage_taken":0.0,"cards_upgraded":["Strike_G","Strike_G","Strike_G","Strike_G","Defend_G","Defend_G","Defend_G","Defend_G","Defend_G"]},{"damage_healed":0.0,"max_hp_gain":0.0,"max_hp_loss":0.0,"gold_gain":0.0,"event_name":"Addict","player_choice":"Obtained Relic","floor":21.0,"gold_loss":85.0,"damage_taken":0.0,"relics_obtained":["Tingsha"]},{"damage_healed":0.0,"max_hp_gain":0.0,"max_hp_loss":0.0,"gold_gain":0.0,"event_name":"Ghosts","player_choice":"Ignored","floor":22.0,"gold_loss":0.0,"damage_taken":0.0},{"damage_healed":0,"gold_gain":0,"player_choice":"Memory 1","damage_taken":0,"max_hp_gain":0,"max_hp_loss":0,"event_name":"SensoryStone","floor":39,"gold_loss":0}],"is_beta":false,"boss_relics":[{"not_picked":["Ring of the Serpent","Astrolabe"],"picked":"Cursed Key"},{"not_picked":["Philosopher\u0027s Stone","Busted Crown"],"picked":"Fusion Hammer"}],"items_purged_floors":[11,38],"is_endless":false,"potions_floor_spawned":[2,4,8,28,31,36],"killed_by":"Reptomancer","ascension_level":20}}