{"host":"w01uex9uy9hwwtiw","time":1608365603,"event":{"mods":["BaseMod","Minty Spire (QoL Compilation)","Remilia（蕾米莉亚）","Replay The Spire","RumiaBox-露米娅的神秘盒子","SIMod","StSLib","TestMod","The Cursed","vexMod","【东方二次创作】八云紫mod","【遗物Mod】死灵法师NEW","【遗物卡牌】REMEMod","篝火指南","老伊莉雅"],"gold_per_floor":[116,127,139,139,24,52,72,72,141,141,156,54,86,98,98,203,203,214,226,226,501,77,110,110,130,130,130,140,140,157,177,177,276,276,286,80,97,110,123,148,0,0,48,1047,1064,1081,630,655,40,40,40,40,40,68,68],"floor_reached":56,"playtime":2345,"items_purged":["TheCursedMod:Dregs","Regret","PrismaMod:ChloeCommonAOEAttack"],"score":1511,"play_id":"f37d35ad-ad6d-4679-a261-6b2c6e4d7845","local_time":"20201219161323","is_ascension_mode":false,"campfire_choices":[{"floor":10.0,"key":"REST"},{"data":"PrismaMod:ChloeRhongomyniad","floor":15.0,"key":"SMITH"},{"floor":24.0,"key":"RECALL"},{"data":"PrismaMod:ChloeCaladbolg","floor":27.0,"key":"SMITH"},{"data":"PrismaMod:ChloeEyeOfTheEuryale","floor":29.0,"key":"SMITH"},{"data":"PrismaMod:ChloeUncommonAttack","floor":32.0,"key":"SMITH"},{"data":"PrismaMod:ChloeDevil","floor":52,"key":"SMITH"}],"circlet_count":0,"master_deck":["PrismaMod:ChloeCheapAttack","PrismaMod:ChloeCheapDefend","Machine Learning","PrismaMod:ChloeCheapAttack","PrismaMod:ChloeCaladbolg+1","PrismaMod:ChloeEyeOfTheEuryale+1","PrismaMod:ChloeCarnivalAttack+1","PrismaMod:ChloeGaeBolg","PrismaMod:ChloeRhongomyniad+1","PrismaMod:ChloeHalloween+1","PrismaMod:ChloeCheapAttackTwo+1","PrismaMod:ChloeChristmas","PrismaMod:ChloeCarnivalDefend+1","PrismaMod:ChloeCheapDefend","PrismaMod:ChloeRuleBreaker+1","PrismaMod:ChloeDiscardRecovery+1","PrismaMod:ChloeUncommonDefend","PrismaMod:ChloeDemonicTutor+1","PrismaMod:ChloeUncommonAttack+1","PrismaMod:ChloeGaeBolg","PrismaMod:ChloeAnyAttackTrace+1","CurseOfTheBell","Summon_Undead+1","Summon_Undead+1","Summon_Undead+1","Summon_Undead+1","Summon_Undead+1","Summon_Undead+1","Summon_Undead+1","Summon_Undead+1","Summon_Undead+1","Summon_Undead+1","PrismaMod:ChloeExcalibur","PrismaMod:ChloeCarnivalAOEAttack+1","PrismaMod:ChloeBetterTracePools+1","PrismaMod:ChloeExcalibur","PrismaMod:ChloeCheapDefend+1","PrismaMod:ChloeUncommonAOEAttack","PrismaMod:ChloeCommonAOEAttack","PrismaMod:ChloeUncommonDefend+1","PrismaMod:ChloeGaeBolg","PrismaMod:ChloeCheapAttack","PrismaMod:ChloeExhaustOne","PrismaMod:ChloeDevil+","PrismaMod:ChloeBetterTracePools+1","PrismaMod:ChloeCheapAttack+1"],"relics":["PrismaMod:PrismaTraceOn","testmod-TestBox","REME_ComplimentaryCards","testmod-ArcanaOfDestiny","NeowsBlessing","FaceOfCleric","Lizard Tail","Golden Egg","ReplayTheSpireMod:CursedCoin","Bag of Marbles","Pet Ghost","Coffee Dripper","GodSword4","SumUndead","Pen Nib","SumBook2","testmod-EqualTreatment","Akabeko","Red Mask","Bronze Scales","ReplayTheSpireMod:TigerMarble","Replay:Rubber Ducky","Orrery","testmod-LifeArmor","testmod-Justice","Bottled Flame","Lantern"],"acts_visited":["Exordium","TheCity","TheBeyond","TheEnding"],"potions_floor_usage":[55,55],"damage_taken":[{"damage":0.0,"enemies":"Cultist","floor":1.0,"turns":1.0},{"damage":0.0,"enemies":"2 Louse","floor":2.0,"turns":1.0},{"damage":0.0,"enemies":"Jaw Worm","floor":3.0,"turns":1.0},{"damage":15.0,"enemies":"Lagavulin","floor":6.0,"turns":3.0},{"damage":9.0,"enemies":"Gremlin Gang","floor":7.0,"turns":4.0},{"damage":0.0,"enemies":"Red Slaver","floor":11.0,"turns":1.0},{"damage":3.0,"enemies":"3 Sentries","floor":13.0,"turns":3.0},{"damage":0.0,"enemies":"Blue Slaver","floor":14.0,"turns":1.0},{"damage":0.0,"enemies":"Slime Boss","floor":16.0,"turns":2.0},{"damage":0.0,"enemies":"Chosen","floor":18.0,"turns":2.0},{"damage":0.0,"enemies":"Spheric Guardian","floor":19.0,"turns":1.0},{"damage":9.0,"enemies":"Replay:Snechameleon","floor":23.0,"turns":3.0},{"damage":2.0,"enemies":"Snake Plant","floor":25.0,"turns":2.0},{"damage":0.0,"enemies":"Centurion and Healer","floor":28.0,"turns":3.0},{"damage":0.0,"enemies":"Snecko","floor":30.0,"turns":2.0},{"damage":0.0,"enemies":"Cultist and Chosen","floor":31.0,"turns":2.0},{"damage":21.0,"enemies":"Champ","floor":33.0,"turns":6.0},{"damage":0.0,"enemies":"Orb Walker","floor":35.0,"turns":2.0},{"damage":0.0,"enemies":"3 Shapes","floor":37.0,"turns":1.0},{"damage":0.0,"enemies":"Transient","floor":38.0,"turns":5.0},{"damage":27.0,"enemies":"Writhing Mass","floor":39.0,"turns":3.0},{"damage":0.0,"enemies":"Reptomancer","floor":40.0,"turns":3.0},{"damage":9.0,"enemies":"4 Shapes","floor":45.0,"turns":1.0},{"damage":0.0,"enemies":"Sphere and 2 Shapes","floor":46.0,"turns":1.0},{"damage":21,"enemies":"Donu and Deca","floor":50,"turns":4},{"damage":6,"enemies":"Shield and Spear","floor":54,"turns":2},{"damage":106,"enemies":"The Heart","floor":55,"turns":8}],"seed_played":"-3426719558287429846","potions_obtained":[{"floor":6.0,"key":"Toxic Potion"},{"floor":11.0,"key":"PowerPotion"},{"floor":13.0,"key":"BlessingOfTheForge"},{"floor":30.0,"key":"Flashbang"}],"is_trial":false,"path_per_floor":["M","M","M","?","$","E","M","$","T","R","M","$","E","M","R","B",null,"M","M","?","?","$","E","R","M","T","R","M","R","M","M","R","B",null,"M","$","M","M","M","E","?","T","T","?","M","M","R","T","R","B",null,"R","$","E","B",null],"character_chosen":"CHLOE","items_purchased":["PrismaMod:ChloeCarnivalAttack+1","ReplayTheSpireMod:CursedCoin","Bag of Marbles","PrismaMod:ChloeCheapAttackTwo","PrismaMod:ChloeRuleBreaker","vexMod:BerryBomb","PrismaMod:ChloeCarnivalAOEAttack","PrismaMod:ChloeBetterTracePools+1","ReplayTheSpireMod:TigerMarble","Replay:Rubber Ducky","Orrery","testmod-Justice","Bottled Flame"],"campfire_rested":1,"item_purchase_floors":[5,12,12,12,22,22,36,36,47,47,47,49,49],"current_hp_per_floor":[75,75,75,75,75,61,53,53,53,76,77,77,75,76,76,77,81,82,83,83,83,89,81,81,80,80,80,81,81,89,90,90,83,95,96,96,97,98,72,94,94,94,94,94,86,87,87,87,87,90,103,103,103,98,41],"gold":68,"neow_bonus":"THREE_ENEMY_KILL","is_daily":false,"chose_seed":false,"campfire_upgraded":5,"win_rate":0.0,"timestamp":1608365603,"path_taken":["M","?","M","?","?","E","M","?","T","R","M","$","E","?","R","BOSS","M","M","?","?","$","E","R","M","T","R","M","R","M","M","R","BOSS","M","?","M","M","M","E","?","?","T","?","?","M","R","?","R","BOSS","R","$","E","BOSS"],"items_purchased_type":["Card","Relic","Relic","Card","Card","Relic","Card","Card","Relic","Relic","Relic","Relic","Relic"],"build_version":"2020-12-13","purchased_purges":3,"victory":true,"max_hp_per_floor":[75,75,75,75,75,76,77,77,77,77,78,78,79,80,80,81,81,82,83,83,83,89,90,90,91,91,91,92,92,93,94,94,95,95,96,96,97,98,99,100,100,100,100,100,101,102,102,102,102,103,103,103,103,104,105],"card_choices":[{"not_picked":["PrismaMod:ChloeExhaustTwo","PrismaMod:ChloeCheapDefend"],"picked":"PrismaMod:ChloeCheapAttack","floor":1.0},{"not_picked":["PrismaMod:ChloeMordred","PrismaMod:ChloeCheapAttackTwo"],"picked":"PrismaMod:ChloeCaladbolg","floor":2.0},{"not_picked":["PrismaMod:ChloeRhongomyniad","PrismaMod:ChloeUncommonDefend"],"picked":"PrismaMod:ChloeEyeOfTheEuryale","floor":3.0},{"not_picked":["PrismaMod:ChloeMaid","PrismaMod:ChloeMordred"],"picked":"PrismaMod:ChloeGaeBolg","floor":6.0},{"not_picked":["PrismaMod:ChloeDiscardRecovery","PrismaMod:ChloeCheapAttack"],"picked":"PrismaMod:ChloeRhongomyniad","floor":7.0},{"not_picked":["PrismaMod:ChloeEyeOfTheEuryale","PrismaMod:ChloeCheapDefend"],"picked":"PrismaMod:ChloeHalloween","floor":11.0},{"not_picked":["PrismaMod:ChloeCheapAttackTwo","PrismaMod:ChloeDiscardRecovery"],"picked":"PrismaMod:ChloeChristmas","floor":13.0},{"not_picked":["PrismaMod:ChloeDiscardRecovery","PrismaMod:ChloeCheapDefendTwo","PrismaMod:ChloeCheapAttackTwo"],"picked":"SKIP","floor":14.0},{"not_picked":["PrismaMod:ChloeAnyPowerTrace","PrismaMod:ChloeDoubleRelicSpeed"],"picked":"PrismaMod:ChloeCarnivalDefend","floor":16.0},{"not_picked":["PrismaMod:ChloeExhaustOne","PrismaMod:ChloeCheapAttack"],"picked":"PrismaMod:ChloeCheapDefend","floor":18.0},{"not_picked":["PrismaMod:ChloeCheapAttackTwo","PrismaMod:ChloeExhaustOne"],"picked":"PrismaMod:ChloeCommonAOEAttack","floor":19.0},{"not_picked":["PrismaMod:ChloeCheapAttackTwo","PrismaMod:ChloeCheapDefend"],"picked":"PrismaMod:ChloeDiscardRecovery+1","floor":23.0},{"not_picked":["PrismaMod:ChloeRuleBreaker","PrismaMod:ChloeMaid"],"picked":"PrismaMod:ChloeUncommonDefend","floor":25.0},{"not_picked":["PrismaMod:ChloeDoubleRelicSpeed","PrismaMod:ChloeCheapDefend"],"picked":"PrismaMod:ChloeDemonicTutor+1","floor":28.0},{"not_picked":["PrismaMod:ChloeCheapAttack","PrismaMod:ChloeExhaustOne"],"picked":"PrismaMod:ChloeUncommonAttack","floor":30.0},{"not_picked":["PrismaMod:ChloeDiscardRecovery","PrismaMod:ChloeCheapDefend"],"picked":"PrismaMod:ChloeGaeBolg","floor":31.0},{"not_picked":["PrismaMod:ChloeAnyPowerTrace","PrismaMod:ChloeAnyCommonTrace"],"picked":"PrismaMod:ChloeAnyAttackTrace","floor":33.0},{"not_picked":["PrismaMod:ChloeCheapAttackTwo+1","PrismaMod:ChloeExhaustOne+1"],"picked":"PrismaMod:ChloeExcalibur","floor":35.0},{"not_picked":["PrismaMod:ChloeCommonAOEAttack+1","PrismaMod:ChloeCheapAttack"],"picked":"PrismaMod:ChloeExcalibur","floor":37.0},{"not_picked":["PrismaMod:ChloeExhaustOne+1","PrismaMod:ChloeDiscardRecovery+1"],"picked":"PrismaMod:ChloeCheapDefend+1","floor":38.0},{"not_picked":["PrismaMod:ChloeExhaustOne+1","PrismaMod:ChloeCheapAttackTwo+1"],"picked":"PrismaMod:ChloeUncommonAOEAttack","floor":39.0},{"not_picked":["PrismaMod:ChloeUncommonAttack","PrismaMod:ChloeCheapDefendTwo"],"picked":"PrismaMod:ChloeCommonAOEAttack","floor":40.0},{"not_picked":["PrismaMod:ChloeCheapAttack+1","PrismaMod:ChloeCheapDefend+1"],"picked":"PrismaMod:ChloeUncommonDefend+1","floor":45.0},{"not_picked":["PrismaMod:ChloeChristmas","PrismaMod:ChloeDoubleRelicSpeed"],"picked":"PrismaMod:ChloeGaeBolg","floor":46.0},{"not_picked":["PrismaMod:ChloeExhaustOne+1","PrismaMod:ChloeUncommonDefend"],"picked":"PrismaMod:ChloeCheapAttack","floor":47.0},{"not_picked":["PrismaMod:ChloeDiscardRecovery","PrismaMod:ChloeUncommonDefend"],"picked":"PrismaMod:ChloeExhaustOne","floor":47.0},{"not_picked":["PrismaMod:ChloeExhaustTwo","PrismaMod:ChloeMaid+1"],"picked":"PrismaMod:ChloeDevil","floor":47.0},{"not_picked":["PrismaMod:ChloeExhaustOne+1","PrismaMod:ChloeCheapDefend+1"],"picked":"PrismaMod:ChloeBetterTracePools+1","floor":47.0},{"not_picked":["PrismaMod:ChloeExhaustOne+1","PrismaMod:ChloeCheapAttackTwo"],"picked":"PrismaMod:ChloeCheapAttack+1","floor":54}],"player_experience":103292,"relics_obtained":[{"floor":6.0,"key":"Lizard Tail"},{"floor":9.0,"key":"Golden Egg"},{"floor":13.0,"key":"Pet Ghost"},{"floor":23.0,"key":"GodSword4"},{"floor":26.0,"key":"SumUndead"},{"floor":34.0,"key":"Pen Nib"},{"floor":34.0,"key":"SumBook2"},{"floor":34.0,"key":"testmod-EqualTreatment"},{"floor":40.0,"key":"Akabeko"},{"floor":43.0,"key":"Bronze Scales"},{"floor":48.0,"key":"testmod-LifeArmor"},{"floor":54,"key":"Lantern"}],"event_choices":[{"damage_healed":0.0,"max_hp_gain":0.0,"max_hp_loss":0.0,"gold_gain":0.0,"event_name":"FaceTrader","player_choice":"Trade","floor":4.0,"gold_loss":0.0,"damage_taken":0.0,"relics_obtained":["FaceOfCleric"]},{"damage_healed":0.0,"max_hp_gain":0.0,"max_hp_loss":0.0,"gold_gain":0.0,"event_name":"Back to Basics","player_choice":"Simplicity","floor":20.0,"gold_loss":0.0,"damage_taken":0.0,"cards_upgraded":["PrismaMod:ChloeCommonAttack","PrismaMod:ChloeCommonAttack","PrismaMod:ChloeCommonAttack","PrismaMod:ChloeCommonAttack","PrismaMod:ChloeCommonAttack","PrismaMod:ChloeCommonDefend","PrismaMod:ChloeCommonDefend","PrismaMod:ChloeCommonDefend","PrismaMod:ChloeCommonDefend","PrismaMod:ChloeCommonDefend"]},{"damage_healed":0.0,"max_hp_gain":0.0,"max_hp_loss":0.0,"gold_gain":275.0,"event_name":"Golden Shrine","player_choice":"Desecrate","floor":21.0,"gold_loss":0.0,"damage_taken":0.0,"cards_obtained":["Regret"]},{"damage_healed":0.0,"max_hp_gain":0.0,"max_hp_loss":0.0,"gold_gain":0.0,"event_name":"Tomb of Lord Red Mask","player_choice":"Paid","floor":41.0,"gold_loss":148.0,"damage_taken":0.0,"relics_obtained":["Red Mask"]},{"damage_healed":0.0,"max_hp_gain":0.0,"max_hp_loss":0.0,"gold_gain":999.0,"event_name":"恩洛斯的盘子","player_choice":"Sell","floor":44.0,"relics_lost":["Calling Bell"],"gold_loss":0.0,"damage_taken":0.0}],"is_beta":false,"boss_relics":[{"not_picked":["testmod-PortableAltar","Painkiller Herb"],"picked":"Coffee Dripper"},{"not_picked":["Tiny House","Cursed Key"],"picked":"Calling Bell"}],"items_purged_floors":[12,22,49],"is_endless":false,"potions_floor_spawned":[6,11,13,14,16,18,28,30,37,39,40,45],"ascension_level":0}}