{"host":"fkzh9ayetsaj48l7","time":1608405492,"event":{"mods":["Aspiration","BaseMod","Better Altar","Better Match","Better Note","Better Sensory Stone","Better Skull","Better Third Choice","BetterRewards","Colored Map","Colored Powertips","Conspire","Energized Spire","Halation","Hermit","Hubris","Jedi Mod","Jorbs\u0027s Wanderer Trilogy","Minty Spire (QoL Compilation)","MostiFishMod","Permanent Neow","Potionbrewer","Replay The Spire","Shade Mod","Shop Mod","Spicy Shops","StSLib","The Animator","The Dragon Tamer","The Forsaken","The Gatherer","The Hierophant","The Mystic","The Necromancer","The Runesmith","The Sage","The Showman","TheBandit","TheSwordswoman","TheWitcher","thorton","vexMod"],"gold_per_floor":[127,155,120,4,4,4,4,4,4,25,25,56,69,122,122,72,72],"floor_reached":16,"playtime":460,"items_purged":["SnafuTest:DefaultCommonAttack"],"score":97,"play_id":"06227355-f45f-45b6-845a-900392ee4b72","local_time":"20201219191812","is_ascension_mode":false,"campfire_choices":[{"data":"SnafuTest:SpellIncendiaryShower","floor":8,"key":"SMITH"},{"data":"SnafuTest:PowerMartialMagical","floor":15,"key":"SMITH"}],"circlet_count":0,"master_deck":["SnafuTest:DefaultCommonAttack","SnafuTest:DefaultCommonAttack","SnafuTest:BountyHunt","SnafuTest:DefaultCommonSkill","SnafuTest:DefaultCommonSkill","SnafuTest:DefaultCommonSkill","SnafuTest:SignQuen","SnafuTest:MagePersecution","SnafuTest:PowerMartialMagical+1","SnafuTest:SpellIncendiaryShower+1","SnafuTest:MercilessReaper+1","SnafuTest:SpellBlindFury+1"],"relics":["SnafuTest:PlaceholderRelic","DaveBox","Question Card","Molten Egg 2","Spirit Poop","Happy Flower","hubris:Icosahedron","Mango","vexMod:FocusSash"],"acts_visited":["Exordium"],"potions_floor_usage":[],"damage_taken":[{"damage":6,"enemies":"Jaw Worm","floor":1,"turns":6},{"damage":5,"enemies":"Small Slimes","floor":2,"turns":2},{"damage":2,"enemies":"2 Louse","floor":10,"turns":2},{"damage":22,"enemies":"3 Sentries","floor":12,"turns":4},{"damage":12,"enemies":"2 Fungi Beasts","floor":13,"turns":4},{"damage":62,"enemies":"The Guardian","floor":16,"turns":9}],"seed_played":"-127178847300775271","potions_obtained":[{"floor":10,"key":"SnafuTest:PlaceholderPotion"}],"is_trial":false,"path_per_floor":["M","M","?","$","?","?","?","R","T","M","?","E","M","T","R","B"],"character_chosen":"THE_WITCHER","items_purchased":["SnafuTest:SpellIncendiaryShower"],"campfire_rested":0,"item_purchase_floors":[4],"current_hp_per_floor":[69,64,75,75,75,75,75,75,75,73,73,67,55,55,55,0,0],"gold":72,"neow_bonus":"ONE_RANDOM_RARE_CARD","is_daily":false,"chose_seed":false,"campfire_upgraded":2,"win_rate":0.0,"timestamp":1608405492,"path_taken":["M","M","?","$","?","?","?","R","T","?","?","E","M","?","R","BOSS"],"items_purchased_type":["Card"],"build_version":"2020-12-13","purchased_purges":1,"victory":false,"max_hp_per_floor":[75,75,75,75,75,75,75,75,75,75,75,89,89,89,89,89,89],"card_choices":[{"not_picked":["SnafuTest:PowerAlwaysOnRoads","SnafuTest:SpellLifeDrain","SnafuTest:PowerHangmenTree"],"picked":"SKIP","floor":1},{"not_picked":["SnafuTest:SpellTortoise","SnafuTest:WorldMap","SnafuTest:Shooting"],"picked":"SnafuTest:PowerMartialMagical","floor":2},{"not_picked":["SnafuTest:ShieldUp","SnafuTest:PowerAlwaysOnRoads","SnafuTest:Portal"],"picked":"SnafuTest:MercilessReaper+1","floor":10},{"not_picked":["SnafuTest:PayHappyHour","SnafuTest:PayWeaponSmith","SnafuTest:SwiftAssault+1"],"picked":"SnafuTest:SpellBlindFury+1","floor":12},{"not_picked":["SnafuTest:PowerHangmenTree","SnafuTest:NoPass","SnafuTest:PowerProbingFeint","SnafuTest:PowerFireDamnation"],"picked":"SKIP","floor":13}],"player_experience":379409,"relics_obtained":[{"floor":1,"key":"Question Card"},{"floor":9,"key":"Happy Flower"},{"floor":12,"key":"Mango"},{"floor":14,"key":"vexMod:FocusSash"}],"event_choices":[{"damage_healed":18,"gold_gain":0,"player_choice":"Healed","damage_taken":0,"max_hp_gain":0,"max_hp_loss":0,"event_name":"The Cleric","floor":3,"gold_loss":35},{"cards_removed":["Injury"],"damage_healed":0,"gold_gain":0,"player_choice":"Offered Curse","damage_taken":0,"relics_obtained":["Spirit Poop"],"max_hp_gain":0,"max_hp_loss":0,"event_name":"Bonfire Elementals","floor":7,"gold_loss":0}],"is_beta":false,"boss_relics":[],"items_purged_floors":[4],"is_endless":false,"potions_floor_spawned":[10],"killed_by":"The Guardian","ascension_level":0}}