{"host":"BK","time":1608417579,"event":{"mods":["BaseMod","Highlight Path","Minty Spire (QoL Compilation)","StSLib"],"gold_per_floor":[113,113,38,56,76,103,103,113,137,137,153,153,153,173,173,245,245,263,279,33,0,0,0],"floor_reached":22,"playtime":641,"items_purged":["Strike_B"],"score":372,"play_id":"5fe988b9-aebf-4b2c-89ad-6204d945fa60","local_time":"20201219153939","is_ascension_mode":true,"campfire_choices":[{"floor":7.0,"key":"REST"},{"data":"Zap","floor":10.0,"key":"SMITH"},{"floor":12.0,"key":"REST"},{"data":"Doom and Gloom","floor":15.0,"key":"SMITH"}],"circlet_count":0,"master_deck":["AscendersBane","Defend_B","Defend_B","Defend_B","Defend_B","Zap+1","Dualcast","Sweeping Beam+1","Rebound","Cold Snap","Doom and Gloom+1","Creative AI","Ball Lightning+1","Leap+1","Core Surge"],"relics":["Cracked Core","NeowsBlessing","Blood Vial","Oddly Smooth Stone","Empty Cage","Orrery"],"acts_visited":["Exordium","TheCity"],"potions_floor_usage":[16],"damage_taken":[{"damage":0.0,"enemies":"2 Louse","floor":1.0,"turns":1.0},{"damage":0.0,"enemies":"Jaw Worm","floor":4.0,"turns":1.0},{"damage":0.0,"enemies":"Small Slimes","floor":5.0,"turns":1.0},{"damage":56.0,"enemies":"Gremlin Nob","floor":6.0,"turns":5.0},{"damage":13.0,"enemies":"Exordium Wildlife","floor":8.0,"turns":3.0},{"damage":13.0,"enemies":"Blue Slaver","floor":11.0,"turns":3.0},{"damage":3.0,"enemies":"Looter","floor":14.0,"turns":2.0},{"damage":40,"enemies":"Slime Boss","floor":16,"turns":10},{"damage":18,"enemies":"2 Thieves","floor":18,"turns":3},{"damage":30,"enemies":"Shell Parasite","floor":19,"turns":4},{"damage":17,"enemies":"Sentry and Sphere","floor":22,"turns":3}],"seed_played":"-6077870918309793906","potions_obtained":[{"floor":4.0,"key":"SkillPotion"},{"floor":5.0,"key":"Dexterity Potion"},{"floor":14.0,"key":"FocusPotion"},{"floor":18,"key":"SpeedPotion"}],"is_trial":false,"path_per_floor":["M","?","?","M","M","E","R","M","T","R","M","R","?","M","R","B",null,"M","M","$","?","M"],"character_chosen":"DEFECT","items_purchased":["Orrery"],"campfire_rested":2,"item_purchase_floors":[20],"current_hp_per_floor":[64,64,64,64,64,8,29,18,18,18,7,28,51,50,50,12,56,40,12,12,12,0,0],"gold":0,"neow_bonus":"THREE_ENEMY_KILL","is_daily":false,"chose_seed":false,"campfire_upgraded":2,"win_rate":0.0,"timestamp":1608417579,"path_taken":["M","?","?","M","M","E","R","M","T","R","?","R","?","M","R","BOSS","M","M","$","?","M"],"items_purchased_type":["Relic"],"build_version":"2020-12-18","purchased_purges":1,"victory":false,"max_hp_per_floor":[71,71,71,71,71,71,71,71,71,71,71,71,71,71,71,71,71,71,71,71,71,71,71],"card_choices":[{"not_picked":["Loop","Blizzard"],"picked":"Sweeping Beam","floor":1.0},{"not_picked":["Beam Cell","Rip and Tear","Blizzard"],"picked":"SKIP","floor":4.0},{"not_picked":["Aggregate","Steam","Rip and Tear"],"picked":"SKIP","floor":5.0},{"not_picked":["Steam","Compile Driver","Go for the Eyes"],"picked":"SKIP","floor":6.0},{"not_picked":["Fusion","Beam Cell"],"picked":"Rebound","floor":8.0},{"not_picked":["Redo","Chill"],"picked":"Cold Snap","floor":11.0},{"not_picked":["Steam Power","Coolheaded"],"picked":"Doom and Gloom","floor":14.0},{"not_picked":["Fission","Echo Form"],"picked":"Creative AI","floor":16},{"not_picked":["Stack","Beam Cell","Scrape"],"picked":"SKIP","floor":18},{"not_picked":["Turbo","Melter"],"picked":"Ball Lightning+1","floor":19},{"not_picked":["Reboot","Hologram"],"picked":"Leap+1","floor":20},{"not_picked":["Redo","Consume"],"picked":"Core Surge","floor":20}],"player_experience":2380319,"relics_obtained":[{"floor":6.0,"key":"Blood Vial"},{"floor":9.0,"key":"Oddly Smooth Stone"}],"event_choices":[{"damage_healed":0.0,"max_hp_gain":0.0,"max_hp_loss":0.0,"gold_gain":0.0,"event_name":"Living Wall","player_choice":"Grow","floor":2.0,"gold_loss":0.0,"damage_taken":0.0,"cards_upgraded":["Sweeping Beam"]},{"cards_removed":["Strike_B"],"damage_healed":0.0,"max_hp_gain":0.0,"max_hp_loss":0.0,"gold_gain":0.0,"event_name":"The Cleric","player_choice":"Card Removal","floor":3.0,"gold_loss":75.0,"damage_taken":0.0},{"damage_healed":23.0,"max_hp_gain":0.0,"max_hp_loss":0.0,"gold_gain":0.0,"event_name":"Big Fish","player_choice":"Banana","floor":13.0,"gold_loss":0.0,"damage_taken":0.0},{"damage_healed":0,"gold_gain":0,"player_choice":"Paid Fearfully","damage_taken":0,"max_hp_gain":0,"max_hp_loss":0,"event_name":"Masked Bandits","floor":21,"gold_loss":33}],"is_beta":true,"boss_relics":[{"not_picked":["Inserter","SlaversCollar"],"picked":"Empty Cage"}],"items_purged_floors":[20],"is_endless":false,"potions_floor_spawned":[4,5,14,18],"killed_by":"Sentry and Sphere","ascension_level":20}}