{"host":"i3w38rq1z4slkels","time":1608394912,"event":{"mods":["2.2 Compatiblity","Act Like it!","BaseMod","Better Match","Better Vampires","BetterRewards","Conspire","Downfall","Minty Spire (QoL Compilation)","Rare Cards Sparkle","Replay The Spire","StSLib"],"gold_per_floor":[99,114,39,39,24,43,43,65,77,115,143,170,192,260,285,297,297],"floor_reached":16,"playtime":837,"items_purged":[],"score":125,"play_id":"d84f6a3d-5762-4352-bf27-81c94e222b55","local_time":"20201219232152","is_ascension_mode":true,"campfire_choices":[{"floor":1,"key":"RECALL"},{"data":"Guardian:StasisStrike","floor":3,"key":"SMITH"},{"data":"Guardian:TwinSlam","floor":9,"key":"SMITH"}],"circlet_count":0,"master_deck":["Guardian:Strike_Guardian","Guardian:Strike_Guardian","Guardian:Strike_Guardian","Guardian:Defend_Guardian","Guardian:Defend_Guardian","Guardian:Defend_Guardian","Guardian:Defend_Guardian","Guardian:CurlUp","Guardian:TwinSlam+1","Guardian:StasisStrike+1","Guardian:Gem_Blue","Guardian:Gem_Cyan"],"relics":["Guardian:ModeShifter","downfall:HeartBlessingRed","MawBank","ReplayTheSpireMod:TigerMarble","Shovel"],"acts_visited":["Exordium"],"potions_floor_usage":[14,16,16],"damage_taken":[{"damage":0,"enemies":"Small Slimes","floor":2,"turns":4},{"damage":0,"enemies":"downfall:FleeingMerchant","floor":5,"turns":4},{"damage":0,"enemies":"Cultist","floor":6,"turns":3},{"damage":2,"enemies":"Jaw Worm","floor":8,"turns":3},{"damage":34,"enemies":"Lagavulin","floor":10,"turns":8},{"damage":0,"enemies":"2 Fungi Beasts","floor":11,"turns":2},{"damage":0,"enemies":"Exordium Thugs","floor":12,"turns":3},{"damage":0,"enemies":"Exordium Wildlife","floor":13,"turns":2},{"damage":12,"enemies":"3 Sentries","floor":14,"turns":6},{"damage":0,"enemies":"Blue Slaver","floor":15,"turns":3},{"damage":33,"enemies":"downfall:Silent","floor":16,"turns":6}],"seed_played":"-889363373186833523","potions_obtained":[{"floor":10,"key":"CultistPotion"},{"floor":11,"key":"LiquidBronze"},{"floor":12,"key":"AttackPotion"},{"floor":15,"key":"SpeedPotion"}],"is_trial":false,"path_per_floor":["R","M","R","?","$","M","T","M","R","E","M","M","M","?","M","B"],"character_chosen":"GUARDIAN","items_purchased":[],"campfire_rested":0,"item_purchase_floors":[],"current_hp_per_floor":[80,80,80,80,80,80,80,78,78,44,44,44,44,32,32,0,0],"gold":297,"neow_bonus":"ONE_RANDOM_RARE_CARD","is_daily":false,"chose_seed":false,"campfire_upgraded":2,"win_rate":0.0,"timestamp":1608394912,"path_taken":["R","M","R","?","?","M","T","M","R","E","M","M","?","?","M","BOSS"],"items_purchased_type":[],"build_version":"2020-12-13","purchased_purges":0,"victory":false,"max_hp_per_floor":[80,80,80,80,80,80,80,80,80,80,80,80,80,80,80,80,80],"card_choices":[{"not_picked":["Guardian:TemporalStrike","Guardian:SentryBeam","Guardian:Recover"],"picked":"SKIP","floor":2},{"not_picked":["Guardian:Recover","Guardian:DonusPower","Guardian:WalkerClaw"],"picked":"SKIP","floor":5},{"not_picked":["Guardian:ChargeCore","Guardian:Planning","Guardian:PiercingHide"],"picked":"SKIP","floor":6},{"not_picked":["Guardian:ShieldSpikes","Guardian:Gem_Lightblue"],"picked":"Guardian:Gem_Purple","floor":8},{"not_picked":["Guardian:HyperBeam_Guardian","Guardian:TemporalShield"],"picked":"Guardian:Gem_Blue","floor":10},{"not_picked":["Guardian:TimeBomb","Guardian:TemporalShield","Guardian:BronzeOrb"],"picked":"SKIP","floor":11},{"not_picked":["Guardian:TemporalStrike","Guardian:Gem_Blue"],"picked":"Guardian:Gem_Cyan","floor":12},{"not_picked":["Guardian:GemFire","Guardian:Gem_Lightblue","Guardian:WalkerClaw"],"picked":"SKIP","floor":13},{"not_picked":["Guardian:RollAttack","Guardian:TemporalStrike","Guardian:Reroute"],"picked":"SKIP","floor":15}],"player_experience":446339,"relics_obtained":[{"floor":7,"key":"MawBank"},{"floor":10,"key":"ReplayTheSpireMod:TigerMarble"},{"floor":14,"key":"Shovel"}],"event_choices":[{"cards_removed":["Guardian:Strike_Guardian"],"damage_healed":0,"gold_gain":0,"player_choice":"Offered Basic","damage_taken":0,"max_hp_gain":0,"max_hp_loss":0,"event_name":"Bonfire Elementals","floor":4,"gold_loss":0}],"is_beta":false,"boss_relics":[],"items_purged_floors":[],"is_endless":false,"potions_floor_spawned":[10,11,12,15],"killed_by":"downfall:Silent","ascension_level":4}}