{"host":"udzsrhbqdxqtlypj","time":1608404232,"event":{"mods":["BaseMod","Minty Spire (QoL Compilation)","Relic Stats"],"gold_per_floor":[114,125,143,160,180,207,224,33,103,128,128,139,139,149,149,254,254,267,283,283,43,54,54,54,69,69,95,107,107,107,121,121,216,216,230,2,15,68,68,68],"floor_reached":39,"playtime":2462,"items_purged":[],"score":701,"play_id":"fab62fd4-8884-484e-bd63-b41aa028dc34","local_time":"20201219125712","is_ascension_mode":true,"campfire_choices":[{"data":"Riddle With Holes","floor":11,"key":"SMITH"},{"data":"Crippling Poison","floor":13,"key":"SMITH"},{"floor":15,"key":"REST"},{"floor":23,"key":"REST"},{"floor":30,"key":"REST"},{"floor":32,"key":"REST"}],"circlet_count":0,"master_deck":["AscendersBane","Strike_G+1","Strike_G+1","Strike_G+1","Strike_G+1","Strike_G+1","Defend_G+1","Defend_G+1","Defend_G+1","Defend_G+1","Defend_G+1","Survivor","Neutralize","Dagger Spray","Deadly Poison","Dagger Throw","Crippling Poison+1","Noxious Fumes","Dash","Riddle With Holes+1","Eviscerate","Catalyst","Burst","Underhanded Strike","Wraith Form v2","Shame","PiercingWail","Wraith Form v2","Calculated Gamble","Calculated Gamble","Reflex+1","Malaise","Acrobatics+1","PiercingWail+1"],"relics":["Ring of the Snake","Pocketwatch","Ninja Scroll","Sling","Question Card","Du-Vu Doll","HoveringKite","Dead Branch","Blue Candle","Matryoshka","Juzu Bracelet","Runic Dome","Membership Card","Regal Pillow","Shovel"],"acts_visited":["Exordium","TheCity","TheBeyond"],"potions_floor_usage":[10,16,16,22,28,33,33,33,38],"damage_taken":[{"damage":0,"enemies":"Small Slimes","floor":1,"turns":4},{"damage":0,"enemies":"2 Louse","floor":2,"turns":2},{"damage":0,"enemies":"Cultist","floor":3,"turns":4},{"damage":15,"enemies":"3 Louse","floor":4,"turns":3},{"damage":6,"enemies":"2 Fungi Beasts","floor":5,"turns":3},{"damage":18,"enemies":"3 Sentries","floor":6,"turns":10},{"damage":3,"enemies":"Looter","floor":7,"turns":3},{"damage":4,"enemies":"Gremlin Nob","floor":10,"turns":3},{"damage":0,"enemies":"Red Slaver","floor":12,"turns":2},{"damage":0,"enemies":"3 Louse","floor":14,"turns":2},{"damage":0,"enemies":"Slime Boss","floor":16,"turns":6},{"damage":28,"enemies":"Spheric Guardian","floor":18,"turns":5},{"damage":10,"enemies":"Shell Parasite","floor":19,"turns":4},{"damage":13,"enemies":"Snake Plant","floor":22,"turns":4},{"damage":18,"enemies":"Shelled Parasite and Fungi","floor":25,"turns":6},{"damage":4,"enemies":"Slavers","floor":27,"turns":4},{"damage":0,"enemies":"Centurion and Healer","floor":28,"turns":5},{"damage":3,"enemies":"3 Cultists","floor":31,"turns":4},{"damage":19,"enemies":"Champ","floor":33,"turns":11},{"damage":26,"enemies":"3 Darklings","floor":35,"turns":5},{"damage":0,"enemies":"Orb Walker","floor":37,"turns":3},{"damage":0,"enemies":"2 Orb Walkers","floor":38,"turns":1},{"damage":34,"enemies":"Maw","floor":39,"turns":6}],"seed_played":"-7731080323602774464","potions_obtained":[{"floor":2,"key":"Weak Potion"},{"floor":6,"key":"FearPotion"},{"floor":7,"key":"Explosive Potion"},{"floor":14,"key":"BlessingOfTheForge"},{"floor":16,"key":"Dexterity Potion"},{"floor":22,"key":"Block Potion"},{"floor":25,"key":"Poison Potion"},{"floor":31,"key":"SpeedPotion"},{"floor":33,"key":"SteroidPotion"},{"floor":38,"key":"LiquidBronze"}],"is_trial":false,"path_per_floor":["M","M","M","M","M","E","M","$","T","E","R","M","R","M","R","B",null,"M","M","?","$","M","R","?","M","T","E","M","?","R","M","R","B",null,"M","$","M","?","M"],"character_chosen":"THE_SILENT","items_purchased":["Sling","Riddle With Holes","Blue Candle","Membership Card","Regal Pillow"],"campfire_rested":4,"item_purchase_floors":[8,8,21,36,36],"current_hp_per_floor":[63,63,63,48,42,24,21,21,21,17,17,17,17,17,35,35,56,28,18,18,18,5,23,23,5,5,1,1,1,19,16,34,15,51,25,25,25,25,0,0],"gold":68,"neow_bonus":"ONE_RARE_RELIC","is_daily":false,"chose_seed":false,"campfire_upgraded":2,"win_rate":0.0,"timestamp":1608404232,"path_taken":["M","M","M","M","M","E","M","$","T","E","R","M","R","M","R","BOSS","M","M","?","$","M","R","?","?","T","E","M","?","R","M","R","BOSS","M","$","M","?","M"],"items_purchased_type":["Relic","Card","Relic","Relic","Relic"],"build_version":"2020-12-13","purchased_purges":0,"victory":false,"max_hp_per_floor":[63,63,63,63,63,63,63,63,63,63,63,63,63,63,63,63,63,63,63,63,63,63,63,63,63,63,63,63,63,63,63,63,63,63,63,63,63,63,63,63],"relic_stats":{"Regal Pillow":0,"Shovel":0,"counters":[23,100],"Dead Branch":[70],"Blue Candle":[5],"HoveringKite":[28],"Juzu Bracelet":0,"Question Card":15,"obtain_stats":[{"Regal Pillow":36,"Dead Branch":20,"Blue Candle":21,"HoveringKite":17,"Juzu Bracelet":27,"Sling":8,"Question Card":9,"Du-Vu Doll":10,"Runic Dome":34,"Matryoshka":26,"Shovel":38,"Ninja Scroll":6,"Membership Card":36,"Ring of the Snake":0,"Pocketwatch":0},{"Regal Pillow":20,"Dead Branch":13,"Blue Candle":13,"HoveringKite":11,"Juzu Bracelet":16,"Sling":7,"Question Card":7,"Du-Vu Doll":8,"Runic Dome":19,"Matryoshka":15,"Shovel":22,"Ninja Scroll":6,"Membership Card":20,"Ring of the Snake":0,"Pocketwatch":0},{"Regal Pillow":90,"Dead Branch":51,"Blue Candle":51,"HoveringKite":42,"Juzu Bracelet":65,"Sling":29,"Question Card":29,"Du-Vu Doll":32,"Runic Dome":85,"Matryoshka":61,"Shovel":94,"Ninja Scroll":26,"Membership Card":90,"Ring of the Snake":0,"Pocketwatch":0}],"Ring of the Snake":[46],"Pocketwatch":[126]},"card_choices":[{"not_picked":["Dodge and Roll","Flying Knee"],"picked":"Dagger Spray","floor":1},{"not_picked":["Bullet Time","Blade Dance"],"picked":"Deadly Poison","floor":2},{"not_picked":["Blade Dance","Expertise"],"picked":"Dagger Throw","floor":3},{"not_picked":["Flying Knee","Reflex"],"picked":"Crippling Poison","floor":4},{"not_picked":["Masterful Stab","Dagger Throw","Outmaneuver"],"picked":"SKIP","floor":5},{"not_picked":["Sucker Punch","Unload"],"picked":"Noxious Fumes","floor":6},{"not_picked":["Dodge and Roll","PiercingWail"],"picked":"Dash","floor":7},{"not_picked":["Poisoned Stab","Crippling Poison","Outmaneuver"],"picked":"Eviscerate","floor":10},{"not_picked":["Blur","Flying Knee","Sucker Punch"],"picked":"Catalyst","floor":12},{"not_picked":["Bane","Reflex","Dodge and Roll","Dagger Spray"],"picked":"SKIP","floor":14},{"not_picked":["Glass Knife","Phantasmal Killer","A Thousand Cuts"],"picked":"Burst","floor":16},{"not_picked":["Slice","Dagger Spray","Dodge and Roll+1"],"picked":"Underhanded Strike","floor":18},{"not_picked":["Well Laid Plans","Dagger Spray","Blur+1"],"picked":"Wraith Form v2","floor":19},{"not_picked":["Heel Hook","Sucker Punch+1","Setup"],"picked":"PiercingWail","floor":22},{"not_picked":["Slice","Catalyst","Quick Slash"],"picked":"Calculated Gamble","floor":25},{"not_picked":["Glass Knife","Distraction","Infinite Blades+1"],"picked":"Calculated Gamble","floor":27},{"not_picked":["Slice+1","Poisoned Stab","Flying Knee","Prepared"],"picked":"SKIP","floor":28},{"not_picked":["Backstab","Noxious Fumes","Outmaneuver"],"picked":"Reflex+1","floor":31},{"not_picked":["Venomology","Night Terror","Unload"],"picked":"Malaise","floor":33},{"not_picked":["Dagger Spray","Deflect","Deadly Poison+1"],"picked":"Acrobatics+1","floor":35},{"not_picked":["Accuracy","Flechettes+1","Escape Plan","Well Laid Plans"],"picked":"SKIP","floor":37},{"not_picked":["Underhanded Strike","Bouncing Flask","Prepared"],"picked":"PiercingWail+1","floor":38}],"player_experience":2668205,"relics_obtained":[{"floor":6,"key":"Ninja Scroll"},{"floor":9,"key":"Question Card"},{"floor":10,"key":"Du-Vu Doll"},{"floor":26,"key":"Matryoshka"},{"floor":27,"key":"Juzu Bracelet"},{"floor":38,"key":"Shovel"}],"event_choices":[{"damage_healed":0,"gold_gain":0,"player_choice":"Stole Relic","damage_taken":0,"relics_obtained":["Dead Branch"],"max_hp_gain":0,"max_hp_loss":0,"event_name":"Addict","floor":20,"gold_loss":0,"cards_obtained":["Shame"]},{"damage_healed":0,"gold_gain":0,"player_choice":"Copied","damage_taken":0,"max_hp_gain":0,"max_hp_loss":0,"event_name":"Duplicator","floor":24,"gold_loss":0,"cards_obtained":["Wraith Form v2"]},{"damage_healed":0,"gold_gain":0,"player_choice":"Simplicity","damage_taken":0,"max_hp_gain":0,"max_hp_loss":0,"event_name":"Back to Basics","floor":29,"gold_loss":0,"cards_upgraded":["Strike_G","Strike_G","Strike_G","Strike_G","Strike_G","Defend_G","Defend_G","Defend_G","Defend_G","Defend_G"]},{"damage_healed":0,"gold_gain":0,"player_choice":"Fight","damage_taken":0,"max_hp_gain":0,"max_hp_loss":0,"event_name":"Mysterious Sphere","floor":38,"gold_loss":0}],"is_beta":false,"boss_relics":[{"not_picked":["Calling Bell","SacredBark"],"picked":"HoveringKite"},{"not_picked":["Pandora\u0027s Box","Black Star"],"picked":"Runic Dome"}],"items_purged_floors":[],"is_endless":false,"potions_floor_spawned":[2,6,7,14,16,22,25,31,33,38],"killed_by":"Maw","ascension_level":10}}