{"host":"6hzrz31j95f2y1pa","time":1608351436,"event":{"mods":["BaseMod","Colored Map","Downfall","Minty Spire (QoL Compilation)","StSLib"],"gold_per_floor":[99,109,124,135,155,181,207,357,389,314,314,333,359,387,412,424,424],"floor_reached":16,"playtime":588,"items_purged":[],"score":120,"play_id":"e00c9d3d-b15b-4139-890d-ccf298de0a06","local_time":"20201218231716","is_ascension_mode":true,"campfire_choices":[{"data":"champ:Taunt","floor":1,"key":"SMITH"},{"floor":10,"key":"REST"}],"circlet_count":0,"master_deck":["champ:Strike","champ:Strike","champ:Strike","champ:Strike","champ:Defend","champ:Defend+1","champ:Defend+1","champ:Defend","champ:Execute","champ:Taunt+1","champ:FanOfKnives","champ:TornadoPunch","champ:FaceSlap","champ:AdrenalArmor","champ:Haymaker","Slimebound:Icky","champ:Devastate","champ:GutPunch","champ:BladeFlurry"],"relics":["champ:ChampionCrown","Akabeko","War Paint","downfall:HeartBlessingBlue","Blood Vial","MawBank"],"acts_visited":[],"potions_floor_usage":[2,5,16],"damage_taken":[{"damage":5,"enemies":"Jaw Worm","floor":2,"turns":4},{"damage":13,"enemies":"2 Louse","floor":3,"turns":3},{"damage":15,"enemies":"Cultist","floor":4,"turns":4},{"damage":14,"enemies":"Exordium Thugs","floor":5,"turns":4},{"damage":30,"enemies":"Gremlin Nob","floor":6,"turns":4},{"damage":17,"enemies":"3 Sentries","floor":9,"turns":5},{"damage":0,"enemies":"Gremlin Gang","floor":12,"turns":1},{"damage":14,"enemies":"Large Slime","floor":14,"turns":6},{"damage":7,"enemies":"Exordium Thugs","floor":15,"turns":2},{"damage":78,"enemies":"downfall:Ironclad","floor":16,"turns":9}],"seed_played":"-4550758846550380721","potions_obtained":[{"floor":0,"key":"Energy Potion"},{"floor":0,"key":"Swift Potion"},{"floor":0,"key":"FairyPotion"},{"floor":2,"key":"Dexterity Potion"},{"floor":3,"key":"Weak Potion"},{"floor":9,"key":"Explosive Potion"}],"is_trial":false,"path_per_floor":["R","M","M","M","M","E","T","?","E","R","?","M","T","M","M","B"],"character_chosen":"THE_CHAMP","items_purchased":[],"campfire_rested":1,"item_purchase_floors":[],"current_hp_per_floor":[90,90,85,80,66,41,41,41,26,66,66,68,68,68,63,0,0],"gold":424,"neow_bonus":"THREE_SMALL_POTIONS","is_daily":false,"chose_seed":false,"campfire_upgraded":1,"win_rate":0.0,"timestamp":1608351436,"path_taken":["R","M","M","M","M","E","T","?","E","R","?","M","?","M","M","BOSS"],"items_purchased_type":[],"build_version":"2020-12-13","purchased_purges":0,"victory":false,"max_hp_per_floor":[90,90,90,90,90,90,90,90,90,100,100,100,100,100,100,100,100],"card_choices":[{"not_picked":["champ:Riposte","champ:ShieldSigil"],"picked":"champ:FanOfKnives","floor":2},{"not_picked":["champ:StanceDance","champ:Encircle"],"picked":"champ:TornadoPunch","floor":3},{"not_picked":["champ:Riposte","champ:Haymaker"],"picked":"champ:FaceSlap","floor":4},{"not_picked":["champ:Encircle","champ:StanceDance"],"picked":"champ:AdrenalArmor","floor":5},{"not_picked":["champ:PerfectedStrike","champ:RisingSlash"],"picked":"champ:Haymaker","floor":6},{"not_picked":["champ:FanOfKnives","champ:FightOn"],"picked":"champ:Devastate","floor":9},{"not_picked":["champ:GladiatorStyle","champ:Riposte"],"picked":"champ:GutPunch","floor":12},{"not_picked":["champ:EndlessRage","champ:SwordSigil"],"picked":"champ:BladeFlurry","floor":14},{"not_picked":["champ:ShieldSigil","champ:RageSigil","champ:DefensiveShout"],"picked":"SKIP","floor":15}],"player_experience":1207678,"relics_obtained":[{"floor":6,"key":"Akabeko"},{"floor":9,"key":"War Paint"},{"floor":13,"key":"MawBank"}],"event_choices":[],"is_beta":false,"boss_relics":[],"items_purged_floors":[],"is_endless":false,"potions_floor_spawned":[2,3,9,12],"killed_by":"downfall:Ironclad","ascension_level":1}}