{"host":"0hox0qpnlg577bpn","time":1608366295,"event":{"mods":["BaseMod","Minty Spire (QoL Compilation)","Replay The Spire","StSLib"],"gold_per_floor":[79924,79934,78742,78754,78719,78719,78746,78746,78819,78837,78865,78188,78188,78215,78215,78320,78320,78337,78370,77791,77803,77728,77760,77760,77778,77778,77071,77087,77087,77099,76470,76470,76587,76587,76612,76646,75960,75986,75330,75330,75371,74324,74324,74367,74367,74367,74367,74445,74445,74483,74483,74483,73356,73395,73439],"floor_reached":56,"playtime":2741,"items_purged":["Strike_P","Defend_P+1","Strike_P+1","Eruption+1","Alpha+1","LessonLearned+1","Judgement+1","FollowUp+1","Ragnarok+1"],"score":1848,"play_id":"4c759daf-774b-4acc-92ca-77c312a005ed","local_time":"20201219162455","is_ascension_mode":true,"campfire_choices":[{"floor":6,"key":"RECALL"},{"data":"Eruption","floor":15,"key":"SMITH"},{"data":"FollowUp","floor":24,"key":"SMITH"},{"data":"Flash of Steel","floor":32,"key":"SMITH"},{"data":"Ragnarok","floor":40,"key":"SMITH"},{"floor":47,"key":"REST"},{"floor":49,"key":"REST"},{"floor":52,"key":"REST"}],"circlet_count":0,"master_deck":["Finesse+1","Finesse+1","Flash of Steel+1","Flash of Steel+1","Flash of Steel+1","Panache+1","Prostrate+1","WheelKick+1","Prostrate+1","Sanctity+1","Panache+1","Trip+1","Master of Strategy+1","Amnesia","ConjureBlade+1","Master of Strategy+1","Finesse+1"],"relics":["Replay:Wanted Poster","Gambling Chip","Chemical X","Lizard Tail","PreservedInsect","Toxic Egg 2","Replay:WaspNest","Bird Faced Urn","InkBottle","Mango","SlaversCollar","Red Mask","Damaru","Mirror","Counterbalance","Iron Hammer","MealTicket","Sling","Replay:Bandana","Oddly Smooth Stone","ClockworkSouvenir","Philosopher\u0027s Stone","Sundial","Blue Candle","Anchor","ReplayTheSpireMod:ShopPack","Replay:Ringing Soul","TungstenRod","Lantern","Frozen Eye","War Paint","Blue Doll","Ring of Hypnosis","Mummified Hand","Kunai","DollysMirror","FossilizedHelix"],"acts_visited":["Exordium","TheCity","TheBeyond","TheEnding"],"potions_floor_usage":[7,25],"damage_taken":[{"damage":0,"enemies":"Cultist","floor":1,"turns":2},{"damage":0,"enemies":"2 Louse","floor":2,"turns":1},{"damage":0,"enemies":"Small Slimes","floor":4,"turns":1},{"damage":0,"enemies":"3 Sentries","floor":7,"turns":5},{"damage":0,"enemies":"3 Louse","floor":10,"turns":3},{"damage":6,"enemies":"Gremlin Nob","floor":11,"turns":3},{"damage":0,"enemies":"3 Sentries","floor":14,"turns":3},{"damage":0,"enemies":"Slime Boss","floor":16,"turns":2},{"damage":0,"enemies":"Spheric Guardian","floor":18,"turns":3},{"damage":0,"enemies":"Masked Bandits","floor":19,"turns":2},{"damage":8,"enemies":"Shell Parasite","floor":21,"turns":3},{"damage":0,"enemies":"Book of Stabbing","floor":23,"turns":1},{"damage":0,"enemies":"Snecko","floor":25,"turns":1},{"damage":0,"enemies":"3 Cultists","floor":28,"turns":1},{"damage":0,"enemies":"Snake Plant","floor":30,"turns":2},{"damage":0,"enemies":"Collector","floor":33,"turns":1},{"damage":0,"enemies":"3 Shapes","floor":35,"turns":1},{"damage":9,"enemies":"3 Darklings","floor":36,"turns":2},{"damage":0,"enemies":"Jaw Worm Horde","floor":38,"turns":1},{"damage":0,"enemies":"Nemesis","floor":41,"turns":1},{"damage":0,"enemies":"Giant Head","floor":44,"turns":1},{"damage":0,"enemies":"Transient","floor":48,"turns":1},{"damage":0,"enemies":"Awakened One","floor":50,"turns":2},{"damage":0,"enemies":"Shield and Spear","floor":54,"turns":1},{"damage":23,"enemies":"The Heart","floor":55,"turns":4}],"seed_played":"-3387381619916242760","potions_obtained":[{"floor":2,"key":"Ancient Potion"},{"floor":14,"key":"SkillPotion"},{"floor":16,"key":"Swift Potion"},{"floor":18,"key":"Block Potion"},{"floor":33,"key":"GamblersBrew"}],"is_trial":false,"path_per_floor":["M","M","$","M","?","R","E","?","T","M","E","$","?","E","R","B",null,"M","?","$","M","?","E","R","M","T","$","M","?","M","$","R","B",null,"M","M","$","M","$","R","E","$","T","E","?","?","R","M","R","B",null,"R","$","E","B",null],"character_chosen":"WATCHER","items_purchased":["Panache","Gambling Chip","Chemical X","Lizard Tail","LessonLearned","Prostrate","Bird Faced Urn","InkBottle","Prostrate+1","Damaru","Mirror","FollowUp","Iron Hammer","MealTicket","Sling","Replay:Bandana","Oddly Smooth Stone","ClockworkSouvenir","Sundial","Blue Candle","Anchor","ReplayTheSpireMod:ShopPack","Ragnarok","Master of Strategy+1","TungstenRod","Lantern","Frozen Eye","Mummified Hand","ConjureBlade+1","Kunai","DollysMirror","Finesse+1"],"campfire_rested":3,"item_purchase_floors":[3,3,3,3,3,3,12,12,12,20,20,20,27,27,27,31,31,31,37,37,39,39,39,42,42,42,42,53,53,53,53,53],"current_hp_per_floor":[72,72,72,72,72,72,72,72,72,72,66,66,66,82,82,84,734,734,734,734,726,726,728,728,730,730,730,732,732,734,734,734,734,734,734,725,734,734,734,734,734,737,737,737,740,740,740,740,740,740,740,740,743,743,720],"gold":73439,"neow_bonus":"BOSS_RELIC","is_daily":false,"chose_seed":false,"campfire_upgraded":4,"win_rate":0.0,"timestamp":1608366295,"path_taken":["M","M","$","M","?","R","E","?","T","M","E","$","?","E","R","BOSS","M","?","$","M","?","E","R","M","T","?","?","?","M","$","R","BOSS","M","?","$","M","$","R","E","$","T","E","?","?","R","M","R","BOSS","R","$","E","BOSS"],"items_purchased_type":["Card","Relic","Relic","Relic","Card","Card","Relic","Relic","Card","Relic","Relic","Card","Relic","Relic","Relic","Relic","Relic","Relic","Relic","Relic","Relic","Relic","Card","Card","Relic","Relic","Relic","Relic","Card","Relic","Relic","Card"],"build_version":"2020-12-13","purchased_purges":9,"victory":true,"max_hp_per_floor":[720,720,720,720,720,720,720,720,720,720,720,720,720,734,734,734,734,734,734,734,734,734,734,734,734,734,734,734,734,734,734,734,734,734,734,734,734,734,734,734,734,737,737,737,740,740,740,740,740,740,740,740,743,743,743],"card_choices":[{"not_picked":["Consecrate","Halt","ClearTheMind"],"picked":"SKIP","floor":1},{"not_picked":["PathToVictory","Replay:BluntJabs","ThirdEye"],"picked":"SKIP","floor":2},{"not_picked":["Pray","Crescendo"],"picked":"WheelKick","floor":4},{"not_picked":["FlurryOfBlows","EmptyBody"],"picked":"Judgement","floor":7},{"not_picked":["Replay:Vibes+1","Replay:Cycle+1","JustLucky"],"picked":"SKIP","floor":10},{"not_picked":["Replay:Battleflow+1","CarveReality","WaveOfTheHand+1"],"picked":"SKIP","floor":11},{"not_picked":["Meditate+1","Replay:Battleflow+1"],"picked":"Sanctity+1","floor":14},{"not_picked":["DeusExMachina+1","DevaForm"],"picked":"Alpha+1","floor":16},{"not_picked":["BattleHymn","PathToVictory+1","BowlingBash"],"picked":"SKIP","floor":18},{"not_picked":["SashWhip","Conclude","EmptyMind+1"],"picked":"SKIP","floor":21},{"not_picked":["WheelKick","Pray+1","Replay:BluntJabs+1"],"picked":"SKIP","floor":23},{"not_picked":["Replay:BluntJabs","Replay:Anticipation+1","EmptyFist"],"picked":"SKIP","floor":25},{"not_picked":["Weave","SandsOfTime+1","JustLucky+1"],"picked":"SKIP","floor":28},{"not_picked":["JustLucky","EmptyFist","Blasphemy+1"],"picked":"SKIP","floor":30},{"not_picked":["Alpha+1","Omniscience+1"],"picked":"MasterReality","floor":33},{"not_picked":["ClearTheMind+1","CutThroughFate+1","Meditate+1"],"picked":"SKIP","floor":35},{"not_picked":["WheelKick+1","EmptyBody+1","Replay:Anticipation+1"],"picked":"SKIP","floor":36},{"not_picked":["WheelKick+1","EmptyBody+1","Replay:Anticipation+1"],"picked":"SKIP","floor":36},{"not_picked":["Crescendo+1","Adaptation+1","ReachHeaven"],"picked":"SKIP","floor":38},{"not_picked":["Sadistic Nature","Jack Of All Trades"],"picked":"Trip","floor":39},{"not_picked":["Nirvana","Swivel+1","Fasting2+1"],"picked":"SKIP","floor":41},{"not_picked":["CutThroughFate","FlurryOfBlows","Replay:Anticipation+1"],"picked":"SKIP","floor":44},{"not_picked":["EmptyFist","Nirvana+1","ClearTheMind+1"],"picked":"SKIP","floor":48},{"not_picked":["EmptyBody+1","Replay:AtTheReady+1","Wish+1"],"picked":"SKIP","floor":54}],"player_experience":310864,"relics_obtained":[{"floor":7,"key":"PreservedInsect"},{"floor":9,"key":"Toxic Egg 2"},{"floor":11,"key":"Replay:WaspNest"},{"floor":14,"key":"Mango"},{"floor":19,"key":"Red Mask"},{"floor":23,"key":"Counterbalance"},{"floor":41,"key":"Replay:Ringing Soul"},{"floor":43,"key":"War Paint"},{"floor":44,"key":"Blue Doll"},{"floor":45,"key":"Ring of Hypnosis"},{"floor":54,"key":"FossilizedHelix"}],"event_choices":[{"damage_healed":0,"gold_gain":0,"player_choice":"Left Gold","damage_taken":0,"max_hp_gain":0,"max_hp_loss":0,"event_name":"World of Goop","floor":5,"gold_loss":35},{"damage_healed":0,"gold_gain":0,"player_choice":"Ignored","damage_taken":0,"max_hp_gain":0,"max_hp_loss":0,"event_name":"Liars Game","floor":13,"gold_loss":0},{"damage_healed":0,"gold_gain":0,"player_choice":"Fought Bandits","damage_taken":0,"max_hp_gain":0,"max_hp_loss":0,"event_name":"Masked Bandits","floor":19,"gold_loss":0},{"cards_removed":["Vigilance"],"damage_healed":0,"gold_gain":0,"player_choice":"Gave Gold","damage_taken":0,"max_hp_gain":0,"max_hp_loss":0,"event_name":"Beggar","floor":22,"gold_loss":75},{"damage_healed":0,"gold_gain":0,"player_choice":"Copied","damage_taken":0,"max_hp_gain":0,"max_hp_loss":0,"event_name":"Duplicator","floor":29,"gold_loss":0,"cards_obtained":["Panache"]},{"cards_removed":["MasterReality"],"damage_healed":0,"gold_gain":0,"player_choice":"Removed Power","damage_taken":0,"max_hp_gain":0,"max_hp_loss":0,"event_name":"Falling","floor":46,"gold_loss":0}],"is_beta":false,"boss_relics":[{"not_picked":["Calling Bell","Runic Pyramid"],"picked":"SlaversCollar"},{"not_picked":["Empty Cage","Fusion Hammer"],"picked":"Philosopher\u0027s Stone"}],"items_purged_floors":[3,12,20,27,31,37,39,42,53],"is_endless":false,"potions_floor_spawned":[2,14,16,18,19,33,41,48],"ascension_level":2}}