{"host":"4qkvkh7pd9qr2mca","time":1608402107,"event":{"mods":["AchievementEnabler","BaseMod","Colored Map","Colored Powertips","Highlight Path","Minty Spire (QoL Compilation)","Permanent Neow","Quick Restart","StSLib","SuperFastMode"],"gold_per_floor":[369,294,15,15,30,62,62,93,116,32,32,32,57,69,81,182,194,231,258,270,270],"floor_reached":20,"playtime":506,"items_purged":[],"score":376,"play_id":"36772812-cd72-429f-9f68-3ef62c24d092","local_time":"20201219192147","is_ascension_mode":true,"campfire_choices":[{"data":"Armaments","floor":7,"key":"SMITH"},{"data":"Combust","floor":12,"key":"SMITH"},{"data":"Fire Breathing","floor":15,"key":"SMITH"}],"circlet_count":0,"master_deck":["AscendersBane","Strike_R","Strike_R","Strike_R","Strike_R","Defend_R","Defend_R","Defend_R","Defend_R","Bash","Anger+1","Armaments+1","Dark Embrace","Combust+1","Flame Barrier","Fire Breathing+1","Brutality","Rage"],"relics":["Burning Blood","StrikeDummy","Nunchaku","Bottled Flame","Lantern","MawBank","Golden Idol","Sozu"],"acts_visited":["Exordium","TheCity"],"potions_floor_usage":[8,13],"damage_taken":[{"damage":16,"enemies":"Jaw Worm","floor":1,"turns":5},{"damage":3,"enemies":"2 Louse","floor":5,"turns":3},{"damage":32,"enemies":"Gremlin Nob","floor":6,"turns":4},{"damage":22,"enemies":"3 Sentries","floor":8,"turns":8},{"damage":10,"enemies":"Gremlin Nob","floor":13,"turns":3},{"damage":36,"enemies":"Slime Boss","floor":16,"turns":7},{"damage":18,"enemies":"Chosen","floor":18,"turns":4},{"damage":28,"enemies":"3 Byrds","floor":19,"turns":4},{"damage":19,"enemies":"Snake Plant","floor":20,"turns":3}],"seed_played":"-1424810387427258247","potions_obtained":[{"floor":6,"key":"LiquidBronze"},{"floor":8,"key":"Fire Potion"}],"is_trial":false,"path_per_floor":["M","?","$","?","M","E","R","E","T","$","?","R","E","?","R","B",null,"M","M","M"],"character_chosen":"IRONCLAD","items_purchased":["StrikeDummy","Flame Barrier"],"campfire_rested":0,"item_purchase_floors":[3,10],"current_hp_per_floor":[58,58,58,58,61,35,35,19,19,19,41,41,37,37,37,7,48,36,14,0,0],"gold":270,"neow_bonus":"TWO_FIFTY_GOLD","is_daily":false,"chose_seed":false,"campfire_upgraded":3,"win_rate":0.0,"timestamp":1608402107,"path_taken":["M","?","$","?","?","E","R","E","T","$","?","R","E","?","R","BOSS","M","M","M"],"items_purchased_type":["Relic","Card"],"build_version":"2020-12-13","purchased_purges":0,"victory":false,"max_hp_per_floor":[68,68,68,68,68,68,68,68,68,68,68,68,68,62,62,62,62,62,62,62,62],"card_choices":[{"not_picked":["Heavy Blade","Perfected Strike"],"picked":"Anger","floor":1},{"not_picked":["Iron Wave","Clothesline"],"picked":"Armaments","floor":5},{"not_picked":["Fire Breathing","Clothesline"],"picked":"Dark Embrace","floor":6},{"not_picked":["Sword Boomerang","Iron Wave"],"picked":"Combust","floor":8},{"not_picked":["Entrench","Dark Embrace"],"picked":"Fire Breathing","floor":13},{"not_picked":["Bludgeon","Juggernaut"],"picked":"Brutality","floor":16},{"not_picked":["Clash","Heavy Blade","Body Slam"],"picked":"SKIP","floor":18},{"not_picked":["Dropkick","Clothesline"],"picked":"Rage","floor":19}],"player_experience":455807,"relics_obtained":[{"floor":6,"key":"Nunchaku"},{"floor":8,"key":"Bottled Flame"},{"floor":9,"key":"Lantern"},{"floor":13,"key":"MawBank"}],"event_choices":[{"cards_removed":["Strike_R"],"damage_healed":0,"gold_gain":0,"player_choice":"Card Removal","damage_taken":0,"max_hp_gain":0,"max_hp_loss":0,"event_name":"The Cleric","floor":2,"gold_loss":75},{"damage_healed":0,"gold_gain":0,"player_choice":"Forge","damage_taken":0,"max_hp_gain":0,"max_hp_loss":0,"event_name":"Accursed Blacksmith","floor":4,"gold_loss":0,"cards_upgraded":["Anger"]},{"damage_healed":22,"gold_gain":0,"player_choice":"Banana","damage_taken":0,"max_hp_gain":0,"max_hp_loss":0,"event_name":"Big Fish","floor":11,"gold_loss":0},{"damage_healed":0,"gold_gain":0,"player_choice":"Lose Max HP","damage_taken":0,"relics_obtained":["Golden Idol"],"max_hp_gain":0,"max_hp_loss":6,"event_name":"Golden Idol","floor":14,"gold_loss":0}],"is_beta":false,"boss_relics":[{"not_picked":["Tiny House","Philosopher\u0027s Stone"],"picked":"Sozu"}],"items_purged_floors":[],"is_endless":false,"potions_floor_spawned":[6,8,18],"killed_by":"Snake Plant","ascension_level":20}}