{"host":"sabve5zmqufxyc5o","time":1608358117,"event":{"mods":["2.2 Compatiblity","AchievementEnabler","Act Like it!","BaseMod","Block Reminder","Colored Map","Colored Powertips","DeckTracker","KOR Keyword Fix","Keyboard Shortcuts","Minty Spire (QoL Compilation)","Quick Restart","Rare Cards Sparkle","Relic Stats","StSLib","SuperFastMode"],"gold_per_floor":[118,43,43,63,35,35,35,35,35,61,77,88,100,113,113,188,188,202,30,43,43,58,58,74,74,74],"floor_reached":25,"playtime":334,"items_purged":[],"score":460,"play_id":"6831d192-0d3e-462f-a947-b6fa3865e0d5","local_time":"20201219150837","is_ascension_mode":true,"campfire_choices":[{"floor":6.0,"key":"REST"},{"data":"Zap","floor":8.0,"key":"SMITH"},{"data":"Sunder","floor":15,"key":"SMITH"},{"data":"Go for the Eyes","floor":23,"key":"SMITH"}],"circlet_count":0,"master_deck":["AscendersBane","Strike_B+1","Strike_B","Strike_B+1","Defend_B","Defend_B","Defend_B","Defend_B","Zap+1","Dualcast","Go for the Eyes+1","Beam Cell","Compile Driver","Sunder+1","Rebound","Cold Snap","Ball Lightning","Self Repair","Biased Cognition","Conserve Battery","Double Energy+1","Gash","Hologram"],"relics":["Cracked Core","NeowsBlessing","FossilizedHelix","Oddly Smooth Stone","Runic Pyramid","Regal Pillow"],"acts_visited":["Exordium","TheCity"],"potions_floor_usage":[20,22,25,25],"damage_taken":[{"damage":0.0,"enemies":"2 Louse","floor":1.0,"turns":1.0},{"damage":0.0,"enemies":"Jaw Worm","floor":4.0,"turns":1.0},{"damage":0.0,"enemies":"Lagavulin","floor":10.0,"turns":1.0},{"damage":0.0,"enemies":"Cultist","floor":11.0,"turns":3.0},{"damage":0.0,"enemies":"2 Fungi Beasts","floor":12.0,"turns":3.0},{"damage":0,"enemies":"Red Slaver","floor":13,"turns":2},{"damage":8,"enemies":"Gremlin Gang","floor":14,"turns":3},{"damage":31,"enemies":"Slime Boss","floor":16,"turns":9},{"damage":15,"enemies":"3 Byrds","floor":18,"turns":4},{"damage":0,"enemies":"Spheric Guardian","floor":20,"turns":3},{"damage":1,"enemies":"Centurion and Healer","floor":22,"turns":5},{"damage":40,"enemies":"Snake Plant","floor":24,"turns":4},{"damage":36,"enemies":"Gremlin Leader","floor":25,"turns":2}],"seed_played":"-5508128408807959790","potions_obtained":[{"floor":11.0,"key":"ColorlessPotion"},{"floor":12.0,"key":"AttackPotion"},{"floor":20,"key":"Block Potion"},{"floor":22,"key":"PowerPotion"}],"is_trial":false,"path_per_floor":["M","?","?","M","$","R","$","R","T","E","M","M","M","M","R","B",null,"M","$","M","?","M","R","M","E"],"character_chosen":"DEFECT","items_purchased":["Compile Driver","Regal Pillow"],"campfire_rested":1,"item_purchase_floors":[5,19],"current_hp_per_floor":[64,64,43,43,43,64,64,64,64,64,64,64,64,56,56,32,61,53,53,53,53,59,59,26,0,0],"gold":74,"neow_bonus":"THREE_ENEMY_KILL","is_daily":false,"chose_seed":false,"campfire_upgraded":3,"win_rate":0.0,"timestamp":1608358117,"path_taken":["M","?","?","M","$","R","?","R","T","E","M","?","M","M","R","BOSS","M","$","M","?","M","R","M","E"],"items_purchased_type":["Card","Relic"],"build_version":"2020-12-13","purchased_purges":0,"victory":false,"max_hp_per_floor":[71,71,71,71,71,71,71,71,71,71,71,71,71,71,71,71,71,71,71,71,71,71,71,71,71,71],"relic_stats":{"Regal Pillow":0,"counters":[13,41],"obtain_stats":[{"Regal Pillow":19,"NeowsBlessing":0,"Oddly Smooth Stone":10,"Cracked Core":0,"FossilizedHelix":9,"Runic Pyramid":17},{"Regal Pillow":9,"NeowsBlessing":0,"Oddly Smooth Stone":3,"Cracked Core":0,"FossilizedHelix":2,"Runic Pyramid":8},{"Regal Pillow":27,"NeowsBlessing":0,"Oddly Smooth Stone":3,"Cracked Core":0,"FossilizedHelix":2,"Runic Pyramid":23}]},"card_choices":[{"not_picked":["Hologram","Leap"],"picked":"Go for the Eyes","floor":1.0},{"not_picked":["Barrage","Static Discharge"],"picked":"Beam Cell","floor":4.0},{"not_picked":["Auto Shields","Rebound"],"picked":"Sunder","floor":10.0},{"not_picked":["Go for the Eyes","Hologram"],"picked":"Rebound","floor":11.0},{"not_picked":["Sweeping Beam","Darkness"],"picked":"Cold Snap","floor":12.0},{"not_picked":["Sweeping Beam","Hologram"],"picked":"Ball Lightning","floor":13},{"not_picked":["Rebound","Capacitor"],"picked":"Self Repair","floor":14},{"not_picked":["Hyperbeam","Creative AI"],"picked":"Biased Cognition","floor":16},{"not_picked":["Leap","Redo"],"picked":"Conserve Battery","floor":18},{"not_picked":["Redo","Undo"],"picked":"Double Energy","floor":20},{"not_picked":["Streamline","Leap+1"],"picked":"Gash","floor":22},{"not_picked":["Multi-Cast","FTL"],"picked":"Hologram","floor":24}],"player_experience":789363,"relics_obtained":[{"floor":9.0,"key":"FossilizedHelix"},{"floor":10.0,"key":"Oddly Smooth Stone"}],"event_choices":[{"cards_removed":["Strike_B"],"damage_healed":0.0,"max_hp_gain":0.0,"max_hp_loss":0.0,"gold_gain":0.0,"event_name":"The Cleric","player_choice":"Card Removal","floor":2.0,"gold_loss":75.0,"damage_taken":0.0},{"damage_healed":0.0,"max_hp_gain":0.0,"max_hp_loss":0.0,"gold_gain":0.0,"event_name":"Shining Light","player_choice":"Entered Light","floor":3.0,"gold_loss":0.0,"damage_taken":21.0,"cards_upgraded":["Strike_B","Strike_B"]},{"damage_healed":0,"gold_gain":0,"player_choice":"Upgraded","damage_taken":0,"max_hp_gain":0,"max_hp_loss":0,"event_name":"Upgrade Shrine","floor":21,"gold_loss":0,"cards_upgraded":["Double Energy"]}],"is_beta":false,"boss_relics":[{"not_picked":["Coffee Dripper","Runic Dome"],"picked":"Runic Pyramid"}],"items_purged_floors":[],"is_endless":false,"potions_floor_spawned":[11,12,13,16,20,22],"killed_by":"Gremlin Leader","ascension_level":20}}