{"host":"phzz6vgtixj4nwio","time":1608375660,"event":{"mods":["BaseMod","GifTheSpireLib","Minty Spire (QoL Compilation)","StSLib","The Animator"],"gold_per_floor":[129,129,147,147,165,182,182,10,80,80,90,90,113,124,124,227,227,264,179,179,179,197,223,223,233,283,283,283,283,283,283,283,283,283],"floor_reached":33,"playtime":2265,"items_purged":[],"score":255,"play_id":"0b0f0bce-cdf3-41e3-8ddc-5ade0933741d","local_time":"20201219110100","is_ascension_mode":false,"campfire_choices":[{"floor":10,"key":"RECALL"},{"data":"animator:RoyMustang","floor":12,"key":"SMITH"},{"floor":15,"key":"REST"},{"floor":24,"key":"REST"},{"data":"animator:Greed","floor":29,"key":"SMITH"},{"floor":32,"key":"REST"}],"circlet_count":0,"master_deck":["animator:ElricEdward+1","animator:ElricAlphonse","animator:RoyMustang+1","animator:RoyMustang+1","animator:Magilou","animator:MaesHughes","animator:Sloth","animator:ElricAlphonse","animator:Pride","animator:Greed+1","animator:Benimaru","animator:UneriGinkaku","animator:MumenRider","animator:Tatsumaki","animator:ElricEdward+1","animator:HigakiRinne","animator:TsurugaMeisai","animator:WinryRockbell"],"relics":["animator:LivingPicture","animator:TheMissingPiece","Art of War","Lee\u0027s Waffle","Bottled Flame","Pandora\u0027s Box","Regal Pillow","Turnip","Whetstone","Shuriken"],"acts_visited":["TheCity"],"potions_floor_usage":[33,33,33],"damage_taken":[{"damage":0,"enemies":"Small Slimes","floor":1,"turns":2},{"damage":1,"enemies":"Cultist","floor":3,"turns":4},{"damage":1,"enemies":"Jaw Worm","floor":5,"turns":3},{"damage":21,"enemies":"Large Slime","floor":6,"turns":6},{"damage":7,"enemies":"Blue Slaver","floor":11,"turns":3},{"damage":0,"enemies":"Red Slaver","floor":13,"turns":4},{"damage":20,"enemies":"Exordium Thugs","floor":14,"turns":3},{"damage":42,"enemies":"The Guardian","floor":16,"turns":10},{"damage":10,"enemies":"Spheric Guardian","floor":18,"turns":3},{"damage":14,"enemies":"3 Byrds","floor":22,"turns":2},{"damage":7,"enemies":"animator:HornedBat","floor":23,"turns":4},{"damage":19,"enemies":"Snake Plant","floor":25,"turns":4},{"damage":81,"enemies":"Collector","floor":33,"turns":7}],"seed_played":"-3616182172745020047","potions_obtained":[{"floor":5,"key":"ColorlessPotion"},{"floor":13,"key":"LiquidBronze"},{"floor":14,"key":"GamblersBrew"},{"floor":22,"key":"SpeedPotion"},{"floor":23,"key":"PowerPotion"}],"is_trial":false,"path_per_floor":["M","?","M","?","M","M","T","$","T","R","M","R","M","M","R","B",null,"M","?","?","$","M","E","R","M","T","T","?","R","$","?","R","B"],"character_chosen":"THE_ANIMATOR","items_purchased":["Lee\u0027s Waffle","animator:Sloth"],"campfire_rested":3,"item_purchase_floors":[8,8],"current_hp_per_floor":[66,66,65,65,64,44,44,74,74,74,67,67,67,47,69,28,75,65,65,49,49,35,28,65,46,46,46,46,46,46,46,75,0,0],"gold":283,"neow_bonus":"THREE_CARDS","is_daily":false,"chose_seed":false,"campfire_upgraded":2,"win_rate":0.0,"timestamp":1608375660,"path_taken":["M","?","?","?","?","M","?","$","T","R","M","R","M","M","R","BOSS","M","?","?","?","M","E","R","?","T","?","?","R","$","?","R","BOSS"],"items_purchased_type":["Relic","Card"],"build_version":"2020-12-13","purchased_purges":0,"victory":false,"max_hp_per_floor":[66,66,66,66,66,67,67,74,74,74,74,74,74,74,74,75,75,75,75,75,75,75,75,75,75,75,75,75,75,75,75,75,75,75],"card_choices":[{"not_picked":["animator:Illya","animator:Shion"],"picked":"animator:RoyMustang","floor":0},{"not_picked":["animator:UneriGinkaku","animator:Geryuganshoop","animator:Kaijin"],"picked":"SKIP","floor":1},{"not_picked":["animator:ZankiKiguchi","animator:Lancer"],"picked":"animator:RoyMustang","floor":3},{"not_picked":["animator:Rider","animator:Emonzaemon","animator:Alexander"],"picked":"SKIP","floor":5},{"not_picked":["animator:RoyMustang","animator:Gluttony"],"picked":"animator:MaesHughes","floor":6},{"not_picked":["animator:Hakurou","animator:SilverFang"],"picked":"animator:ElricAlphonse","floor":11},{"not_picked":["animator:Saitama","animator:LizardPriest"],"picked":"animator:Pride","floor":13},{"not_picked":["animator:Tatsumaki","animator:Berserker","animator:LizardPriest"],"picked":"SKIP","floor":14},{"not_picked":["animator:Sora","animator:Gilgamesh"],"picked":"animator:Greed","floor":16},{"not_picked":["animator:MaesHughes","animator:ElricAlphonse"],"picked":"animator:WinryRockbell","floor":18},{"not_picked":["animator:Assassin","animator:Spearman","animator:DolaCouronne"],"picked":"SKIP","floor":22},{"not_picked":["animator:Nanami","animator:Shuna+1","animator:Hitei"],"picked":"SKIP","floor":23},{"not_picked":["animator:SilverFang","animator:ElricAlphonse","animator:Boros"],"picked":"SKIP","floor":25}],"player_experience":579463,"relics_obtained":[{"floor":7,"key":"Art of War"},{"floor":9,"key":"Bottled Flame"},{"floor":23,"key":"Turnip"},{"floor":26,"key":"Whetstone"},{"floor":27,"key":"Shuriken"}],"event_choices":[{"damage_healed":0,"gold_gain":0,"player_choice":"Forge","damage_taken":0,"max_hp_gain":0,"max_hp_loss":0,"event_name":"Accursed Blacksmith","floor":2,"gold_loss":0,"cards_upgraded":["animator:RoyMustang"]},{"damage_healed":0,"gold_gain":0,"player_choice":"1 cards matched","damage_taken":0,"max_hp_gain":0,"max_hp_loss":0,"event_name":"Match and Keep!","floor":4,"gold_loss":0,"cards_obtained":["animator:Magilou"]},{"damage_healed":0,"gold_gain":0,"player_choice":"Obtained Relic","damage_taken":0,"relics_obtained":["Regal Pillow"],"max_hp_gain":0,"max_hp_loss":0,"event_name":"Addict","floor":19,"gold_loss":85},{"damage_healed":0,"gold_gain":0,"player_choice":"Obtained Book","damage_taken":16,"max_hp_gain":0,"max_hp_loss":0,"event_name":"Cursed Tome","floor":20,"gold_loss":0},{"cards_removed":["animator:Berserker"],"damage_healed":0,"gold_gain":0,"player_choice":"Elegance","damage_taken":0,"max_hp_gain":0,"max_hp_loss":0,"event_name":"Back to Basics","floor":28,"gold_loss":0},{"damage_healed":0,"gold_gain":0,"player_choice":"Ignored","damage_taken":0,"max_hp_gain":0,"max_hp_loss":0,"event_name":"Beggar","floor":31,"gold_loss":0}],"is_beta":false,"boss_relics":[{"not_picked":["Sozu","Runic Dome"],"picked":"Pandora\u0027s Box"}],"items_purged_floors":[],"is_endless":false,"potions_floor_spawned":[5,13,14,22,23,25],"killed_by":"Collector","ascension_level":0}}