{"host":"usewcu4ohw2wtmxk","time":1608355127,"event":{"mods":["AchievementEnabler","BaseMod","Colored Powertips","Minty Spire (QoL Compilation)","Permanent Neow","Quick Restart","Relic Stats","StSLib"],"gold_per_floor":[115,115,128,141,141,169,169,200,227,245,245,255,274,288,288,288,288],"floor_reached":16,"playtime":422,"items_purged":[],"score":253,"play_id":"f2621179-1710-4826-9557-ba769d5a5216","local_time":"20201219131847","is_ascension_mode":true,"campfire_choices":[{"data":"Predator","floor":7.0,"key":"SMITH"},{"floor":11.0,"key":"REST"},{"data":"Blade Dance","floor":15,"key":"SMITH"}],"circlet_count":0,"master_deck":["AscendersBane","Strike_G","Strike_G","Strike_G","Strike_G","Strike_G","Defend_G","Defend_G","Defend_G","Defend_G","Defend_G","Survivor","Neutralize","Backflip","Predator+1","Footwork","Infinite Blades","Blade Dance+1","After Image","PiercingWail"],"relics":["Black Star","Vajra","Strawberry","Mango","Bag of Preparation","Torii","Dream Catcher"],"acts_visited":["Exordium"],"potions_floor_usage":[],"damage_taken":[{"damage":0.0,"enemies":"2 Louse","floor":1.0,"turns":4.0},{"damage":0.0,"enemies":"Small Slimes","floor":3.0,"turns":4.0},{"damage":0.0,"enemies":"Jaw Worm","floor":4.0,"turns":3.0},{"damage":30.0,"enemies":"Lagavulin","floor":6.0,"turns":7.0},{"damage":31.0,"enemies":"Gremlin Nob","floor":8.0,"turns":4.0},{"damage":2.0,"enemies":"Blue Slaver","floor":10.0,"turns":5.0},{"damage":2.0,"enemies":"3 Louse","floor":12.0,"turns":3.0},{"damage":1.0,"enemies":"2 Fungi Beasts","floor":13.0,"turns":3.0},{"damage":9,"enemies":"Lots of Slimes","floor":14,"turns":7},{"damage":22,"enemies":"Hexaghost","floor":16,"turns":9}],"seed_played":"-8846868210347486406","potions_obtained":[{"floor":1.0,"key":"Block Potion"},{"floor":4.0,"key":"AttackPotion"},{"floor":6.0,"key":"SmokeBomb"},{"floor":8.0,"key":"Block Potion"}],"is_trial":false,"path_per_floor":["M","?","M","M","?","E","R","E","T","M","R","M","M","M","R","B"],"character_chosen":"THE_SILENT","items_purchased":[],"campfire_rested":1,"item_purchase_floors":[],"current_hp_per_floor":[59,41,41,41,46,37,37,6,6,4,31,29,28,19,19,0,0],"gold":288,"neow_bonus":"BOSS_RELIC","is_daily":false,"chose_seed":false,"campfire_upgraded":2,"win_rate":0.0,"timestamp":1608355127,"path_taken":["M","?","M","M","?","E","R","E","T","M","R","M","M","M","R","BOSS"],"items_purchased_type":[],"build_version":"2020-12-13","purchased_purges":0,"victory":false,"max_hp_per_floor":[66,66,66,66,71,92,92,92,92,92,92,92,92,92,92,92,92],"relic_stats":{"Dream Catcher":1,"Torii":26,"counters":[10,49],"Black Star":2,"Bag of Preparation":[10],"obtain_stats":[{"Dream Catcher":9,"Torii":8,"Strawberry":6,"Vajra":2,"Mango":6,"Black Star":0,"Bag of Preparation":8,"Ring of the Snake":0},{"Dream Catcher":5,"Torii":5,"Strawberry":4,"Vajra":1,"Mango":4,"Black Star":0,"Bag of Preparation":5,"Ring of the Snake":0},{"Dream Catcher":22,"Torii":22,"Strawberry":18,"Vajra":4,"Mango":18,"Black Star":0,"Bag of Preparation":22,"Ring of the Snake":0}]},"card_choices":[{"not_picked":["Finisher","Deadly Poison"],"picked":"Backflip","floor":1.0},{"not_picked":["Outmaneuver","Caltrops"],"picked":"Predator","floor":3.0},{"not_picked":["Outmaneuver","Escape Plan","Finisher"],"picked":"SKIP","floor":4.0},{"not_picked":["Dodge and Roll","Leg Sweep","Cloak And Dagger"],"picked":"SKIP","floor":6.0},{"not_picked":["Cloak And Dagger","Poisoned Stab"],"picked":"Footwork","floor":8.0},{"not_picked":["Leg Sweep","Catalyst"],"picked":"Infinite Blades","floor":10.0},{"not_picked":["Wraith Form v2","Backflip"],"picked":"Blade Dance","floor":11.0},{"not_picked":["Outmaneuver","Dagger Throw"],"picked":"After Image","floor":12.0},{"not_picked":["Deadly Poison","Dagger Throw","Dagger Spray"],"picked":"SKIP","floor":13.0},{"not_picked":["All Out Attack","Deadly Poison"],"picked":"PiercingWail","floor":14}],"player_experience":218259,"relics_obtained":[{"floor":6.0,"key":"Strawberry"},{"floor":6.0,"key":"Mango"},{"floor":8.0,"key":"Bag of Preparation"},{"floor":8.0,"key":"Torii"},{"floor":9.0,"key":"Dream Catcher"}],"event_choices":[{"damage_healed":0.0,"max_hp_gain":0.0,"max_hp_loss":0.0,"gold_gain":0.0,"event_name":"Scrap Ooze","player_choice":"Success","floor":2.0,"gold_loss":0.0,"damage_taken":18.0,"relics_obtained":["Vajra"]},{"damage_healed":0.0,"max_hp_gain":5.0,"max_hp_loss":0.0,"gold_gain":0.0,"event_name":"Big Fish","player_choice":"Donut","floor":5.0,"gold_loss":0.0,"damage_taken":0.0}],"is_beta":false,"boss_relics":[],"items_purged_floors":[],"is_endless":false,"potions_floor_spawned":[1,4,6,8],"killed_by":"Hexaghost","ascension_level":20}}