{"host":"rcanb95qz4o6v6pp","time":1608360719,"event":{"mods":["AchievementEnabler","BaseMod","Better Third Choice","BetterRewards","Colored Map","Downfall","Googly Eyes","Hermit","Infinite Spire","Minty Spire (QoL Compilation)","Replay The Spire","Spicy Shops","StSLib","The Blue Laboratory"],"gold_per_floor":[118,129,129,129,144,179,228,244,318,351,376,451,451,476,476,574,624,635,88,88,88,18,48,58,111,111,111,111,126,146,166,166,264,264,278,293,293,306,356,390,390,417,417,443,5,5,34,34,34,34],"floor_reached":51,"playtime":4250,"items_purged":["Slimebound:Icky"],"score":919,"play_id":"b5bd981a-0592-459f-89ff-57d6493d5810","local_time":"20201219015159","daily_mods":["SealedDeck","Heirloom","Flight"],"is_ascension_mode":false,"campfire_choices":[{"floor":13,"key":"REST"},{"floor":15,"key":"REST"},{"floor":27,"key":"REST"},{"floor":28,"key":"REST"},{"floor":32,"key":"REST"},{"floor":49,"key":"REST"}],"circlet_count":0,"master_deck":["Guardian:RollAttack","Guardian:Recover+1","ReachHeaven+1","Guardian:PiercingHide+1","DeceiveReality","Consecrate+1","Prostrate","ClearTheMind+1","Brilliance+1","Prostrate+1","LikeWater+1","Replay:Vibes+1","Guardian:PiercingHide+1","Guardian:PrismaticBeam","FearNoEvil+1","Guardian:GemFire+1","Guardian:ShieldCharger+1","Guardian:Gem_Blue","AbeCurse","Guardian:Gem_White","Replay:Parry","Finesse+1","Bandage Up+1","ThirdEye+1","Guardian:Gem_Red","Hallucinations","Guardian:DonusPower+1","Guardian:ArmoredProtocol","infinitespire:FutureSight+1"],"relics":["PureWater","Counterbalance","Gremlin Food","War Paint","Divine Protection","Tiny Chest","Turnip","Whetstone","Tiny House","ReplayTheSpireMod:Shallot","Strawberry","Kunai","Replay:PocketPolymizer","Boot","Toxic Egg 2","Abe\u0027s Treasure","StoneCalendar","Nunchaku","ReplayTheSpireMod:Ring of Challenge","Ring of Fury","Pen Nib","Replay:Accelerometer","hexamod:BolsterEngine","ReplayTheSpireMod:CursedCoin","Replay:Purple Gloves","Damaru","Pear","PrismaticShard","SlaversCollar"],"acts_visited":["TheCity","TheBeyond"],"potions_floor_usage":[10,42,47,50,50],"damage_taken":[{"damage":0,"enemies":"2 Louse","floor":1,"turns":3},{"damage":2,"enemies":"Cultist","floor":2,"turns":3},{"damage":0,"enemies":"Jaw Worm","floor":5,"turns":2},{"damage":16,"enemies":"Gremlin Nob","floor":6,"turns":5},{"damage":0,"enemies":"Gremlin Gang","floor":8,"turns":4},{"damage":0,"enemies":"Lagavulin","floor":10,"turns":4},{"damage":6,"enemies":"Replay:BlueRogue","floor":11,"turns":5},{"damage":15,"enemies":"The Guardian","floor":16,"turns":7},{"damage":2,"enemies":"Chosen","floor":18,"turns":6},{"damage":38,"enemies":"Book of Stabbing","floor":23,"turns":5},{"damage":2,"enemies":"Shell Parasite","floor":24,"turns":6},{"damage":0,"enemies":"Snecko","floor":29,"turns":4},{"damage":15,"enemies":"Cultist and Chosen","floor":30,"turns":6},{"damage":0,"enemies":"Snake Plant","floor":31,"turns":3},{"damage":11,"enemies":"Champ","floor":33,"turns":10},{"damage":0,"enemies":"3 Shapes","floor":35,"turns":2},{"damage":0,"enemies":"Orb Walker","floor":36,"turns":4},{"damage":0,"enemies":"Spire Growth","floor":38,"turns":4},{"damage":0,"enemies":"Mind Bloom Boss Battle","floor":39,"turns":5},{"damage":8,"enemies":"Giant Head","floor":40,"turns":8},{"damage":13,"enemies":"Reptomancer","floor":42,"turns":6},{"damage":0,"enemies":"R_Hoarder","floor":47,"turns":7},{"damage":20,"enemies":"Donu and Deca","floor":50,"turns":5}],"seed_played":"-5368943548471846551","potions_obtained":[{"floor":2,"key":"CultistPotion"},{"floor":5,"key":"SpeedPotion"},{"floor":10,"key":"sneckomod:MuddlingPotion"},{"floor":17,"key":"blueLaboratory:Moonshine"},{"floor":23,"key":"PowerPotion"},{"floor":42,"key":"Fire Potion"}],"is_trial":true,"path_per_floor":["M","M","?","?","M","E","T","M","T","E","E","?","R","T","R","B",null,"M","$","T","?","$","E","M","T","T","R","R","M","M","M","R","B",null,"M","M","?","M","?","E","?","E","T","T","$","?","E","AVR","R","B",null],"character_chosen":"WATCHER","items_purchased":["ReplayTheSpireMod:Shallot","Strawberry","Guardian:PiercingHide","blueLaboratory:FrostheartPotion","Guardian:PrismaticBeam","Guardian:ArmoredProtocol","ReplayTheSpireMod:CursedCoin","Replay:Purple Gloves","Damaru"],"campfire_rested":6,"item_purchase_floors":[19,19,19,19,22,45,45,45,45],"current_hp_per_floor":[72,70,70,70,70,54,54,54,54,54,48,37,58,58,72,57,77,75,82,82,82,82,44,42,42,42,67,84,84,69,69,84,73,84,84,84,74,80,84,76,76,69,69,69,69,69,85,85,94,74],"gold":34,"neow_bonus":"","is_daily":false,"chose_seed":false,"campfire_upgraded":0,"win_rate":0.0,"timestamp":1608360719,"path_taken":["M","M","?","?","?","E","?","?","T","E","E","?","R","?","R","BOSS","M","?","?","?","?","E","?","?","T","R","R","M","M","M","R","BOSS","M","M","?","M","?","E","?","E","T","?","$","?","E","AVR","R","BOSS"],"items_purchased_type":["Relic","Relic","Card","Potion","Card","Card","Relic","Relic","Relic"],"build_version":"2020-12-13","purchased_purges":1,"victory":true,"max_hp_per_floor":[72,72,72,72,72,72,72,72,72,72,72,72,72,72,72,72,77,77,84,84,84,84,84,84,84,84,84,84,84,84,84,84,84,84,84,84,84,84,84,84,84,84,84,84,84,84,94,94,94,94],"card_choices":[{"not_picked":["Replay:ManipulateFuture","PathToVictory"],"picked":"Consecrate","floor":1},{"not_picked":["ForeignInfluence","Halt"],"picked":"Prostrate","floor":2},{"not_picked":["Replay:AtTheReady","Guardian:SphericShield"],"picked":"ClearTheMind","floor":5},{"not_picked":["Guardian:PrimingBeam","Guardian:ShieldCharger"],"picked":"Brilliance","floor":6},{"not_picked":["FlyingSleeves","CutThroughFate"],"picked":"Guardian:Gem_Fragmented","floor":8},{"not_picked":["Swivel","Guardian:PiercingHide"],"picked":"Prostrate","floor":10},{"not_picked":["Fasting2","Guardian:ChargeCore"],"picked":"LikeWater","floor":11},{"not_picked":["Halt","SignatureMove"],"picked":"Guardian:DonusPower","floor":17},{"not_picked":["Guardian:Gem_Lightblue","Guardian:TemporalShield+1"],"picked":"Replay:Vibes","floor":18},{"not_picked":["Replay:Anticipation","Scrawl"],"picked":"Guardian:Gem_Green","floor":23},{"not_picked":["PathToVictory","FlurryOfBlows+1"],"picked":"FearNoEvil+1","floor":24},{"not_picked":["Guardian:TemporalShield+1","Guardian:Reroute"],"picked":"Guardian:ShieldCharger+1","floor":29},{"not_picked":["Evaluate+1","Guardian:Reroute","Guardian:PrimingBeam"],"picked":"SKIP","floor":30},{"not_picked":["EmptyFist","Guardian:FuturePlans"],"picked":"Guardian:Gem_Blue","floor":31},{"not_picked":["Nirvana+1","Replay:Cycle+1"],"picked":"Guardian:Gem_White","floor":35},{"not_picked":["Replay:BluntJabs+1","FlurryOfBlows+1","Adaptation+1"],"picked":"SKIP","floor":36},{"not_picked":["PanicButton+1","Replay:Sssssssssstrike"],"picked":"Replay:Parry","floor":37},{"not_picked":["expansioncontent:ManipulateTime+1","The Bomb+1"],"picked":"Finesse+1","floor":37},{"not_picked":["Replay:Parry","expansioncontent:ChargeUp+1"],"picked":"Bandage Up+1","floor":37},{"not_picked":["Halt+1","Guardian:ShieldCharger+1"],"picked":"ThirdEye+1","floor":38},{"not_picked":["Crescendo+1","CutThroughFate+1"],"picked":"Guardian:Gem_Red","floor":39},{"not_picked":["Guardian:Gem_Purple","Guardian:Suspension+1","Guardian:Planning+1"],"picked":"SKIP","floor":40},{"not_picked":["Guardian:PrimingBeam","CrushJoints+1"],"picked":"Guardian:DonusPower+1","floor":42},{"not_picked":["Evaluate+1","Replay:Hum+1","Guardian:DecasProtection+1"],"picked":"SKIP","floor":47}],"player_experience":1801009,"relics_obtained":[{"floor":6,"key":"Gremlin Food"},{"floor":7,"key":"War Paint"},{"floor":9,"key":"Divine Protection"},{"floor":10,"key":"Tiny Chest"},{"floor":11,"key":"Turnip"},{"floor":14,"key":"Whetstone"},{"floor":20,"key":"Kunai"},{"floor":23,"key":"Replay:PocketPolymizer"},{"floor":25,"key":"Boot"},{"floor":26,"key":"Toxic Egg 2"},{"floor":39,"key":"StoneCalendar"},{"floor":40,"key":"Nunchaku"},{"floor":41,"key":"ReplayTheSpireMod:Ring of Challenge"},{"floor":41,"key":"Ring of Fury"},{"floor":42,"key":"Pen Nib"},{"floor":43,"key":"Replay:Accelerometer"},{"floor":44,"key":"hexamod:BolsterEngine"},{"floor":47,"key":"Pear"}],"event_choices":[{"damage_healed":0,"gold_gain":0,"player_choice":"Leave","damage_taken":0,"max_hp_gain":0,"max_hp_loss":0,"event_name":"The Cleric","floor":3,"gold_loss":0},{"cards_removed":["Guardian:Planning"],"damage_healed":0,"gold_gain":0,"player_choice":"Purged","damage_taken":0,"max_hp_gain":0,"max_hp_loss":0,"event_name":"Purifier","floor":4,"gold_loss":0},{"damage_healed":0,"gold_gain":75,"player_choice":"Gold","damage_taken":11,"max_hp_gain":0,"max_hp_loss":0,"event_name":"betterThird:BetterGoop","floor":12,"gold_loss":0},{"damage_healed":0,"gold_gain":0,"player_choice":"Memory 3","damage_taken":10,"max_hp_gain":0,"max_hp_loss":0,"event_name":"SensoryStone","floor":37,"gold_loss":0},{"damage_healed":0,"gold_gain":0,"player_choice":"Fight","damage_taken":0,"max_hp_gain":0,"max_hp_loss":0,"event_name":"MindBloom","floor":39,"gold_loss":0}],"is_beta":false,"boss_relics":[{"not_picked":["Runic Pyramid","expansioncontent:StudyCardRelic"],"picked":"Tiny House"},{"not_picked":["SacredBark","ChewingGum"],"picked":"Abe\u0027s Treasure"}],"items_purged_floors":[45],"is_endless":false,"potions_floor_spawned":[2,5,10,18,23,30,35,36,39,42],"ascension_level":0}}