{"host":"1hv1kueuvc4r3rdp","time":1608353709,"event":{"mods":["AchievementEnabler","BaseMod","DeckTracker","Highlight Path","Minty Spire (QoL Compilation)","Permanent Neow","StSLib"],"gold_per_floor":[118,138,150,166,166,166,185,211,211,241,241,14,14,14],"floor_reached":13,"playtime":565,"items_purged":[],"score":168,"play_id":"a2b443b4-c147-4cd0-a9d4-fe99b7ceb17b","local_time":"20201218225509","is_ascension_mode":true,"campfire_choices":[{"data":"Dagger Spray","floor":6,"key":"SMITH"}],"circlet_count":0,"master_deck":["AscendersBane","Strike_G","Strike_G","Strike_G","Strike_G","Strike_G","Defend_G","Defend_G","Defend_G","Defend_G","Defend_G","Survivor","Neutralize","Dagger Spray+1","Riddle With Holes","Envenom","Bullet Time"],"relics":["Snecko Eye","Bag of Preparation","Pear","Shuriken","Oddly Smooth Stone"],"acts_visited":["Exordium"],"potions_floor_usage":[13],"damage_taken":[{"damage":3,"enemies":"2 Louse","floor":1,"turns":2},{"damage":0,"enemies":"Small Slimes","floor":2,"turns":4},{"damage":0,"enemies":"Cultist","floor":3,"turns":4},{"damage":7,"enemies":"Looter","floor":4,"turns":5},{"damage":0,"enemies":"Lots of Slimes","floor":7,"turns":3},{"damage":5,"enemies":"3 Sentries","floor":8,"turns":6},{"damage":51,"enemies":"Lagavulin","floor":10,"turns":10},{"damage":12,"enemies":"Gremlin Nob","floor":13,"turns":2}],"seed_played":"-3095630567821730096","potions_obtained":[{"floor":4,"key":"SteroidPotion"},{"floor":8,"key":"CunningPotion"}],"is_trial":false,"path_per_floor":["M","M","M","M","?","R","M","E","T","E","?","$","E"],"character_chosen":"THE_SILENT","items_purchased":["Oddly Smooth Stone","Bullet Time"],"campfire_rested":0,"item_purchase_floors":[12,12],"current_hp_per_floor":[60,60,60,53,58,58,58,53,63,12,12,12,0,0],"gold":14,"neow_bonus":"BOSS_RELIC","is_daily":false,"chose_seed":false,"campfire_upgraded":1,"win_rate":0.0,"timestamp":1608353709,"path_taken":["M","M","M","M","?","R","M","E","T","E","?","$","E"],"items_purchased_type":["Relic","Card"],"build_version":"2020-12-13","purchased_purges":0,"victory":false,"max_hp_per_floor":[70,70,70,70,75,75,75,75,85,85,85,85,85,85],"card_choices":[{"not_picked":["Prepared","Leg Sweep"],"picked":"Dagger Spray","floor":1},{"not_picked":["Outmaneuver","Blade Dance","Prepared"],"picked":"SKIP","floor":2},{"not_picked":["Dagger Throw","Deadly Poison","Prepared"],"picked":"SKIP","floor":3},{"not_picked":["Skewer","Dagger Throw"],"picked":"Riddle With Holes","floor":4},{"not_picked":["Dodge and Roll","Acrobatics","Cloak And Dagger"],"picked":"SKIP","floor":7},{"not_picked":["Distraction","Noxious Fumes","Backflip"],"picked":"SKIP","floor":8},{"not_picked":["Expertise","Dagger Spray"],"picked":"Envenom","floor":10}],"player_experience":1053845,"relics_obtained":[{"floor":8,"key":"Bag of Preparation"},{"floor":9,"key":"Pear"},{"floor":10,"key":"Shuriken"}],"event_choices":[{"damage_healed":0,"gold_gain":0,"player_choice":"Donut","damage_taken":0,"max_hp_gain":5,"max_hp_loss":0,"event_name":"Big Fish","floor":5,"gold_loss":0},{"damage_healed":0,"gold_gain":0,"player_choice":"Ignored","damage_taken":0,"max_hp_gain":0,"max_hp_loss":0,"event_name":"Liars Game","floor":11,"gold_loss":0}],"is_beta":false,"boss_relics":[],"items_purged_floors":[],"is_endless":false,"potions_floor_spawned":[4,8],"killed_by":"Gremlin Nob","ascension_level":10}}