{"host":"hjw1ay65n7jm40lc","time":1608388482,"event":{"mods":["AchievementEnabler","BaseMod","Colored Map","Colored Powertips","Googly Eyes","Highlight Path","Minty Spire (QoL Compilation)","Quick Restart","Relic Stats"],"gold_per_floor":[114,114,3,3,17,49,49,66,66,81,100,100,119,144,144,144,144],"floor_reached":16,"playtime":989,"items_purged":[],"score":224,"play_id":"5453d4c9-ae1e-4ff2-a902-4f4b0885633d","local_time":"20201219093442","is_ascension_mode":true,"campfire_choices":[{"floor":7,"key":"REST"},{"data":"Uppercut","floor":12,"key":"SMITH"},{"data":"Whirlwind","floor":15,"key":"SMITH"}],"circlet_count":0,"master_deck":["AscendersBane","Strike_R","Strike_R","Strike_R","Strike_R","Strike_R","Defend_R","Defend_R","Defend_R","Defend_R","Bash","Wild Strike","Clothesline","Cleave","Uppercut+1","Metallicize","Whirlwind+1","Fire Breathing"],"relics":["Sozu","Ice Cream","Singing Bowl","Bottled Flame"],"acts_visited":["Exordium"],"potions_floor_usage":[],"damage_taken":[{"damage":0,"enemies":"2 Louse","floor":1,"turns":4},{"damage":10,"enemies":"Small Slimes","floor":5,"turns":3},{"damage":37,"enemies":"Lagavulin","floor":6,"turns":8},{"damage":0,"enemies":"Cultist","floor":8,"turns":2},{"damage":6,"enemies":"Looter","floor":10,"turns":2},{"damage":0,"enemies":"2 Fungi Beasts","floor":11,"turns":2},{"damage":15,"enemies":"Lots of Slimes","floor":13,"turns":5},{"damage":6,"enemies":"Gremlin Nob","floor":14,"turns":3},{"damage":25,"enemies":"Slime Boss","floor":16,"turns":3}],"seed_played":"-3998195046246444247","potions_obtained":[],"is_trial":false,"path_per_floor":["M","?","$","?","M","E","R","M","T","M","M","R","M","E","R","B"],"character_chosen":"IRONCLAD","items_purchased":["Clothesline","Cleave"],"campfire_rested":1,"item_purchase_floors":[3,3],"current_hp_per_floor":[68,68,68,68,58,21,43,43,43,39,41,41,26,20,20,0,0],"gold":144,"neow_bonus":"BOSS_RELIC","is_daily":false,"chose_seed":false,"campfire_upgraded":2,"win_rate":0.0,"timestamp":1608388482,"path_taken":["M","?","$","?","M","E","R","M","T","M","M","R","M","E","R","BOSS"],"items_purchased_type":["Card","Card"],"build_version":"2020-12-13","purchased_purges":0,"victory":false,"max_hp_per_floor":[75,75,75,75,75,75,75,75,75,77,79,79,79,79,79,79,79],"relic_stats":{"Sozu":5,"Singing Bowl":4,"counters":[9,32],"obtain_stats":[{"Sozu":0,"Ice Cream":6,"Bottled Flame":14,"Singing Bowl":9,"Burning Blood":0},{"Sozu":0,"Ice Cream":3,"Bottled Flame":8,"Singing Bowl":4,"Burning Blood":0},{"Sozu":0,"Ice Cream":15,"Bottled Flame":29,"Singing Bowl":17,"Burning Blood":0}]},"card_choices":[{"not_picked":["Warcry","Evolve"],"picked":"Wild Strike","floor":1},{"not_picked":["Warcry","Perfected Strike"],"picked":"Uppercut","floor":5},{"not_picked":["Warcry","Berserk"],"picked":"Metallicize","floor":6},{"not_picked":["Reckless Charge","Iron Wave","Heavy Blade"],"picked":"SKIP","floor":8},{"not_picked":["Headbutt","Rampage","Metallicize"],"picked":"Singing Bowl","floor":10},{"not_picked":["Clash","Sword Boomerang","Anger"],"picked":"Singing Bowl","floor":11},{"not_picked":["Havoc","Infernal Blade"],"picked":"Whirlwind","floor":13},{"not_picked":["Searing Blow","Iron Wave"],"picked":"Fire Breathing","floor":14}],"player_experience":375931,"relics_obtained":[{"floor":6,"key":"Ice Cream"},{"floor":9,"key":"Singing Bowl"},{"floor":14,"key":"Bottled Flame"}],"event_choices":[{"damage_healed":0,"gold_gain":0,"player_choice":"Leave","damage_taken":0,"max_hp_gain":0,"max_hp_loss":0,"event_name":"The Cleric","floor":2,"gold_loss":0},{"damage_healed":0,"gold_gain":0,"player_choice":"Ignored","damage_taken":0,"max_hp_gain":0,"max_hp_loss":0,"event_name":"Liars Game","floor":4,"gold_loss":0}],"is_beta":false,"boss_relics":[],"items_purged_floors":[],"is_endless":false,"potions_floor_spawned":[1,5,8,10,13],"killed_by":"Slime Boss","ascension_level":20}}