{"host":"a5e2zwd8c2ad7the","time":1608388291,"event":{"mods":["Act Like it!","BaseMod","Colored Map","Hallownest","Minty Spire (QoL Compilation)","Quick Restart","Replay The Spire","StSLib","The Bug Knight","The Jungle"],"gold_per_floor":[110,144,154,166,181,181,181],"floor_reached":6,"playtime":250,"items_purged":[],"score":73,"play_id":"089cb36b-d1d6-40e4-94d2-9df58c184117","local_time":"20201219223131","is_ascension_mode":false,"campfire_choices":[],"circlet_count":0,"master_deck":["HollowMod:NailStrikeStart","HollowMod:NailStrikeStart","HollowMod:NailStrikeStart","HollowMod:NailStrikeStart","HollowMod:QuickDashStart","HollowMod:QuickDashStart","HollowMod:QuickDashStart","HollowMod:QuickDashStart","HollowMod:FocusHealStart","HollowMod:PogoStrike","HollowMod:MothsMistake","HollowMod:HowlingWraiths","HollowMod:DashSlash","HollowMod:InfectedCysts","HollowMod:InfectedAttack"],"relics":["HollowMod:VesselMask","NeowsBlessing","Sundial"],"acts_visited":["Hallownest:Greenpath"],"potions_floor_usage":[],"damage_taken":[{"damage":1,"enemies":"Hallownest:2_Tiktiks_and_1_Crawlid","floor":1,"turns":2},{"damage":0,"enemies":"Hallownest:eliteMossKnight","floor":2,"turns":1},{"damage":0,"enemies":"Hallownest:2_Baldur","floor":3,"turns":1},{"damage":4,"enemies":"Hallownest:2_MossCreeps","floor":4,"turns":4},{"damage":39,"enemies":"Hallownest:Guard_and_Warrior","floor":5,"turns":4},{"damage":47,"enemies":"Hallownest:eliteMossKnight","floor":6,"turns":3}],"seed_played":"-254762687133980879","potions_obtained":[{"floor":1,"key":"EssenceOfSteel"}],"is_trial":false,"path_per_floor":["M","?","M","M","M","E"],"character_chosen":"THE_BUGKNIGHT","items_purchased":[],"campfire_rested":0,"item_purchase_floors":[],"current_hp_per_floor":[74,74,74,70,41,0,0],"gold":181,"neow_bonus":"THREE_ENEMY_KILL","is_daily":false,"chose_seed":false,"campfire_upgraded":0,"win_rate":0.0,"timestamp":1608388291,"path_taken":["M","?","M","M","M","E"],"items_purchased_type":[],"build_version":"2020-12-13","purchased_purges":0,"victory":false,"max_hp_per_floor":[75,75,75,75,75,75,75],"card_choices":[{"not_picked":["HollowMod:InfectionAssault","HollowMod:CloakDash"],"picked":"HollowMod:MothsMistake","floor":1},{"not_picked":["HollowMod:ZotesMagnificence","HollowMod:CrystalDash"],"picked":"HollowMod:HowlingWraiths","floor":2},{"not_picked":["HollowMod:ShadowDash","HollowMod:WraithStrike"],"picked":"HollowMod:DashSlash","floor":3},{"not_picked":["HollowMod:VengefulVoid","HollowMod:FastStrike"],"picked":"HollowMod:InfectedCysts","floor":4},{"not_picked":["HollowMod:SiblingsShadow","HollowMod:SiblingsSouls"],"picked":"HollowMod:InfectedAttack","floor":5}],"player_experience":26841,"relics_obtained":[{"floor":2,"key":"Sundial"}],"event_choices":[],"is_beta":false,"boss_relics":[],"items_purged_floors":[],"is_endless":false,"potions_floor_spawned":[1],"killed_by":"Hallownest:eliteMossKnight","ascension_level":0}}