{"host":"coame8l8goqx0svj","time":1608390778,"event":{"mods":["BaseMod","Downfall","Minty Spire (QoL Compilation)","StSLib"],"gold_per_floor":[99,99,99,130,130,130,155,155,5,40,57,69,87,72,85,190,190,190,190,190,190,190,175,246,231,245,245,258,258,208,50,62,158,158,158,158,204,214,214,214,214],"floor_reached":40,"playtime":2426,"items_purged":[],"score":559,"play_id":"ff9bb51e-019e-4f29-be72-346f1557a619","local_time":"20201219161258","is_ascension_mode":true,"campfire_choices":[{"floor":1,"key":"RECALL"},{"data":"Guardian:Harden","floor":9,"key":"SMITH"},{"data":"Guardian:DecasProtection","floor":18,"key":"SMITH"},{"data":"Guardian:FloatingOrbs","floor":27,"key":"SMITH"},{"data":"Guardian:FuturePlans","floor":35,"key":"SMITH"},{"floor":39,"key":"REST"}],"circlet_count":0,"master_deck":["Guardian:Strike_Guardian","Guardian:Strike_Guardian","Guardian:Strike_Guardian","Guardian:Strike_Guardian+1","Guardian:Defend_Guardian","Guardian:Defend_Guardian","Guardian:Defend_Guardian","Guardian:Defend_Guardian+1","Guardian:CurlUp","Guardian:TwinSlam","Guardian:FloatingOrbs+1","Guardian:Orbwalk+1","Guardian:Harden+1","Guardian:BaubleBeam","Guardian:DecasProtection+1","Guardian:FloatingOrbs","Guardian:Orbwalk","Guardian:PrismaticBarrier","CurseOfTheBell","Guardian:Suspension","Guardian:StasisStrike","Guardian:FuturePlans+1","Guardian:StasisStrike","Guardian:TemporalShield+1","Guardian:PiercingHide+1","Guardian:Emergency+1"],"relics":["Guardian:ModeShifter","downfall:HeartsMalice","Vajra","downfall:HeartBlessingRed","downfall:HeartBlessingBlue","Dream Catcher","Calling Bell","Juzu Bracelet","White Beast Statue","Gambling Chip","Nilry\u0027s Codex","Kunai","Lee\u0027s Waffle","SlaversCollar","Turnip"],"acts_visited":["Exordium","TheCity","TheBeyond"],"potions_floor_usage":[15,32,33,37,38,38,38,40,40,40],"damage_taken":[{"damage":0,"enemies":"Jaw Worm","floor":2,"turns":1},{"damage":0,"enemies":"2 Louse","floor":3,"turns":1},{"damage":0,"enemies":"Gremlin Nob","floor":4,"turns":1},{"damage":12,"enemies":"3 Sentries","floor":10,"turns":5},{"damage":0,"enemies":"Cultist","floor":11,"turns":3},{"damage":2,"enemies":"2 Fungi Beasts","floor":12,"turns":3},{"damage":3,"enemies":"Large Slime","floor":13,"turns":4},{"damage":0,"enemies":"downfall:FleeingMerchant","floor":14,"turns":4},{"damage":11,"enemies":"Gremlin Gang","floor":15,"turns":3},{"damage":25,"enemies":"downfall:Silent","floor":16,"turns":7},{"damage":0,"enemies":"downfall:FleeingMerchant","floor":23,"turns":4},{"damage":0,"enemies":"downfall:FleeingMerchant","floor":25,"turns":4},{"damage":9,"enemies":"Shell Parasite","floor":26,"turns":4},{"damage":9,"enemies":"3 Byrds","floor":28,"turns":5},{"damage":17,"enemies":"downfall:FleeingMerchant","floor":31,"turns":4},{"damage":23,"enemies":"Centurion and Healer","floor":32,"turns":6},{"damage":18,"enemies":"downfall:Watcher","floor":33,"turns":10},{"damage":53,"enemies":"2 Orb Walkers","floor":37,"turns":6},{"damage":33,"enemies":"3 Darklings","floor":38,"turns":6},{"damage":59,"enemies":"Reptomancer","floor":40,"turns":4}],"seed_played":"4926752575799625515","potions_obtained":[{"floor":4,"key":"Dexterity Potion"},{"floor":13,"key":"AttackPotion"},{"floor":16,"key":"GamblersBrew"},{"floor":23,"key":"Dexterity Potion"},{"floor":25,"key":"Fire Potion"},{"floor":28,"key":"Regen Potion"},{"floor":32,"key":"sneckomod:MuddlingPotion"},{"floor":33,"key":"Weak Potion"},{"floor":36,"key":"Slimebound:ThreeZeroPotion"},{"floor":37,"key":"EntropicBrew"},{"floor":38,"key":"BlessingOfTheForge"}],"is_trial":false,"path_per_floor":["R","M","M","E","?","?","T","?","R","E","M","M","M","$","M","B",null,"R","?","?","?","?","$","T","$","M","R","M","?","?","$","M","B",null,"R","?","?","M","R","E"],"character_chosen":"GUARDIAN","items_purchased":["Lee\u0027s Waffle"],"campfire_rested":1,"item_purchase_floors":[31],"current_hp_per_floor":[72,72,72,72,72,77,77,77,87,75,75,73,70,70,59,34,80,80,80,80,80,64,64,64,64,55,55,46,46,80,102,94,76,96,96,96,43,10,40,0,0],"gold":214,"neow_bonus":"THREE_ENEMY_KILL","is_daily":false,"chose_seed":false,"campfire_upgraded":4,"win_rate":0.0,"timestamp":1608390778,"path_taken":["R","M","M","E","?","?","T","?","R","E","M","M","M","?","M","BOSS","R","?","?","?","?","$","T","$","M","R","M","?","?","?","M","BOSS","R","?","?","M","R","E"],"items_purchased_type":["Relic"],"build_version":"2020-12-13","purchased_purges":0,"victory":false,"max_hp_per_floor":[80,80,80,80,80,85,85,85,95,95,95,95,95,95,95,95,95,95,95,95,95,95,95,95,95,95,95,95,95,95,102,102,102,102,102,102,102,102,102,102,102],"card_choices":[{"not_picked":["Guardian:TemporalStrike","Guardian:Suspension"],"picked":"Guardian:FloatingOrbs","floor":2},{"not_picked":["Guardian:Incinerate","Guardian:Suspension"],"picked":"Guardian:Orbwalk","floor":3},{"not_picked":["Guardian:Suspension","Guardian:Repulse"],"picked":"Guardian:Harden","floor":4},{"not_picked":["Guardian:Gem_Synthetic","Guardian:RefractedBeam"],"picked":"Guardian:BaubleBeam","floor":10},{"not_picked":["Guardian:Planning","Guardian:Gem_Red","Guardian:TemporalStrike"],"picked":"SKIP","floor":11},{"not_picked":["Guardian:TemporalShield","Guardian:PrismaticBeam"],"picked":"Guardian:DecasProtection","floor":12},{"not_picked":["Guardian:Gem_Red","Guardian:Repulse"],"picked":"Guardian:FloatingOrbs","floor":13},{"not_picked":["Guardian:ShieldCharger","Guardian:CrystalBeam"],"picked":"Guardian:Orbwalk","floor":14},{"not_picked":["Guardian:Gem_Red","Guardian:CrystalBeam"],"picked":"Guardian:PrismaticBarrier","floor":15},{"not_picked":["Guardian:BaubleBeam","Guardian:SphericShield"],"picked":"Guardian:Gem_Synthetic","floor":16},{"not_picked":["Guardian:Gem_Red","Guardian:TemporalStrike","Guardian:Gem_Lightblue"],"picked":"SKIP","floor":23},{"not_picked":["Guardian:TemporalStrike","Guardian:Gem_Lightblue","Guardian:VentSteam"],"picked":"SKIP","floor":25},{"not_picked":["Guardian:Planning","Guardian:Gem_Green"],"picked":"Guardian:Suspension","floor":26},{"not_picked":["Guardian:Incinerate","Guardian:SentryBeam+1"],"picked":"Guardian:StasisStrike","floor":28},{"not_picked":["Guardian:Recover","Guardian:Gem_Yellow"],"picked":"Guardian:FuturePlans","floor":31},{"not_picked":["Guardian:Gem_Green","Guardian:WalkerClaw","Guardian:Recover"],"picked":"SKIP","floor":32},{"not_picked":["Guardian:ExploitGems","Guardian:BaubleBeam"],"picked":"Guardian:StasisStrike","floor":33},{"not_picked":["Guardian:Gem_Green","Guardian:Gem_Cyan"],"picked":"Guardian:TemporalShield+1","floor":37},{"not_picked":["Guardian:CrystalBeam+1","Guardian:Gem_Red"],"picked":"Guardian:PiercingHide+1","floor":38},{"not_picked":["Guardian:PiercingHide+1","Guardian:VentSteam"],"picked":"Guardian:Emergency+1","floor":39}],"player_experience":1656772,"relics_obtained":[{"floor":4,"key":"Vajra"},{"floor":10,"key":"Dream Catcher"},{"floor":17,"key":"Juzu Bracelet"},{"floor":17,"key":"White Beast Statue"},{"floor":17,"key":"Gambling Chip"},{"floor":22,"key":"Nilry\u0027s Codex"},{"floor":24,"key":"Kunai"},{"floor":37,"key":"Turnip"}],"event_choices":[{"damage_healed":0,"gold_gain":0,"player_choice":"Donut","damage_taken":0,"max_hp_gain":5,"max_hp_loss":0,"event_name":"Big Fish","floor":6,"gold_loss":0},{"damage_healed":0,"gold_gain":0,"player_choice":"Ignored","damage_taken":0,"max_hp_gain":0,"max_hp_loss":0,"event_name":"Ghosts","floor":19,"gold_loss":0},{"damage_healed":0,"gold_gain":0,"player_choice":"Read","damage_taken":0,"max_hp_gain":0,"max_hp_loss":0,"event_name":"The Library","floor":20,"gold_loss":0,"cards_obtained":["Guardian:Gem_Blue"]},{"damage_healed":0,"gold_gain":0,"player_choice":"Got Potions","damage_taken":0,"max_hp_gain":0,"max_hp_loss":0,"event_name":"Lab","floor":36,"gold_loss":0},{"damage_healed":0,"gold_gain":0,"player_choice":"Fight","damage_taken":0,"max_hp_gain":0,"max_hp_loss":0,"event_name":"Mysterious Sphere","floor":37,"gold_loss":0}],"is_beta":false,"boss_relics":[{"not_picked":["Fusion Hammer","Ectoplasm"],"picked":"Calling Bell"},{"not_picked":["Runic Dome","Coffee Dripper"],"picked":"SlaversCollar"}],"items_purged_floors":[],"is_endless":false,"potions_floor_spawned":[4,13,16,23,25,26,28,31,32,33,37,38],"killed_by":"Reptomancer","ascension_level":6}}