{"host":"6azrrw3tf7wb0f4b","time":1608350295,"event":{"mods":["BaseMod","DeckTracker","Minty Spire (QoL Compilation)","SuperFastMode"],"gold_per_floor":[117,117,127,145,165,165,196,214,268,268,268,292,308,341,341,464,464,479,319,313,313,329,373,373,396,396,446,446,464,464,502,502,502,502],"floor_reached":33,"playtime":745,"items_purged":["Strike_P"],"score":580,"play_id":"d8553658-15da-4914-8b17-c9d948fbff4a","local_time":"20201219125815","is_ascension_mode":true,"campfire_choices":[{"data":"Eruption","floor":6.0,"key":"SMITH"},{"data":"CrushJoints","floor":10.0,"key":"SMITH"},{"floor":15.0,"key":"REST"},{"floor":24.0,"key":"REST"},{"floor":28.0,"key":"REST"},{"data":"Ragnarok","floor":30.0,"key":"SMITH"},{"floor":32,"key":"REST"}],"circlet_count":0,"master_deck":["AscendersBane","Strike_P","Strike_P","Defend_P","Defend_P","Defend_P","Eruption+1","Vigilance","CarveReality","Halt","CrushJoints+1","Protect","FlurryOfBlows","Ragnarok+1","CurseOfTheBell","Enlightenment","FlurryOfBlows","Pray+1","Prostrate","Worship","Brilliance"],"relics":["PureWater","NeowsBlessing","Singing Bowl","Damaru","Golden Idol","Kunai","Calling Bell","Art of War","TeardropLocket","Incense Burner","Blood Vial","Ornamental Fan","Meat on the Bone"],"acts_visited":["Exordium","TheCity"],"potions_floor_usage":[31],"damage_taken":[{"damage":0.0,"enemies":"Small Slimes","floor":1.0,"turns":1.0},{"damage":0.0,"enemies":"2 Louse","floor":3.0,"turns":1.0},{"damage":0.0,"enemies":"Jaw Worm","floor":4.0,"turns":1.0},{"damage":2.0,"enemies":"Red Slaver","floor":5.0,"turns":3.0},{"damage":28.0,"enemies":"3 Sentries","floor":7.0,"turns":10.0},{"damage":2.0,"enemies":"Exordium Thugs","floor":8.0,"turns":3.0},{"damage":1.0,"enemies":"Blue Slaver","floor":12.0,"turns":6.0},{"damage":5.0,"enemies":"Red Slaver","floor":13.0,"turns":3.0},{"damage":7.0,"enemies":"Lagavulin","floor":14.0,"turns":6.0},{"damage":0.0,"enemies":"Slime Boss","floor":16.0,"turns":4.0},{"damage":11.0,"enemies":"Spheric Guardian","floor":18.0,"turns":6.0},{"damage":19.0,"enemies":"2 Thieves","floor":20.0,"turns":4.0},{"damage":17.0,"enemies":"Cultist and Chosen","floor":22.0,"turns":5.0},{"damage":1.0,"enemies":"Gremlin Leader","floor":23.0,"turns":5.0},{"damage":31.0,"enemies":"Shelled Parasite and Fungi","floor":25.0,"turns":5.0},{"damage":24.0,"enemies":"Snake Plant","floor":29.0,"turns":4.0},{"damage":5,"enemies":"Book of Stabbing","floor":31,"turns":3},{"damage":41,"enemies":"Champ","floor":33,"turns":6}],"seed_played":"-3099468851046892502","potions_obtained":[{"floor":1.0,"key":"Weak Potion"},{"floor":3.0,"key":"DistilledChaos"},{"floor":8.0,"key":"Block Potion"},{"floor":20.0,"key":"BottledMiracle"},{"floor":23.0,"key":"SteroidPotion"},{"floor":25.0,"key":"SteroidPotion"}],"is_trial":false,"path_per_floor":["M","?","M","M","M","R","E","M","T","R","?","M","M","E","R","B",null,"M","$","M","?","M","E","R","M","T","?","R","M","R","E","R","B"],"character_chosen":"WATCHER","items_purchased":["Enlightenment"],"campfire_rested":4,"item_purchase_floors":[19],"current_hp_per_floor":[65,58,58,58,56,56,30,28,28,28,28,29,24,19,40,40,65,56,56,37,37,20,21,44,15,15,15,38,16,16,13,36,0,0],"gold":502,"neow_bonus":"THREE_ENEMY_KILL","is_daily":false,"chose_seed":false,"campfire_upgraded":3,"win_rate":0.0,"timestamp":1608350295,"path_taken":["M","?","M","M","M","R","E","M","T","R","?","M","M","E","R","BOSS","M","$","M","?","M","E","R","M","T","?","R","?","R","E","R","BOSS"],"items_purchased_type":["Card"],"build_version":"2020-12-13","purchased_purges":1,"victory":false,"max_hp_per_floor":[72,72,72,72,72,72,74,74,74,74,69,71,71,73,73,73,73,75,75,75,75,75,77,77,77,77,77,77,77,77,77,77,77,77],"card_choices":[{"not_picked":["Study","WreathOfFlame"],"picked":"CarveReality","floor":1.0},{"not_picked":["DeceiveReality","Conclude"],"picked":"Halt","floor":3.0},{"not_picked":["Prostrate","PathToVictory"],"picked":"CrushJoints","floor":4.0},{"not_picked":["WreathOfFlame","Halt","JustLucky"],"picked":"SKIP","floor":5.0},{"not_picked":["BowlingBash","EmptyFist","JustLucky"],"picked":"Singing Bowl","floor":7.0},{"not_picked":["Swivel","SashWhip"],"picked":"Protect","floor":8.0},{"not_picked":["Judgement","Protect","Indignation"],"picked":"Singing Bowl","floor":12.0},{"not_picked":["Evaluate","FollowUp"],"picked":"FlurryOfBlows","floor":13.0},{"not_picked":["Protect","Wireheading","SpiritShield"],"picked":"Singing Bowl","floor":14.0},{"not_picked":["DeusExMachina","Judgement"],"picked":"Ragnarok","floor":16.0},{"not_picked":["FlyingSleeves","EmptyBody","WindmillStrike"],"picked":"Singing Bowl","floor":18.0},{"not_picked":["BowlingBash","ThirdEye"],"picked":"FlurryOfBlows","floor":20.0},{"not_picked":["EmptyBody","ReachHeaven"],"picked":"Pray+1","floor":22.0},{"not_picked":["DeceiveReality","Tantrum","SashWhip"],"picked":"Singing Bowl","floor":23.0},{"not_picked":["FlyingSleeves","BowlingBash"],"picked":"Prostrate","floor":25.0},{"not_picked":["Wireheading","CrushJoints"],"picked":"Worship","floor":29.0},{"not_picked":["Crescendo+1","WaveOfTheHand+1"],"picked":"Brilliance","floor":31}],"player_experience":627791,"relics_obtained":[{"floor":7.0,"key":"Singing Bowl"},{"floor":9.0,"key":"Damaru"},{"floor":14.0,"key":"Kunai"},{"floor":17.0,"key":"Art of War"},{"floor":17.0,"key":"TeardropLocket"},{"floor":17.0,"key":"Incense Burner"},{"floor":23.0,"key":"Blood Vial"},{"floor":26.0,"key":"Ornamental Fan"},{"floor":31,"key":"Meat on the Bone"}],"event_choices":[{"cards_removed":["Strike_P"],"damage_healed":0.0,"max_hp_gain":0.0,"max_hp_loss":0.0,"gold_gain":0.0,"event_name":"Golden Wing","player_choice":"Card Removal","floor":2.0,"gold_loss":0.0,"damage_taken":7.0},{"damage_healed":0.0,"max_hp_gain":0.0,"max_hp_loss":5.0,"gold_gain":0.0,"event_name":"Golden Idol","player_choice":"Lose Max HP","floor":11.0,"gold_loss":0.0,"damage_taken":0.0,"relics_obtained":["Golden Idol"]},{"cards_removed":["Defend_P"],"damage_healed":0.0,"max_hp_gain":0.0,"max_hp_loss":0.0,"gold_gain":0.0,"event_name":"Back to Basics","player_choice":"Elegance","floor":21.0,"gold_loss":0.0,"damage_taken":0.0},{"damage_healed":0.0,"max_hp_gain":0.0,"max_hp_loss":0.0,"gold_gain":100.0,"event_name":"The Joust","player_choice":"Bet on Murderer","floor":27.0,"gold_loss":50.0,"damage_taken":0.0}],"is_beta":false,"boss_relics":[{"not_picked":["VioletLotus","Ectoplasm"],"picked":"Calling Bell"}],"items_purged_floors":[19],"is_endless":false,"potions_floor_spawned":[1,3,4,8,13,20,23,25],"killed_by":"Champ","ascension_level":11}}