{"host":"rjx4accq0ysw8w2o","time":1608375728,"event":{"mods":["AchievementEnabler","BaseMod","Block Reminder","Colored Map","Colored Powertips","DeckTracker","Highlight Path","Minty Spire (QoL Compilation)","Quick Restart","Rare Cards Sparkle"],"gold_per_floor":[113,113,113,38,38,56,56,69,69,169,183,183,197,210,210,340,340,340,364,389,304,304,304,318,337,337,337,352,352,352,395,395,395,395],"floor_reached":33,"playtime":2613,"items_purged":["Strike_B"],"score":274,"play_id":"09d91e8a-82a7-4aad-9d20-7e61d39af9eb","local_time":"20201219120208","is_ascension_mode":true,"campfire_choices":[{"floor":15.0,"key":"REST"},{"data":"Doom and Gloom","floor":23.0,"key":"SMITH"},{"floor":27.0,"key":"RECALL"},{"data":"Conserve Battery","floor":29.0,"key":"SMITH"},{"floor":32.0,"key":"REST"}],"circlet_count":0,"master_deck":["Strike_B","Strike_B","Strike_B","Defend_B","Defend_B","Defend_B","Zap","Dualcast","Ball Lightning+1","Leap","Doom and Gloom+1","Core Surge","Conserve Battery+1","BootSequence"],"relics":["Cracked Core","Torii","Golden Idol","Pear","Inserter","Calipers","Frozen Egg 2","Nunchaku"],"acts_visited":[],"potions_floor_usage":[33],"damage_taken":[{"damage":1.0,"enemies":"2 Louse","floor":1.0,"turns":3.0},{"damage":1.0,"enemies":"Jaw Worm","floor":6.0,"turns":3.0},{"damage":0.0,"enemies":"Cultist","floor":8.0,"turns":2.0},{"damage":1.0,"enemies":"Lots of Slimes","floor":11.0,"turns":4.0},{"damage":0.0,"enemies":"Large Slime","floor":12.0,"turns":1.0},{"damage":3.0,"enemies":"Exordium Wildlife","floor":13.0,"turns":5.0},{"damage":21.0,"enemies":"Exordium Thugs","floor":14.0,"turns":4.0},{"damage":7.0,"enemies":"Slime Boss","floor":16.0,"turns":8.0},{"damage":0.0,"enemies":"Shell Parasite","floor":18.0,"turns":1.0},{"damage":1.0,"enemies":"Spheric Guardian","floor":19.0,"turns":4.0},{"damage":4.0,"enemies":"Shelled Parasite and Fungi","floor":20.0,"turns":9.0},{"damage":0.0,"enemies":"3 Cultists","floor":24.0,"turns":4.0},{"damage":10.0,"enemies":"Centurion and Healer","floor":25.0,"turns":6.0},{"damage":15.0,"enemies":"Cultist and Chosen","floor":28.0,"turns":7.0},{"damage":46.0,"enemies":"Gremlin Leader","floor":31.0,"turns":9.0},{"damage":68,"enemies":"Automaton","floor":33,"turns":6}],"seed_played":"-2885064713913723203","potions_obtained":[{"floor":1.0,"key":"SmokeBomb"},{"floor":13.0,"key":"SneckoOil"},{"floor":14.0,"key":"BlessingOfTheForge"},{"floor":16.0,"key":"SmokeBomb"},{"floor":19.0,"key":"AttackPotion"},{"floor":25.0,"key":"Ancient Potion"}],"is_trial":false,"path_per_floor":["M","?","?","$","?","M","$","M","T","?","M","M","M","M","R","B",null,"M","M","M","?","T","R","M","M","T","R","M","R","?","E","R","B"],"character_chosen":"DEFECT","items_purchased":[],"campfire_rested":2,"item_purchase_floors":[],"current_hp_per_floor":[53,46,46,46,28,27,27,27,37,37,36,36,33,12,37,30,85,85,84,80,80,80,80,80,70,70,70,55,55,55,9,34,0,0],"gold":395,"neow_bonus":"ONE_RARE_RELIC","is_daily":false,"chose_seed":false,"campfire_upgraded":2,"win_rate":0.0,"timestamp":1608375728,"path_taken":["M","?","?","$","?","M","?","M","T","?","M","?","M","M","R","BOSS","M","?","M","?","?","R","M","M","T","R","?","R","?","E","R","BOSS"],"items_purchased_type":[],"build_version":"2020-12-13","purchased_purges":1,"victory":false,"max_hp_per_floor":[75,75,75,75,75,75,75,75,85,85,85,85,85,85,85,85,85,85,85,85,85,85,85,85,85,85,85,85,85,85,85,85,85,85],"card_choices":[{"not_picked":["Recycle","Beam Cell"],"picked":"Ball Lightning","floor":1.0},{"not_picked":["Loop","Steam","Barrage"],"picked":"SKIP","floor":6.0},{"not_picked":["Redo","Turbo"],"picked":"Leap","floor":8.0},{"not_picked":["Steam Power","Beam Cell"],"picked":"Doom and Gloom","floor":11.0},{"not_picked":["Rebound","Gash","Streamline"],"picked":"SKIP","floor":13.0},{"not_picked":["Gash","Skim","Loop"],"picked":"SKIP","floor":14.0},{"not_picked":["Meteor Strike","Machine Learning"],"picked":"Core Surge","floor":16.0},{"not_picked":["Gash","BootSequence"],"picked":"Conserve Battery","floor":19.0},{"not_picked":["Turbo","Beam Cell","Compile Driver"],"picked":"SKIP","floor":20.0},{"not_picked":["Sweeping Beam","Barrage","Streamline"],"picked":"SKIP","floor":24.0},{"not_picked":["Doom and Gloom","Steam"],"picked":"BootSequence","floor":25.0},{"not_picked":["Barrage","Beam Cell","Hyperbeam"],"picked":"SKIP","floor":28.0},{"not_picked":["Steam","Rip and Tear","Gash"],"picked":"SKIP","floor":31.0}],"player_experience":71330,"relics_obtained":[{"floor":9.0,"key":"Pear"},{"floor":22.0,"key":"Frozen Egg 2"},{"floor":31.0,"key":"Nunchaku"}],"event_choices":[{"cards_removed":["Defend_B"],"damage_healed":0.0,"max_hp_gain":0.0,"max_hp_loss":0.0,"gold_gain":0.0,"event_name":"Golden Wing","player_choice":"Card Removal","floor":2.0,"gold_loss":0.0,"damage_taken":7.0},{"damage_healed":0.0,"max_hp_gain":0.0,"max_hp_loss":0.0,"gold_gain":0.0,"event_name":"Living Wall","player_choice":"Grow","floor":3.0,"gold_loss":0.0,"damage_taken":0.0,"cards_upgraded":["Ball Lightning"]},{"damage_healed":0.0,"max_hp_gain":0.0,"max_hp_loss":0.0,"gold_gain":0.0,"event_name":"Golden Idol","player_choice":"Take Damage","floor":5.0,"gold_loss":0.0,"damage_taken":18.0,"relics_obtained":["Golden Idol"]},{"damage_healed":0.0,"max_hp_gain":0.0,"max_hp_loss":0.0,"gold_gain":100.0,"event_name":"Golden Shrine","player_choice":"Pray","floor":10.0,"gold_loss":0.0,"damage_taken":0.0},{"damage_healed":0.0,"max_hp_gain":0.0,"max_hp_loss":0.0,"gold_gain":0.0,"event_name":"Addict","player_choice":"Obtained Relic","floor":21.0,"gold_loss":85.0,"damage_taken":0.0,"relics_obtained":["Calipers"]},{"damage_healed":0.0,"max_hp_gain":0.0,"max_hp_loss":0.0,"gold_gain":0.0,"event_name":"Vampires","player_choice":"Ignored","floor":30.0,"gold_loss":0.0,"damage_taken":0.0}],"is_beta":false,"boss_relics":[{"not_picked":["Runic Dome","SlaversCollar"],"picked":"Inserter"}],"items_purged_floors":[4],"is_endless":false,"potions_floor_spawned":[1,12,13,14,16,19,25],"killed_by":"Automaton","ascension_level":1}}