{"host":"yo9wwslrag05lh37","time":1608413057,"event":{"mods":["AchievementEnabler","BaseMod","Block Reminder","Colored Map","Colored Powertips","GifTheSpireLib","HexUI Lib","Highlight Path","Minty Spire (QoL Compilation)","Rare Cards Sparkle","Relic Stats","StSLib","everything is the same but u backflip on backflip"],"gold_per_floor":[112,128,54,64,84,9,9,25,325,325,325],"floor_reached":10,"playtime":443,"items_purged":["Regret"],"score":120,"play_id":"e4fe6316-cb8e-4143-b645-cfb54d3a1ea8","local_time":"20201219222417","is_ascension_mode":true,"campfire_choices":[],"circlet_count":0,"master_deck":["AscendersBane","Strike_B","Strike_B","Strike_B","Strike_B","Defend_B","Defend_B","Defend_B","Defend_B","Zap","Dualcast","Go for the Eyes","Cold Snap","Capacitor","Ball Lightning","Ball Lightning"],"relics":["Cracked Core","Emotion Chip","Dead Branch","Old Coin"],"acts_visited":["Exordium"],"potions_floor_usage":[10],"damage_taken":[{"damage":2.0,"enemies":"Cultist","floor":1.0,"turns":3.0},{"damage":15.0,"enemies":"Jaw Worm","floor":2.0,"turns":4.0},{"damage":9.0,"enemies":"2 Louse","floor":4.0,"turns":3.0},{"damage":2.0,"enemies":"2 Fungi Beasts","floor":5.0,"turns":3.0},{"damage":20,"enemies":"3 Louse","floor":8,"turns":3},{"damage":16,"enemies":"Lagavulin","floor":10,"turns":3}],"seed_played":"-5543680413809585877","potions_obtained":[{"floor":1.0,"key":"FocusPotion"},{"floor":2.0,"key":"Swift Potion"}],"is_trial":false,"path_per_floor":["M","M","$","M","M","$","?","M","T","E"],"character_chosen":"DEFECT","items_purchased":["Capacitor"],"campfire_rested":0,"item_purchase_floors":[3],"current_hp_per_floor":[62,47,47,38,36,36,36,16,16,0,0],"gold":325,"neow_bonus":"ONE_RARE_RELIC","is_daily":false,"chose_seed":false,"campfire_upgraded":0,"win_rate":0.0,"timestamp":1608413057,"path_taken":["M","?","$","M","M","$","?","?","T","E"],"items_purchased_type":["Card"],"build_version":"2020-12-13","purchased_purges":1,"victory":false,"max_hp_per_floor":[71,71,71,71,71,71,71,71,71,71,71],"relic_stats":{"Emotion Chip":[18,17,1,0,0],"counters":[6,19],"Dead Branch":[2],"obtain_stats":[{"Emotion Chip":0,"Dead Branch":7,"Cracked Core":0,"Old Coin":9},{"Emotion Chip":0,"Dead Branch":4,"Cracked Core":0,"Old Coin":5},{"Emotion Chip":0,"Dead Branch":13,"Cracked Core":0,"Old Coin":16}]},"card_choices":[{"not_picked":["Consume","Tempest"],"picked":"Go for the Eyes","floor":1.0},{"not_picked":["Auto Shields","Steam"],"picked":"Cold Snap","floor":2.0},{"not_picked":["Leap","Undo"],"picked":"Ball Lightning","floor":5},{"not_picked":["Beam Cell","White Noise"],"picked":"Ball Lightning","floor":8}],"player_experience":1345741,"relics_obtained":[{"floor":9,"key":"Old Coin"}],"event_choices":[{"damage_healed":0,"gold_gain":0,"player_choice":"Gave Potion","damage_taken":0,"relics_obtained":["Dead Branch"],"max_hp_gain":0,"max_hp_loss":0,"event_name":"WeMeetAgain","floor":7,"gold_loss":0}],"is_beta":false,"boss_relics":[],"items_purged_floors":[6],"is_endless":false,"potions_floor_spawned":[1,2,4],"killed_by":"Lagavulin","ascension_level":20}}