{"host":"lgr0ufi017x11auv","time":1608371638,"event":{"mods":["AchievementEnabler","BaseMod","Better Third Choice","BetterRewards","Colored Map","Colored Powertips","Downfall","Gremlin Mod","Hubris","Hunter ??","Infinite Spire","Minty Spire (QoL Compilation)","Permanent Neow","Quick Restart","Rare Cards Sparkle","Relic Stats","Replay The Spire","Shop Mod","StSLib","The Dragon Tamer","The Necromancer","vexMod"],"gold_per_floor":[161,161,18,35,35,35,49,76,76,90,165,210,227,237,237,341,341,353,363,15,15,15,15,26,44,44,44,44,57,57,24,24,24,24],"floor_reached":33,"playtime":954,"items_purged":["Clumsy","Strike_G"],"score":296,"play_id":"381cc176-7de7-40d5-b898-ea2e8c17409c","local_time":"20201219105358","is_ascension_mode":true,"campfire_choices":[{"data":"infinitespire:FinalStrike","floor":6,"key":"SMITH"},{"data":"Prepared","floor":15,"key":"SMITH"},{"data":"Adrenaline","floor":23,"key":"SMITH"},{"data":"Sadistic Nature","floor":30,"key":"SMITH"},{"data":"Poisoned Stab","floor":32,"key":"SMITH"}],"circlet_count":0,"master_deck":["Strike_G","Strike_G","Strike_G","Strike_G","Defend_G+1","Defend_G","Defend_G","Defend_G","Defend_G","Survivor","Neutralize","Deadly Poison","Bane+1","infinitespire:FinalStrike+1","Slice","Deadly Poison","Prepared+1","Adrenaline+1","Poisoned Stab+1","Sadistic Nature+1","Deadly Poison","Poisoned Stab+1","Backstab+1","Slice+1"],"relics":["Tiny House","Bag of Marbles","Byrd Skull","hubris:FunFungus","ReplayTheSpireMod:CursedCoin","Tiny Chest","Replay:Bronze Core","Strawberry","MutagenicStrength","Calipers","Art of War"],"acts_visited":["Exordium","TheCity"],"potions_floor_usage":[10,16,24,25,33,33],"damage_taken":[{"damage":7,"enemies":"Jaw Worm","floor":1,"turns":4},{"damage":1,"enemies":"Small Slimes","floor":4,"turns":2},{"damage":2,"enemies":"2 Louse","floor":7,"turns":3},{"damage":3,"enemies":"Replay:BlueRogue","floor":8,"turns":4},{"damage":0,"enemies":"Exordium Wildlife","floor":10,"turns":3},{"damage":3,"enemies":"Looter","floor":13,"turns":2},{"damage":0,"enemies":"2 Fungi Beasts","floor":14,"turns":2},{"damage":28,"enemies":"The Guardian","floor":16,"turns":8},{"damage":12,"enemies":"3 Byrds","floor":18,"turns":5},{"damage":0,"enemies":"Shell Parasite","floor":19,"turns":1},{"damage":5,"enemies":"Chosen and Byrds","floor":24,"turns":2},{"damage":28,"enemies":"Shelled Parasite and Fungi","floor":25,"turns":4},{"damage":6,"enemies":"3 Cultists","floor":29,"turns":4},{"damage":84,"enemies":"Champ","floor":33,"turns":7}],"seed_played":"-4328416878591786682","potions_obtained":[{"floor":0,"key":"LifebloodPotion"},{"floor":1,"key":"Energy Potion"},{"floor":10,"key":"Languid Potion"},{"floor":13,"key":"Regen Potion"},{"floor":14,"key":"champ:CounterPotion"},{"floor":24,"key":"DistilledChaos"},{"floor":29,"key":"Block Potion"}],"is_trial":false,"path_per_floor":["M","?","$","M","?","R","M","E","T","M","$","T","M","M","R","B",null,"M","M","$","?","?","R","M","M","T","?","T","M","R","$","R","B"],"character_chosen":"THE_SILENT","items_purchased":["Bag of Marbles","ReplayTheSpireMod:CursedCoin","Sadistic Nature","Deadly Poison","Slice+1"],"campfire_rested":0,"item_purchase_floors":[3,11,20,20,31],"current_hp_per_floor":[68,68,68,67,49,49,47,44,44,44,44,44,41,41,41,30,75,64,64,64,71,71,71,66,39,39,66,66,62,62,62,62,0,0],"gold":24,"neow_bonus":"BOSS_RELIC","is_daily":false,"chose_seed":false,"campfire_upgraded":5,"win_rate":0.0,"timestamp":1608371638,"path_taken":["M","?","$","M","?","R","M","E","T","M","$","?","M","M","R","BOSS","M","M","$","?","?","R","M","M","T","?","?","?","R","$","R","BOSS"],"items_purchased_type":["Relic","Relic","Card","Card","Card"],"build_version":"2020-12-13","purchased_purges":2,"victory":false,"max_hp_per_floor":[75,75,75,75,75,75,75,75,75,75,75,75,75,75,75,75,75,75,75,75,82,82,82,82,82,82,82,82,82,82,82,82,82,82],"relic_stats":{"counters":[14,51],"Tiny Chest":1,"Art of War":[1],"obtain_stats":[{"Tiny House":0,"Calipers":26,"ReplayTheSpireMod:CursedCoin":11,"Replay:Bronze Core":17,"Strawberry":21,"MutagenicStrength":22,"Tiny Chest":12,"hubris:FunFungus":9,"Bag of Marbles":3,"Art of War":28,"Byrd Skull":8,"Ring of the Snake":0},{"Tiny House":0,"Calipers":12,"ReplayTheSpireMod:CursedCoin":5,"Replay:Bronze Core":8,"Strawberry":10,"MutagenicStrength":10,"Tiny Chest":5,"hubris:FunFungus":4,"Bag of Marbles":1,"Art of War":12,"Byrd Skull":4,"Ring of the Snake":0},{"Tiny House":0,"Calipers":40,"ReplayTheSpireMod:CursedCoin":16,"Replay:Bronze Core":28,"Strawberry":34,"MutagenicStrength":34,"Tiny Chest":16,"hubris:FunFungus":13,"Bag of Marbles":4,"Art of War":40,"Byrd Skull":13,"Ring of the Snake":0}]},"card_choices":[{"not_picked":["Heel Hook","Prepared"],"picked":"Deadly Poison","floor":0},{"not_picked":["Distraction","Tactician"],"picked":"Bane","floor":1},{"not_picked":["Heel Hook","Backflip","Acrobatics"],"picked":"SKIP","floor":4},{"not_picked":["infinitespire:UltimateForm","infinitespire:Gouge"],"picked":"infinitespire:FinalStrike","floor":5},{"not_picked":["Underhanded Strike","Backflip"],"picked":"Slice","floor":7},{"not_picked":["Tools of the Trade","Fluid Movement","Quick Slash"],"picked":"SKIP","floor":8},{"not_picked":["Cloak And Dagger","Backflip"],"picked":"Deadly Poison","floor":10},{"not_picked":["Flechettes","Replay:Poison Smokescreen","Prepared"],"picked":"SKIP","floor":13},{"not_picked":["Blade Dance","hubris:SlightOfHand"],"picked":"Prepared","floor":14},{"not_picked":["Envenom","Bullet Time"],"picked":"Adrenaline","floor":16},{"not_picked":["Sneak Up+1","Dagger Throw"],"picked":"Poisoned Stab","floor":18},{"not_picked":["Slice+1","ReplayTheSpireMod:Tripwire+1","hubris:SlightOfHand+1"],"picked":"SKIP","floor":19},{"not_picked":["Expertise","Flechettes","Acrobatics"],"picked":"SKIP","floor":24},{"not_picked":["Outmaneuver+1","Bane+1"],"picked":"Poisoned Stab+1","floor":25},{"not_picked":["Terror+1","ReplayTheSpireMod:Exploit Weakness+1"],"picked":"Backstab+1","floor":29}],"player_experience":258964,"relics_obtained":[{"floor":8,"key":"Byrd Skull"},{"floor":9,"key":"hubris:FunFungus"},{"floor":12,"key":"Tiny Chest"},{"floor":26,"key":"Calipers"},{"floor":28,"key":"Art of War"}],"event_choices":[{"damage_healed":0,"gold_gain":0,"player_choice":"Opened","damage_taken":0,"relics_obtained":["Strawberry"],"max_hp_gain":0,"max_hp_loss":0,"event_name":"The Mausoleum","floor":21,"gold_loss":0},{"damage_healed":0,"gold_gain":0,"player_choice":"Inject Mutagens","damage_taken":0,"relics_obtained":["MutagenicStrength"],"max_hp_gain":0,"max_hp_loss":0,"event_name":"Drug Dealer","floor":22,"gold_loss":0},{"damage_healed":27,"gold_gain":0,"player_choice":"Heal","damage_taken":0,"max_hp_gain":0,"max_hp_loss":0,"event_name":"The Library","floor":27,"gold_loss":0}],"is_beta":false,"boss_relics":[{"not_picked":["infinitespire:Cupcake","hubris:ScarierMask"],"picked":"Replay:Bronze Core"}],"items_purged_floors":[11,20],"is_endless":false,"potions_floor_spawned":[1,10,13,14,24,29],"killed_by":"Champ","ascension_level":4}}