{"host":"3c27c697js19kaoo","time":1608369898,"event":{"mods":["BaseMod","Dota2Spire","Hermit","Minty Spire (QoL Compilation)","Quick Restart","Remilia£®¿Ÿ√◊¿Ú—«£©","Replay The Spire","Robot Space Explorer","Spicy Shops","StSLib","The Alterego","The Cursed","The Servant 0.9.4","vexMod","°æ“≈ŒÔø®≈∆°øREMEMod"],"gold_per_floor":[109,129,147,161,236,263,250,262,274,23,23,23,0,16,16,113,113,126,51,51,51,51,51],"floor_reached":22,"playtime":1219,"items_purged":[],"score":182,"play_id":"c3e6ae43-e93e-46f3-a2a0-e1274958a428","local_time":"20201219172458","is_ascension_mode":false,"campfire_choices":[{"floor":12.0,"key":"REST"},{"floor":15.0,"key":"REST"}],"circlet_count":0,"master_deck":["Strike_G","Strike_G","Strike_G","Strike_G","Defend_G","Defend_G","Defend_G+1","Defend_G","Defend_G","Survivor","Neutralize+1","Embodiment+1","Infinite Blades","Acrobatics","Tools of the Trade+1","REME_GreenPollution+1","Dagger Spray","Night Terror","Dodge and Roll+1","Hallucinations","Masterful Stab","REME_FirmDetermination"],"relics":["Ring of the Snake","REME_ComplimentaryCards","NeowsBlessing","MawBank","Ornamental Fan","Toy Ornithopter","Gremlin Food","Replay:Bronze Core"],"acts_visited":["Exordium","TheCity"],"potions_floor_usage":[],"damage_taken":[{"damage":0.0,"enemies":"2 Louse","floor":1.0,"turns":1.0},{"damage":0.0,"enemies":"Jaw Worm","floor":2.0,"turns":1.0},{"damage":0.0,"enemies":"Cultist","floor":3.0,"turns":1.0},{"damage":2.0,"enemies":"Blue Slaver","floor":4.0,"turns":6.0},{"damage":3.0,"enemies":"Lagavulin","floor":6.0,"turns":7.0},{"damage":2.0,"enemies":"Looter","floor":13.0,"turns":4.0},{"damage":14.0,"enemies":"3 Louse","floor":14.0,"turns":4.0},{"damage":6.0,"enemies":"Hexaghost","floor":16.0,"turns":11.0},{"damage":29.0,"enemies":"3 Byrds","floor":18.0,"turns":5.0},{"damage":0,"enemies":"Spheric Guardian","floor":22,"turns":1}],"seed_played":"2834393668822589823","potions_obtained":[{"floor":1.0,"key":"Dota2Spire:Clarity"},{"floor":3.0,"key":"FairyPotion"},{"floor":6.0,"key":"Dota2Spire:HealingSalve"}],"is_trial":false,"path_per_floor":["M","M","M","M","?","E","?","?","T","$","?","R","M","M","R","B",null,"M","?","$","?","M"],"character_chosen":"THE_SILENT","items_purchased":["Toy Ornithopter","Gremlin Food","REME_GreenPollution"],"campfire_rested":2,"item_purchase_floors":[10,10,10],"current_hp_per_floor":[70,70,70,68,57,54,54,40,40,40,40,61,59,53,70,64,70,41,41,41,41,41,41],"gold":51,"neow_bonus":"THREE_ENEMY_KILL","is_daily":false,"chose_seed":false,"campfire_upgraded":0,"win_rate":0.0,"timestamp":1608369898,"path_taken":["M","M","M","M","?","E","?","?","T","?","?","R","M","M","R","BOSS","M","?","?","?","M"],"items_purchased_type":["Relic","Relic","Card"],"build_version":"2020-12-13","purchased_purges":0,"victory":false,"max_hp_per_floor":[70,70,70,70,70,70,70,70,70,70,70,70,70,70,70,70,70,70,70,70,70,70,70],"card_choices":[{"not_picked":["Cloak And Dagger","Hidden Blade"],"picked":"Infinite Blades","floor":1.0},{"not_picked":["Caltrops","Hidden Blade","ReplayTheSpireMod:Tripwire"],"picked":"SKIP","floor":2.0},{"not_picked":["Bane","Terror"],"picked":"Acrobatics","floor":3.0},{"not_picked":["Heel Hook","Deflect","Hidden Blade"],"picked":"SKIP","floor":4.0},{"not_picked":["Toxin Wave","Expertise"],"picked":"Tools of the Trade","floor":6.0},{"not_picked":["Riddle With Holes","Underhanded Strike","Flying Knee"],"picked":"SKIP","floor":13.0},{"not_picked":["Outmaneuver","Slice"],"picked":"Dagger Spray","floor":14.0},{"not_picked":["Burst","Poison Darts"],"picked":"Night Terror","floor":16.0},{"not_picked":["Dash+1","REME_ShadowStrike"],"picked":"Dodge and Roll+1","floor":18.0}],"player_experience":139609,"relics_obtained":[{"floor":6.0,"key":"MawBank"},{"floor":9.0,"key":"Ornamental Fan"}],"event_choices":[{"damage_healed":0.0,"max_hp_gain":0.0,"max_hp_loss":0.0,"gold_gain":75.0,"event_name":"World of Goop","player_choice":"Gather Gold","floor":5.0,"gold_loss":0.0,"damage_taken":11.0},{"damage_healed":0.0,"max_hp_gain":0.0,"max_hp_loss":0.0,"gold_gain":0.0,"event_name":"Shining Light","player_choice":"Entered Light","floor":8.0,"gold_loss":0.0,"damage_taken":14.0,"cards_upgraded":["Tools of the Trade","Neutralize"]},{"cards_removed":["Strike_G"],"damage_healed":0.0,"max_hp_gain":0.0,"max_hp_loss":0.0,"gold_gain":0.0,"event_name":"Beggar","player_choice":"Gave Gold","floor":19.0,"gold_loss":75.0,"damage_taken":0.0},{"damage_healed":0.0,"max_hp_gain":0.0,"max_hp_loss":0.0,"gold_gain":0.0,"event_name":"Match and Keep!","player_choice":"3 cards matched","floor":21.0,"gold_loss":0.0,"damage_taken":0.0,"cards_obtained":["Hallucinations","Masterful Stab","REME_FirmDetermination"]}],"is_beta":false,"boss_relics":[{"not_picked":["Empty Cage","Sozu"],"picked":"Replay:Bronze Core"}],"items_purged_floors":[],"is_endless":false,"potions_floor_spawned":[1,3,6],"killed_by":"Spheric Guardian","ascension_level":0}}