{"host":"cr9rpoy6dx9riis3","time":1608383143,"event":{"mods":["AchievementEnabler","BaseMod","Better Altar","Better Note","Better Sensory Stone","Better Skull","Better Third Choice","Better-Laid Plans","BetterRewards","Block Reminder","Curses Come First","Displayed Cursed Tome","Emptier Cage","Marked Mod","Minty Spire (QoL Compilation)","Permanent Neow","Relic Sorter","StSLib","The Blue Laboratory","Transform Curses"],"gold_per_floor":[109,184,359,377,67,67,85,85,108,108,125,138,138,185,185,185,185],"floor_reached":16,"playtime":605,"items_purged":["Doubt"],"score":182,"play_id":"53f175e5-1ecb-4f82-9a11-9b49f5e9d769","local_time":"20201219140543","is_ascension_mode":true,"campfire_choices":[{"data":"Bandage Up","floor":6,"key":"SMITH"},{"data":"Flash of Steel","floor":8,"key":"SMITH"},{"data":"Good Instincts","floor":10,"key":"SMITH"},{"data":"Panacea","floor":13,"key":"SMITH"},{"floor":15,"key":"RECALL"}],"circlet_count":0,"master_deck":["Strike_R","Strike_R","Strike_R","Strike_R","Strike_R","Defend_R","Defend_R","Defend_R","Defend_R","Bash","Flash of Steel+1","Good Instincts+1","Panacea+1","Bandage Up+1"],"relics":["Burning Blood","ClockworkSouvenir","FossilizedHelix","Centennial Puzzle","Strange Spoon"],"acts_visited":["Exordium"],"potions_floor_usage":[16,16],"damage_taken":[{"damage":0,"enemies":"Small Slimes","floor":1,"turns":3},{"damage":5,"enemies":"Jaw Worm","floor":4,"turns":4},{"damage":3,"enemies":"Cultist","floor":7,"turns":5},{"damage":3,"enemies":"Blue Slaver","floor":11,"turns":4},{"damage":0,"enemies":"Red Slaver","floor":12,"turns":3},{"damage":74,"enemies":"Hexaghost","floor":16,"turns":12}],"seed_played":"-4472561485082154814","potions_obtained":[{"floor":1,"key":"EssenceOfSteel"},{"floor":4,"key":"blueLaboratory:BottleOfVodka"}],"is_trial":false,"path_per_floor":["M","?","?","M","$","R","M","R","T","R","M","M","R","T","R","B"],"character_chosen":"IRONCLAD","items_purchased":["Strange Spoon","FossilizedHelix","Flash of Steel","Good Instincts","Centennial Puzzle","Panacea","ClockworkSouvenir","Bandage Up"],"campfire_rested":0,"item_purchase_floors":[0,0,0,0,0,0,5,5],"current_hp_per_floor":[35,24,24,25,25,25,40,40,40,40,49,61,61,61,61,0,0],"gold":185,"neow_bonus":"","is_daily":false,"chose_seed":false,"campfire_upgraded":4,"win_rate":0.0,"timestamp":1608383143,"path_taken":["M","?","?","M","$","R","M","R","T","R","M","M","R","?","R","BOSS"],"items_purchased_type":["Relic","Relic","Card","Card","Relic","Card","Relic","Card"],"build_version":"2020-12-13","purchased_purges":1,"victory":false,"max_hp_per_floor":[80,80,80,80,80,80,80,80,80,80,80,80,80,80,80,80,80],"card_choices":[{"not_picked":["Intimidate","Headbutt","Shockwave"],"picked":"SKIP","floor":1},{"not_picked":["Headbutt","Thunderclap","Dual Wield"],"picked":"SKIP","floor":4},{"not_picked":["Body Slam","Reckless Charge","Flex"],"picked":"SKIP","floor":7},{"not_picked":["Body Slam","Headbutt","Twin Strike"],"picked":"SKIP","floor":11},{"not_picked":["Thunderclap","Clash","Blood for Blood"],"picked":"SKIP","floor":12}],"player_experience":733906,"relics_obtained":[],"event_choices":[{"damage_healed":0,"gold_gain":75,"player_choice":"Gold","damage_taken":11,"max_hp_gain":0,"max_hp_loss":0,"event_name":"betterThird:BetterGoop","floor":2,"gold_loss":0},{"damage_healed":0,"gold_gain":175,"player_choice":"AGREE","damage_taken":184,"max_hp_gain":0,"max_hp_loss":0,"event_name":"betterThird:BetterSerpent","floor":3,"gold_loss":0}],"is_beta":false,"boss_relics":[],"items_purged_floors":[5],"is_endless":false,"potions_floor_spawned":[1,4],"killed_by":"Hexaghost","ascension_level":6}}