{"host":"agbyy69nq62afhwx","time":1608416750,"event":{"mods":["BaseMod","Colored Map","Highlight Path","Keyboard Shortcuts","Minty Spire (QoL Compilation)","Quick Restart","StSLib","SuperFastMode","everything is the same but u backflip on backflip"],"gold_per_floor":[362,49,68,81,92,92,107,107,107,107,107],"floor_reached":10,"playtime":234,"items_purged":["Decay"],"score":72,"play_id":"5d9d4980-008e-4c53-a866-25dbe3a3ac99","local_time":"20201220072550","is_ascension_mode":true,"campfire_choices":[{"data":"Dagger Spray","floor":6,"key":"SMITH"},{"data":"Neutralize","floor":8,"key":"SMITH"}],"circlet_count":0,"master_deck":["Strike_G","Strike_G","Strike_G","Strike_G","Strike_G","Defend_G","Defend_G","Defend_G","Defend_G","Defend_G","Survivor","Neutralize+1","Dagger Throw","Distraction","Dagger Spray+1"],"relics":["Ring of the Snake","Membership Card","Gremlin Horn","Darkstone Periapt"],"acts_visited":["Exordium"],"potions_floor_usage":[],"damage_taken":[{"damage":5.0,"enemies":"Jaw Worm","floor":1.0,"turns":6.0},{"damage":0,"enemies":"2 Louse","floor":3,"turns":2},{"damage":0,"enemies":"Cultist","floor":4,"turns":4},{"damage":4,"enemies":"Red Slaver","floor":5,"turns":5},{"damage":0,"enemies":"3 Louse","floor":7,"turns":1},{"damage":63,"enemies":"Lagavulin","floor":10,"turns":8}],"seed_played":"-802962802405532331","potions_obtained":[{"floor":1.0,"key":"EssenceOfSteel"},{"floor":4,"key":"Explosive Potion"},{"floor":7,"key":"EntropicBrew"}],"is_trial":false,"path_per_floor":["M","$","M","M","M","R","M","R","T","E"],"character_chosen":"THE_SILENT","items_purchased":["Membership Card","Gremlin Horn"],"campfire_rested":0,"item_purchase_floors":[2,2],"current_hp_per_floor":[65,65,65,65,61,61,61,61,61,0,0],"gold":107,"neow_bonus":"TWO_FIFTY_GOLD","is_daily":false,"chose_seed":false,"campfire_upgraded":2,"win_rate":0.0,"timestamp":1608416750,"path_taken":["M","$","M","M","M","R","M","R","T","E"],"items_purchased_type":["Relic","Relic"],"build_version":"2020-12-13","purchased_purges":1,"victory":false,"max_hp_per_floor":[70,70,70,70,70,70,70,70,70,70,70],"card_choices":[{"not_picked":["Sucker Punch","Dodge and Roll"],"picked":"Dagger Throw","floor":1.0},{"not_picked":["Deadly Poison","Dagger Throw"],"picked":"Distraction","floor":3},{"not_picked":["Setup","Endless Agony"],"picked":"Dagger Spray","floor":4},{"not_picked":["Sucker Punch","Outmaneuver","Cloak And Dagger"],"picked":"SKIP","floor":5},{"not_picked":["PiercingWail","Poisoned Stab","Infinite Blades"],"picked":"SKIP","floor":7}],"player_experience":334886,"relics_obtained":[{"floor":9,"key":"Darkstone Periapt"}],"event_choices":[],"is_beta":false,"boss_relics":[],"items_purged_floors":[2],"is_endless":false,"potions_floor_spawned":[1,4,7],"killed_by":"Lagavulin","ascension_level":4}}