{"host":"cc187","time":1608412169,"event":{"mods":["AchievementEnabler","BaseMod","Bestiary","Colored Map","Colored Powertips","Highlight Path","Keyboard Shortcuts","Minty Spire (QoL Compilation)","Quick Restart","Rare Cards Sparkle","Relic Stats","StSLib","SuperFastMode","Synergy Search"],"gold_per_floor":[118,118,118,118,193,224,224,257,306,320,335,360,378,57,57,129,129,149,149,165,183,183,183],"floor_reached":22,"playtime":1117,"items_purged":[],"score":470,"play_id":"aba0cbd8-7ea3-481c-899d-8d1cff3796ea","local_time":"20201219210929","is_ascension_mode":true,"campfire_choices":[{"data":"Neutralize","floor":7,"key":"SMITH"},{"data":"Apotheosis","floor":15,"key":"SMITH"}],"circlet_count":0,"master_deck":["AscendersBane","Strike_G","Strike_G","Strike_G","Strike_G","Defend_G","Defend_G","Defend_G","Defend_G","Defend_G","Survivor","Neutralize+1","Bane","Poisoned Stab","Escape Plan","Acrobatics","Apotheosis+1","Deadly Poison","Footwork","Bullet Time","Blur","Bane","PiercingWail"],"relics":["Ring of the Snake","Dream Catcher","Oddly Smooth Stone","Tingsha","Snecko Eye","Nloth\u0027s Gift"],"acts_visited":["Exordium","TheCity"],"potions_floor_usage":[12,13,20,22],"damage_taken":[{"damage":0,"enemies":"Jaw Worm","floor":1,"turns":1},{"damage":0,"enemies":"3 Sentries","floor":6,"turns":1},{"damage":0,"enemies":"Lagavulin","floor":8,"turns":1},{"damage":2,"enemies":"Small Slimes","floor":10,"turns":5},{"damage":3,"enemies":"2 Louse","floor":11,"turns":2},{"damage":20,"enemies":"3 Sentries","floor":12,"turns":9},{"damage":0,"enemies":"Exordium Thugs","floor":13,"turns":4},{"damage":6,"enemies":"Hexaghost","floor":16,"turns":10},{"damage":31,"enemies":"Chosen","floor":18,"turns":4},{"damage":5,"enemies":"3 Byrds","floor":20,"turns":5},{"damage":4,"enemies":"Centurion and Healer","floor":21,"turns":6},{"damage":25,"enemies":"Cultist and Chosen","floor":22,"turns":6}],"seed_played":"-5385204800539799318","potions_obtained":[{"floor":1,"key":"Strength Potion"},{"floor":8,"key":"ColorlessPotion"},{"floor":13,"key":"SpeedPotion"},{"floor":18,"key":"AttackPotion"}],"is_trial":false,"path_per_floor":["M","?","?","?","?","E","R","E","T","M","M","E","M","$","R","B",null,"M","?","M","M","M"],"character_chosen":"THE_SILENT","items_purchased":["Apotheosis","Deadly Poison","Footwork"],"campfire_rested":0,"item_purchase_floors":[14,14,14],"current_hp_per_floor":[59,59,52,52,41,41,41,41,41,39,36,16,16,16,16,10,52,21,21,16,12,0,0],"gold":183,"neow_bonus":"THREE_ENEMY_KILL","is_daily":false,"chose_seed":false,"campfire_upgraded":2,"win_rate":0.0,"timestamp":1608412169,"path_taken":["M","?","?","?","?","E","R","E","T","M","M","E","?","$","R","BOSS","M","?","?","M","M"],"items_purchased_type":["Card","Card","Card"],"build_version":"2020-12-18","purchased_purges":0,"victory":false,"max_hp_per_floor":[66,66,66,66,66,66,66,66,66,66,66,66,66,66,66,66,66,66,66,66,66,66,66],"relic_stats":{"Dream Catcher":0,"counters":[12,54],"Snecko Eye":[39,35,40,38],"Tingsha":[48],"Nloth\u0027s Gift":0,"obtain_stats":[{"Dream Catcher":6,"NeowsBlessing":0,"Oddly Smooth Stone":8,"Snecko Eye":17,"Tingsha":12,"Nloth\u0027s Gift":19,"Ring of the Snake":0},{"Dream Catcher":2,"NeowsBlessing":0,"Oddly Smooth Stone":3,"Snecko Eye":8,"Tingsha":6,"Nloth\u0027s Gift":9,"Ring of the Snake":0},{"Dream Catcher":2,"NeowsBlessing":0,"Oddly Smooth Stone":3,"Snecko Eye":33,"Tingsha":19,"Nloth\u0027s Gift":37,"Ring of the Snake":0}],"Ring of the Snake":[24]},"card_choices":[{"not_picked":["Caltrops","Masterful Stab"],"picked":"Bane","floor":1},{"not_picked":["Slice","Grand Finale"],"picked":"Poisoned Stab","floor":6},{"not_picked":["Slice","Infinite Blades"],"picked":"Escape Plan","floor":8},{"not_picked":["Calculated Gamble","Blade Dance","Quick Slash"],"picked":"SKIP","floor":10},{"not_picked":["Dodge and Roll","Riddle With Holes","Predator"],"picked":"SKIP","floor":11},{"not_picked":["Dagger Throw","Predator"],"picked":"Acrobatics","floor":12},{"not_picked":["Phantasmal Killer","Setup","Masterful Stab"],"picked":"SKIP","floor":13},{"not_picked":["Die Die Die","Glass Knife"],"picked":"Bullet Time","floor":16},{"not_picked":["PiercingWail","Dagger Throw"],"picked":"Blur","floor":18},{"not_picked":["Heel Hook","Poisoned Stab"],"picked":"Bane","floor":20},{"not_picked":["Underhanded Strike","Blade Dance"],"picked":"PiercingWail","floor":21}],"player_experience":786499,"relics_obtained":[{"floor":6,"key":"Dream Catcher"},{"floor":8,"key":"Oddly Smooth Stone"},{"floor":12,"key":"Tingsha"}],"event_choices":[{"damage_healed":0,"gold_gain":0,"player_choice":"Ignored","damage_taken":0,"max_hp_gain":0,"max_hp_loss":0,"event_name":"Shining Light","floor":2,"gold_loss":0},{"cards_removed":["Strike_G"],"damage_healed":0,"gold_gain":0,"player_choice":"Card Removal","damage_taken":7,"max_hp_gain":0,"max_hp_loss":0,"event_name":"Golden Wing","floor":3,"gold_loss":0},{"damage_healed":0,"gold_gain":0,"player_choice":"Ignored","damage_taken":0,"max_hp_gain":0,"max_hp_loss":0,"event_name":"Liars Game","floor":4,"gold_loss":0},{"damage_healed":0,"gold_gain":75,"player_choice":"Gather Gold","damage_taken":11,"max_hp_gain":0,"max_hp_loss":0,"event_name":"World of Goop","floor":5,"gold_loss":0},{"damage_healed":0,"gold_gain":0,"player_choice":"Traded Relic","damage_taken":0,"relics_obtained":["Nloth\u0027s Gift"],"max_hp_gain":0,"max_hp_loss":0,"event_name":"N\u0027loth","floor":19,"relics_lost":["NeowsBlessing"],"gold_loss":0}],"is_beta":true,"boss_relics":[{"not_picked":["Tiny House","Velvet Choker"],"picked":"Snecko Eye"}],"items_purged_floors":[],"is_endless":false,"potions_floor_spawned":[1,8,13,18],"killed_by":"Cultist and Chosen","ascension_level":17}}