{"host":"4id8injl4bo2b6ih","time":1608350825,"event":{"mods":["Act Like it!","BaseMod","Better Third Choice","Colored Map","Friendly Minions","Highlight Path","Minty Spire (QoL Compilation)","Robot Space Explorer","Spicy Shops","StSLib","The Dragon Tamer"],"gold_per_floor":[112,124,137,153,153,179,179,199,226,81,81,95,95,126,126,225,225,206,220,233,246,259,285,285,0,24,40,40,40,40,40],"floor_reached":29,"playtime":2222,"items_purged":[],"score":284,"play_id":"fc53dcc0-1daf-42b0-94e6-2de05b593379","local_time":"20201219050705","is_ascension_mode":false,"metric_token":723,"campfire_choices":[{"data":"DTMod:Dissolve","floor":7.0,"key":"SMITH"},{"data":"DTMod:DarkBreath","floor":11.0,"key":"SMITH"},{"floor":13.0,"key":"REST"},{"data":"DTMod:Observe","floor":15.0,"key":"SMITH"},{"floor":24.0,"key":"REST"},{"floor":28,"key":"REST"}],"dtmod_dragon_data":[0,50,2,-1,4,0],"circlet_count":0,"master_deck":["DTMod:Strike","DTMod:Strike","DTMod:Strike","DTMod:DoubleHit","DTMod:TargetDefense","DTMod:TargetDefense","DTMod:TargetDefense","DTMod:TargetDefense","DTMod:SwitchingTactic","DTMod:DarkBreath+1","DTMod:HeatWave","DTMod:Dissolve+1","DTMod:Observe+1","DTMod:Adaptation","DTMod:Coolant","DTMod:LastStand","DTMod:RunningTactic","DTMod:ResonanceForm","DTMod:InvisibleFlame","DTMod:DarkBreath","DTMod:Training","DTMod:BurningForce","DTMod:Dissolve","Normality","DTMod:PurifyingFlame"],"relics":["DTMod:PactStone","Darkstone Periapt","Vajra","Strawberry","Cursed Key","Smiling Mask","Bag of Marbles"],"acts_visited":["Exordium","TheCity"],"potions_floor_usage":[],"damage_taken":[{"damage":0.0,"enemies":"Small Slimes","floor":1.0,"turns":3.0},{"damage":0.0,"enemies":"Cultist","floor":2.0,"turns":4.0},{"damage":0.0,"enemies":"Jaw Worm","floor":3.0,"turns":3.0},{"damage":7.0,"enemies":"Looter","floor":4.0,"turns":3.0},{"damage":3.0,"enemies":"Gremlin Nob","floor":6.0,"turns":7.0},{"damage":0.0,"enemies":"Blue Slaver","floor":8.0,"turns":6.0},{"damage":0.0,"enemies":"2 Fungi Beasts","floor":12.0,"turns":4.0},{"damage":1.0,"enemies":"Lagavulin","floor":14.0,"turns":8.0},{"damage":21.0,"enemies":"The Guardian","floor":16.0,"turns":22.0},{"damage":0.0,"enemies":"2 Thieves","floor":18.0,"turns":4.0},{"damage":0.0,"enemies":"Spheric Guardian","floor":19.0,"turns":6.0},{"damage":0.0,"enemies":"Snake Plant","floor":20.0,"turns":6.0},{"damage":0.0,"enemies":"Cultist and Chosen","floor":21.0,"turns":8.0},{"damage":9.0,"enemies":"Snecko","floor":22.0,"turns":7.0},{"damage":40.0,"enemies":"Slavers","floor":23.0,"turns":7.0},{"damage":0,"enemies":"Snake Plant","floor":27,"turns":4},{"damage":0,"enemies":"Gremlin Leader","floor":29,"turns":3}],"seed_played":"-59772522863289431","potions_obtained":[{"floor":1.0,"key":"DistilledChaos"},{"floor":14.0,"key":"BlessingOfTheForge"},{"floor":16.0,"key":"SpeedPotion"},{"floor":20.0,"key":"LiquidMemories"},{"floor":23.0,"key":"SteroidPotion"}],"is_trial":false,"path_per_floor":["M","M","M","M","?","E","R","M","T","$","R","M","R","E","R","B",null,"M","M","M","M","M","E","R","?","T","M","R","E"],"character_chosen":"THE_DT","items_purchased":["Vajra"],"campfire_rested":3,"item_purchase_floors":[10],"current_hp_per_floor":[49,49,49,42,42,39,39,39,39,39,39,39,49,55,55,34,56,56,56,56,56,47,7,23,23,29,29,47,47,47,47],"gold":40,"neow_bonus":"TEN_PERCENT_HP_BONUS","is_daily":false,"chose_seed":false,"campfire_upgraded":3,"win_rate":0.0,"timestamp":1608350825,"path_taken":["M","M","M","M","?","E","R","M","T","$","R","M","R","E","R","BOSS","M","M","M","M","M","E","R","?","T","M","R","E"],"items_purchased_type":["Relic"],"build_version":"2020-12-13","purchased_purges":0,"victory":false,"max_hp_per_floor":[49,49,49,49,49,49,49,49,49,49,49,49,49,56,56,56,56,56,56,56,56,56,56,56,56,62,62,62,62,62,62],"card_choices":[{"not_picked":["DTMod:MagicField","DTMod:BizarreTactic"],"picked":"DTMod:DarkBreath","floor":1.0},{"not_picked":["DTMod:BreakAttack","DTMod:QuickFly"],"picked":"DTMod:HeatWave","floor":2.0},{"not_picked":["DTMod:MagiciansMark","DTMod:Overwhelm"],"picked":"DTMod:Dissolve","floor":3.0},{"not_picked":["DTMod:Overwhelm","DTMod:LowKick"],"picked":"DTMod:Observe","floor":4.0},{"not_picked":["DTMod:Outburst","DTMod:Weaken"],"picked":"DTMod:Adaptation","floor":6.0},{"not_picked":["DTMod:Observe","DTMod:Punisher"],"picked":"DTMod:Coolant","floor":8.0},{"not_picked":["DTMod:QuickFly","DTMod:Hide"],"picked":"DTMod:LastStand","floor":12.0},{"not_picked":["DTMod:Punisher","DTMod:FlameSlash"],"picked":"DTMod:RunningTactic","floor":14.0},{"not_picked":["DTMod:TriAttack","DTMod:Outburst"],"picked":"DTMod:ResonanceForm","floor":16.0},{"not_picked":["DTMod:Training","DTMod:ShieldDrain"],"picked":"DTMod:InvisibleFlame","floor":18.0},{"not_picked":["DTMod:BlazingStrike","DTMod:FlameSlash+1","DTMod:Observe"],"picked":"SKIP","floor":19.0},{"not_picked":["DTMod:MasterPlan","DTMod:Cover"],"picked":"DTMod:DarkBreath","floor":20.0},{"not_picked":["DTMod:ComboAttack","DTMod:GhostSkin"],"picked":"DTMod:Training","floor":21.0},{"not_picked":["DTMod:CleansingStrike","DTMod:HeatWave+1"],"picked":"DTMod:BurningForce","floor":22.0},{"not_picked":["DTMod:ResonanceForm","DTMod:Observe"],"picked":"DTMod:Dissolve","floor":23.0},{"not_picked":["DTMod:HeatWave","DTMod:QuickFly"],"picked":"DTMod:PurifyingFlame","floor":27}],"player_experience":325027,"relics_obtained":[{"floor":6.0,"key":"Darkstone Periapt"},{"floor":14.0,"key":"Strawberry"},{"floor":23.0,"key":"Smiling Mask"},{"floor":26,"key":"Bag of Marbles"}],"event_choices":[{"cards_removed":["DTMod:Strike"],"damage_healed":0.0,"max_hp_gain":0.0,"max_hp_loss":0.0,"gold_gain":0.0,"event_name":"Purifier","player_choice":"Purged","floor":5.0,"gold_loss":0.0,"damage_taken":0.0},{"damage_healed":0,"gold_gain":0,"player_choice":"Paid Fearfully","damage_taken":0,"max_hp_gain":0,"max_hp_loss":0,"event_name":"Masked Bandits","floor":25,"gold_loss":285}],"is_beta":false,"boss_relics":[{"not_picked":["Tiny House","Runic Pyramid"],"picked":"Cursed Key"}],"items_purged_floors":[],"is_endless":false,"potions_floor_spawned":[1,14,16,20,23],"killed_by":"Gremlin Leader","ascension_level":0}}