{"host":"qoai0zeca0j4yswu","time":1608369400,"event":{"mods":["Act Like it!","BaseMod","Curses Come First","Hallownest","Minty Spire (QoL Compilation)","StSLib","The Servant 0.9.4"],"gold_per_floor":[119,119,138,154,73,73,73,106,131,141,161,173,173,133,133,233,233,253,25,44,44,59,88,102,102,125,140,140,152,152,22,22,126,176,176,194,109,109,109,140,15,32,58,77,77,92,109,124,124,124,124],"floor_reached":50,"playtime":6246,"items_purged":["Strike_S"],"score":598,"play_id":"ceff68b4-218a-4ad8-b61b-7aea75262f38","local_time":"20201219011640","is_ascension_mode":false,"campfire_choices":[{"data":"Barrier","floor":6.0,"key":"SMITH"},{"data":"FanOfKnives","floor":13.0,"key":"SMITH"},{"data":"Dilation","floor":15.0,"key":"SMITH"},{"floor":25.0,"key":"REST"},{"floor":32.0,"key":"REST"},{"floor":45.0,"key":"REST"},{"floor":49.0,"key":"REST"}],"circlet_count":0,"master_deck":["Strike_S","Defend_S","Defend_S","KidneyShot","Exchange+1","GearUp","Moonlight+1","Barrier+1","RealityMarble","FanOfKnives+1","InstantArmor","Rearm","FlawlessForm","Contraction","Rearm","Contraction","SpecialFormula","Unruled+1","DoubleEdge","Hightail","FlawlessForm","Defy","Hallownest:skillKingdomsEdgeMap","Rearm","Rearm","DualDimension","Read","GearUp+1"],"relics":["Uniform","NeowsBlessing","Oddly Smooth Stone","Blood Vial","Fusion Hammer","Membership Card","Vajra","Pen Nib","Ancient Tea Set","Potion Belt","Tiny House","Thread and Needle","The Courier","Hallownest:SoulVesselRelic","Bag of Marbles"],"acts_visited":["Exordium","Hallownest:Greenpath","Hallownest:CityofTears"],"potions_floor_usage":[50,50,50,50,50],"damage_taken":[{"damage":0.0,"enemies":"Hallownest:monsterHuskWarrior","floor":1.0,"turns":1.0},{"damage":0.0,"enemies":"Hallownest:monsterMarmu","floor":2.0,"turns":1.0},{"damage":0.0,"enemies":"2_ Uuma","floor":3.0,"turns":1.0},{"damage":8.0,"enemies":"Hallownest:2_Baldur","floor":4.0,"turns":4.0},{"damage":0.0,"enemies":"Hallownest:eliteVengeflyKing","floor":8.0,"turns":11.0},{"damage":0.0,"enemies":"Hallownest:2_Tiktiks_1_Baldur_1_Crawlid","floor":10.0,"turns":6.0},{"damage":15.0,"enemies":"Hallownest:1_Ooma_and_2_Uuma","floor":11.0,"turns":10.0},{"damage":1.0,"enemies":"Hallownest:Guard_and_Warrior","floor":12.0,"turns":6.0},{"damage":37.0,"enemies":"Hallownest:BossBrokenVessel","floor":16.0,"turns":13.0},{"damage":0.0,"enemies":"Hallownest:Guard_and_Sentry","floor":18.0,"turns":5.0},{"damage":3.0,"enemies":"Hallownest:Flukemon_and_Top","floor":20.0,"turns":6.0},{"damage":0.0,"enemies":"Hallownest:2_Husk_Sentries","floor":22.0,"turns":6.0},{"damage":0.0,"enemies":"Hallownest:Nosk","floor":23.0,"turns":10.0},{"damage":0.0,"enemies":"Hallownest:monsterShrumalOgre","floor":24.0,"turns":7.0},{"damage":4.0,"enemies":"Hallownest:Master_and_Novice","floor":27.0,"turns":6.0},{"damage":0.0,"enemies":"Hallownest:2_Flukemon","floor":29.0,"turns":5.0},{"damage":42.0,"enemies":"Hallownest:BossMantisLord","floor":33.0,"turns":10.0},{"damage":0.0,"enemies":"Hallownest:3_Siblings","floor":35.0,"turns":7.0},{"damage":3.0,"enemies":"Hallownest:Shield_Heavy","floor":36.0,"turns":11.0},{"damage":0.0,"enemies":"Hallownest:eliteCollector","floor":40.0,"turns":12.0},{"damage":0.0,"enemies":"Hallownest:2_Wing_and_1_Kings","floor":42.0,"turns":8.0},{"damage":45.0,"enemies":"Hallownest:Xero_Hu_Marmu","floor":44.0,"turns":16.0},{"damage":0.0,"enemies":"Hallownest:Shield_Sturdy","floor":46.0,"turns":7.0},{"damage":33.0,"enemies":"Hallownest:Slobbering_and_Violent","floor":47.0,"turns":10.0},{"damage":39.0,"enemies":"Hallownest:Xero_Hu_Marmu","floor":48.0,"turns":18.0},{"damage":45,"enemies":"Hallownest:BossGreyPrinceZote","floor":50,"turns":19}],"seed_played":"-2271584789366609264","potions_obtained":[{"floor":3.0,"key":"SmokeBomb"},{"floor":4.0,"key":"SteroidPotion"},{"floor":10.0,"key":"BlessingOfTheForge"},{"floor":33.0,"key":"Block Potion"},{"floor":40.0,"key":"Fire Potion"},{"floor":48.0,"key":"PowerPotion"}],"is_trial":false,"path_per_floor":["M","?","M","M","$","R","?","E","T","M","M","M","R","?","R","B",null,"M","$","M","?","M","E","M","R","T","M","?","M","?","$","R","B",null,"M","M","?","?","T","E","?","M","T","M","R","M","M","M","R","B"],"character_chosen":"THE_SERVANT","items_purchased":["Dilation","Membership Card","Vajra","FairyPotion","Hightail"],"campfire_rested":4,"item_purchase_floors":[5,19,19,31,31],"current_hp_per_floor":[65,65,65,57,57,57,57,57,57,59,46,47,47,56,56,21,65,65,65,62,62,64,65,65,65,65,65,61,65,65,65,65,28,70,70,70,70,70,70,70,70,70,70,26,47,54,28,17,38,0,0],"gold":124,"neow_bonus":"THREE_ENEMY_KILL","is_daily":false,"chose_seed":false,"campfire_upgraded":3,"win_rate":0.0,"timestamp":1608369400,"path_taken":["M","?","M","M","$","R","?","E","T","M","M","M","R","?","R","BOSS","M","$","M","?","M","E","M","R","T","M","?","M","?","?","R","BOSS","M","?","?","?","?","E","?","M","T","M","R","M","M","M","R","BOSS"],"items_purchased_type":["Card","Relic","Relic","Potion","Card"],"build_version":"2020-12-13","purchased_purges":1,"victory":false,"max_hp_per_floor":[65,65,65,65,65,65,65,65,65,65,65,65,65,65,65,65,65,65,65,65,65,65,65,65,65,65,65,65,65,65,65,65,65,70,70,70,70,70,70,70,70,70,70,70,70,70,70,70,70,70,70],"card_choices":[{"not_picked":["BottledTime","ShiftingGears"],"picked":"GearUp","floor":1.0},{"not_picked":["Foresight","Unruled"],"picked":"Moonlight","floor":3.0},{"not_picked":["ShatteredReality","Spin"],"picked":"Barrier","floor":4.0},{"not_picked":["Comet","Unruled"],"picked":"RealityMarble","floor":8.0},{"not_picked":["Replace","ShatteredReality"],"picked":"FanOfKnives","floor":10.0},{"not_picked":["Spin","Replace"],"picked":"InstantArmor","floor":11.0},{"not_picked":["Unruled","Sabotage"],"picked":"Rearm","floor":12.0},{"not_picked":["FloweringNight","SoulSculpture"],"picked":"FlawlessForm","floor":16.0},{"not_picked":["Spin","Ricochet"],"picked":"Contraction","floor":18.0},{"not_picked":["TimeWarp","Reset"],"picked":"Rearm","floor":20.0},{"not_picked":["Potential","Rewind"],"picked":"Contraction","floor":22.0},{"not_picked":["Shuttle","Alleviate+1"],"picked":"SpecialFormula","floor":23.0},{"not_picked":["DualDimension","Replace"],"picked":"Unruled+1","floor":24.0},{"not_picked":["Potential+1","Moonlight"],"picked":"DoubleEdge","floor":27.0},{"not_picked":["FastForward","Alleviate","Unruled"],"picked":"SKIP","floor":29.0},{"not_picked":["Initiator","TheWorld"],"picked":"FlawlessForm","floor":33.0},{"not_picked":["FanOfKnives","Spin+1"],"picked":"Defy","floor":34.0},{"not_picked":["Alleviate","BottledTime","Rearm"],"picked":"SKIP","floor":36.0},{"not_picked":["ReturningBlade+1","StarChef+1"],"picked":"DualDimension","floor":40.0},{"not_picked":["Defy","Ricochet+1"],"picked":"Read","floor":42.0},{"not_picked":["Unruled+1","Replace+1","TimeWarp+1"],"picked":"SKIP","floor":44.0},{"not_picked":["FloweringNight","Spin","Ricochet"],"picked":"SKIP","floor":46.0},{"not_picked":["FastForward+1","Rewind","Starlight+1"],"picked":"SKIP","floor":47.0},{"not_picked":["Spin+1","Gouge"],"picked":"GearUp+1","floor":48.0}],"player_experience":663008,"relics_obtained":[{"floor":8.0,"key":"Oddly Smooth Stone"},{"floor":9.0,"key":"Blood Vial"},{"floor":23.0,"key":"Pen Nib"},{"floor":26.0,"key":"Ancient Tea Set"},{"floor":39.0,"key":"Thread and Needle"},{"floor":40.0,"key":"The Courier"},{"floor":43.0,"key":"Bag of Marbles"}],"event_choices":[],"is_beta":false,"boss_relics":[{"not_picked":["Ectoplasm","Sozu"],"picked":"Fusion Hammer"},{"not_picked":["StoneMask","MysterySword"],"picked":"Tiny House"}],"items_purged_floors":[31],"is_endless":false,"potions_floor_spawned":[3,4,10,12,18,23,24,33,40,44,47,48],"killed_by":"Hallownest:BossGreyPrinceZote","ascension_level":0}}