{"host":"jak4ncvfzor9mys0","time":1608346176,"event":{"mods":["2.2 Compatiblity","AchievementEnabler","BaseMod","Better Altar","Better Match","Better Note","Better Sensory Stone","Better Skull","Better Third Choice","BetterRewards","Block Reminder","Colored Map","Colored Powertips","Energized Spire","Gold Saver","Hubris","Infinite Spire","Key Reminder","Minty Spire (QoL Compilation)","Rare Cards Sparkle","Red Circlet Mod","Relic Sorter","Relic Stats","Replay The Spire","Retaliation","StSLib","SuperFastMode","The Blue Laboratory"],"gold_per_floor":[299,311,327,279,10,44,44,62,62,62,73,93,93,107,107,208,208,223,239,252,252,263,263,283,283,283,283,283],"floor_reached":27,"playtime":1380,"items_purged":["Strike_G","Strike_G"],"score":269,"play_id":"c55fa6f9-d087-4e8e-83ab-a97b3b1ec320","local_time":"20201218184936","is_ascension_mode":false,"campfire_choices":[{"data":"Noxious Fumes","floor":7,"key":"SMITH"},{"floor":15,"key":"REST"},{"floor":23,"key":"REST"}],"circlet_count":0,"master_deck":["Strike_G","Strike_G","Strike_G","Defend_G","Defend_G","Defend_G","Defend_G","Defend_G+1","Survivor+1","Neutralize","Backstab","ReplayTheSpireMod:Speed Training","Noxious Fumes+1","Noxious Fumes","Catalyst","Backflip","Noxious Fumes","Flechettes","Backflip","Adrenaline","Bouncing Flask","infinitespire:Fortify"],"relics":["Ring of the Snake","betterThird:SlimedRelic","NeowsBlessing","Smiling Mask","Snake Skull","SlaversCollar","Cauldron","Meat on the Bone"],"acts_visited":["Exordium","TheCity"],"potions_floor_usage":[16,22,27],"damage_taken":[{"damage":0,"enemies":"2 Louse","floor":1,"turns":1},{"damage":0,"enemies":"Jaw Worm","floor":2,"turns":1},{"damage":0,"enemies":"Cultist","floor":3,"turns":1},{"damage":12,"enemies":"3 Sentries","floor":6,"turns":7},{"damage":0,"enemies":"2 Fungi Beasts","floor":8,"turns":3},{"damage":0,"enemies":"Large Slime","floor":11,"turns":6},{"damage":1,"enemies":"Lots of Slimes","floor":12,"turns":5},{"damage":3,"enemies":"Red Slaver","floor":14,"turns":4},{"damage":0,"enemies":"Hexaghost","floor":16,"turns":7},{"damage":7,"enemies":"Spheric Guardian","floor":18,"turns":5},{"damage":3,"enemies":"3 Byrds","floor":19,"turns":4},{"damage":26,"enemies":"Centurion and Healer","floor":20,"turns":4},{"damage":16,"enemies":"Chosen and Byrds","floor":22,"turns":6},{"damage":21,"enemies":"Cultist and Chosen","floor":24,"turns":5},{"damage":21,"enemies":"Sentry and Sphere","floor":27,"turns":5}],"seed_played":"-2353039955522465376","potions_obtained":[{"floor":3,"key":"Languid Potion"},{"floor":6,"key":"Doom Potion"},{"floor":14,"key":"DDmod:CleansePotion"},{"floor":16,"key":"Elixir"},{"floor":22,"key":"blueLaboratory:Virophage"},{"floor":25,"key":"blueLaboratory:HeartbeatPotion"}],"is_trial":false,"path_per_floor":["M","M","M","?","$","E","R","M","T","?","M","M","T","M","R","B",null,"M","M","M","?","M","R","M","AVR","T","M"],"character_chosen":"THE_SILENT","items_purchased":["Noxious Fumes","Catalyst","Backflip"],"campfire_rested":2,"item_purchase_floors":[5,5,5],"current_hp_per_floor":[70,70,70,59,59,47,47,47,47,33,33,32,32,29,50,50,70,63,60,34,34,18,39,18,18,18,0,0],"gold":283,"neow_bonus":"THREE_ENEMY_KILL","is_daily":false,"chose_seed":false,"campfire_upgraded":1,"win_rate":0.0,"timestamp":1608346176,"path_taken":["M","M","M","?","$","E","R","M","T","?","M","M","?","M","R","BOSS","M","?","M","?","?","R","M","AVR","T","M"],"items_purchased_type":["Card","Card","Card"],"build_version":"2020-12-13","purchased_purges":2,"victory":false,"max_hp_per_floor":[70,70,70,70,70,70,70,70,70,70,70,70,70,70,70,70,70,70,70,70,70,70,70,70,70,70,70,70],"relic_stats":{"counters":[1219,4443],"Snake Skull":[60],"Smiling Mask":527,"obtain_stats":[{"Replay:Accelerometer":143,"Vampiric Spirits":48,"Blood Vial":31,"Replay:Wanted Poster":68,"infinitespire:ShieldingShard":12,"hubris:AstralHammer":20,"Fusion Hammer":153,"Replay:Bottled Flurry":12,"Necronomicon":76,"HandDrill":148,"Replay:Bottled Steam":196,"Blue Candle":27,"Velvet Choker":34,"Tingsha":6,"Pen Nib":93,"infinitespire:Magic Flask":121,"Akabeko":80,"infinitespire:EvilPickle":135,"infinitespire:Broken Mirror":105,"MutagenicStrength":81,"StrikeDummy":13,"Unceasing Top":57,"hubris:Reverence":166,"energizedSpire:PogoStick":17,"Regal Pillow":9,"Singing Bowl":53,"Smiling Mask":9,"Ancient Tea Set":9,"hubris:Backtick":51,"WristBlade":102,"infinitespire:Bottled Soul":51,"hubris:CuriousFeather":0,"Chemical X":0,"infinitespire:Eraser":60,"Replay:Bottled Eggs":60,"Ring of the Snake":0,"Potion Belt":22,"Lee\u0027s Waffle":61,"NeowsBlessing":0,"PreservedInsect":2,"infinitespire:Lucky Rock":8,"hubris:Towel":55,"Replay:Arrowhead":162,"hubris:Spice":89,"Ornamental Fan":0,"betterThird:SlimedRelic":4,"Art of War":111,"Garlic":108,"hubris:BottledRain":60,"infinitespire:Midas Blood":3,"Ice Cream":112,"Calipers":127,"Gremlin Horn":59,"HoveringKite":36,"Sozu":34,"Centennial Puzzle":148,"Iron Hammer":7,"Girya":61,"hubris:Teleporter":144,"hubris:DuctTape":158,"ReplayTheSpireMod:CursedCoin":21,"hubris:HollowSoul":34,"hubris:Zylophone":24,"Du-Vu Doll":106,"OrangePellets":79,"Onion Ring":94,"hubris:PeanutButter":40,"infinitespire:EmpoweringShard":131,"Mirror":26,"energizedSpire:HighHeels":119,"Pocketwatch":10,"Enchiridion":73,"Snake Skull":10,"Juzu Bracelet":111,"Replay:Mystery Machine":29,"Empty Cage":51,"Dream Catcher":180,"Nunchaku":9,"Tough Bandages":142,"TheAbacus":53,"hubris:Icosahedron":75,"Chameleon Ring":125,"hubris:Stopwatch":136,"Red Mask":172,"infinitespire:FocusingShard":98,"hubris:MedicalManual":78,"Replay:WaspNest":156,"Odd Mushroom":54,"Medical Kit":20,"Mercury Hourglass":31,"keyreminder:keyreminder":13,"Calling Bell":17,"Strange Spoon":157,"Cauldron":25,"Pondfish Scales":0,"infinitespire:Satchel":167,"hubris:BundleOfHerbs":133,"Bag of Marbles":128,"Membership Card":0,"FossilizedHelix":6,"hubris:AncientText":116,"hubris:OldNail":0,"TwistedFunnel":0,"infinitespire:BottledMercury":61,"Ginger":60,"Whetstone":9,"Bottled Tornado":111,"Boot":57,"Old Coin":126,"Replay:Ringing Soul":113,"Sundial":6,"MealTicket":71,"hubris:DeckOfHolding":47,"infinitespire:Golems Mask":24,"Kunai":64,"Replay:Wax Seal":130,"hubris:TinFlute":74,"Pear":11,"betterAltar:BloodRelic":121,"Counterbalance":0,"hubris:SphereOfDissonance":9,"Paper Crane":128,"SlaversCollar":170,"hubris:BottledHeart":75,"hubris:TenFootPole":74,"Ring of the Serpent":85,"infinitespire:PuzzleCube":30,"Lantern":180,"hubris:Metronome":17,"Blue Doll":114,"StoneCalendar":99,"Bag of Preparation":26,"Cursed Key":51,"Replay:Rubber Ducky":12,"Matryoshka":94,"Ninja Scroll":125,"Ring of Peace":122,"hubris:ScarierMask":121,"hubris:FunFungus":206,"Replay:Lucky Slots":155,"hubris:GlazedTorus":136,"The Specimen":27,"Basket Of Snakes":127,"Thread and Needle":24,"The Courier":24,"infinitespire:Joker Card":24,"Omamori":64,"infinitespire:CheckeredPen":21,"Frozen Egg 2":26,"energizedSpire:DeadBattery":17,"MawBank":145,"Busted Crown":119,"Bloody Idol":73,"Turnip":108,"Bottled Lightning":201,"ReplayTheSpireMod:Lightbulb":79,"Toy Ornithopter":26,"CeramicFish":60,"Vajra":142,"Lizard Tail":122,"HornCleat":43,"Strawberry":96,"Toxic Egg 2":40,"Byrd Skull":111,"Happy Flower":194,"Oddly Smooth Stone":53,"infinitespire:Beetle Shell":43,"Letter Opener":148,"Replay:Kaleidoscope":79,"Question Card":63,"Replay:Baseball":12,"Bottled Flame":91,"ReplayTheSpireMod:Shallot":125,"Shuriken":94,"Bronze Scales":194,"Simple Rune":6,"Molten Egg 2":3,"Black Star":68,"Nloth\u0027s Gift":22,"ReplayTheSpireMod:TigerMarble":44,"hubris:ToyBattleship":94,"Grinning Jar":78,"Meat on the Bone":92,"ReplayFunnel":10,"Darkstone Periapt":13,"Snecko Heart":17,"SacredBark":68,"Mango":13,"hubris:SlimyHat":122,"ClockworkSouvenir":13,"Replay:Bandana":183,"energizedSpire:CursedPentagram":17,"Mummified Hand":77,"Pantograph":0,"Tiny Chest":108,"infinitespire:Chaos":20,"Cracked Core":20,"Gremlin Food":9,"energizedSpire:RedRose":119,"hubris:DisguiseKit":19,"ReplayTheSpireMod:Ninjato":123,"infinitespire:CursedDice":20,"Quantum Egg":20,"infinitespire:EmptyRelic":20,"Orichalcum":8,"White Beast Statue":58,"Peace Pipe":2,"Anchor":26,"CaptainsWheel":0,"infinitespire:WardingShard":9,"Snack Pack":0,"hubris:Potato":155},{"Replay:Accelerometer":1197,"Vampiric Spirits":1153,"Blood Vial":550,"Replay:Wanted Poster":789,"infinitespire:ShieldingShard":955,"hubris:AstralHammer":970,"Fusion Hammer":1052,"Replay:Bottled Flurry":763,"Necronomicon":793,"HandDrill":1200,"Replay:Bottled Steam":661,"Blue Candle":886,"Velvet Choker":989,"Tingsha":877,"Pen Nib":917,"infinitespire:Magic Flask":930,"Akabeko":721,"infinitespire:EvilPickle":745,"infinitespire:Broken Mirror":732,"MutagenicStrength":721,"StrikeDummy":764,"Unceasing Top":861,"hubris:Reverence":644,"energizedSpire:PogoStick":560,"Regal Pillow":540,"Singing Bowl":707,"Smiling Mask":556,"Ancient Tea Set":1059,"hubris:Backtick":706,"WristBlade":918,"infinitespire:Bottled Soul":706,"hubris:CuriousFeather":949,"Chemical X":758,"infinitespire:Eraser":901,"Replay:Bottled Eggs":1108,"Ring of the Snake":0,"Potion Belt":694,"Lee\u0027s Waffle":594,"NeowsBlessing":1204,"PreservedInsect":552,"infinitespire:Lucky Rock":976,"hubris:Towel":591,"Replay:Arrowhead":642,"hubris:Spice":606,"Ornamental Fan":667,"betterThird:SlimedRelic":1207,"Art of War":618,"Garlic":809,"hubris:BottledRain":711,"infinitespire:Midas Blood":950,"Ice Cream":733,"Calipers":625,"Gremlin Horn":594,"HoveringKite":889,"Sozu":697,"Centennial Puzzle":634,"Iron Hammer":836,"Girya":861,"hubris:Teleporter":1048,"hubris:DuctTape":639,"ReplayTheSpireMod:CursedCoin":768,"hubris:HollowSoul":1095,"hubris:Zylophone":563,"Du-Vu Doll":807,"OrangePellets":793,"Onion Ring":607,"hubris:PeanutButter":892,"infinitespire:EmpoweringShard":627,"Mirror":696,"energizedSpire:HighHeels":929,"Pocketwatch":977,"Enchiridion":601,"Snake Skull":689,"Juzu Bracelet":733,"Replay:Mystery Machine":550,"Empty Cage":856,"Dream Catcher":653,"Nunchaku":689,"Tough Bandages":750,"TheAbacus":590,"hubris:Icosahedron":601,"Chameleon Ring":933,"hubris:Stopwatch":939,"Red Mask":648,"infinitespire:FocusingShard":610,"hubris:MedicalManual":869,"Replay:WaspNest":1053,"Odd Mushroom":591,"Medical Kit":970,"Mercury Hourglass":580,"keyreminder:keyreminder":558,"Calling Bell":881,"Strange Spoon":639,"Cauldron":1218,"Pondfish Scales":667,"infinitespire:Satchel":645,"hubris:BundleOfHerbs":744,"Bag of Marbles":1036,"Membership Card":949,"FossilizedHelix":555,"hubris:AncientText":812,"hubris:OldNail":832,"TwistedFunnel":566,"infinitespire:BottledMercury":785,"Ginger":594,"Whetstone":878,"Bottled Tornado":923,"Boot":783,"Old Coin":1036,"Replay:Ringing Soul":1030,"Sundial":671,"MealTicket":600,"hubris:DeckOfHolding":705,"infinitespire:Golems Mask":984,"Kunai":903,"Replay:Wax Seal":820,"hubris:TinFlute":909,"Pear":878,"betterAltar:BloodRelic":1034,"Counterbalance":758,"hubris:SphereOfDissonance":952,"Paper Crane":741,"SlaversCollar":646,"hubris:BottledHeart":909,"hubris:TenFootPole":909,"Ring of the Serpent":604,"infinitespire:PuzzleCube":887,"Lantern":653,"hubris:Metronome":881,"Blue Doll":618,"StoneCalendar":917,"Bag of Preparation":547,"Cursed Key":780,"Replay:Rubber Ducky":541,"Matryoshka":725,"Ninja Scroll":933,"Ring of Peace":738,"hubris:ScarierMask":930,"hubris:FunFungus":665,"Replay:Lucky Slots":1202,"hubris:GlazedTorus":1042,"The Specimen":769,"Basket Of Snakes":934,"Thread and Needle":1066,"The Courier":578,"infinitespire:Joker Card":844,"Omamori":596,"infinitespire:CheckeredPen":546,"Frozen Egg 2":578,"energizedSpire:DeadBattery":693,"MawBank":944,"Busted Crown":1033,"Bloody Idol":793,"Turnip":923,"Bottled Lightning":664,"ReplayTheSpireMod:Lightbulb":601,"Toy Ornithopter":844,"CeramicFish":1001,"Vajra":943,"Lizard Tail":814,"HornCleat":584,"Strawberry":609,"Toxic Egg 2":892,"Byrd Skull":1184,"Happy Flower":660,"Oddly Smooth Stone":590,"infinitespire:Beetle Shell":702,"Letter Opener":754,"Replay:Kaleidoscope":909,"Question Card":862,"Replay:Baseball":573,"Bottled Flame":800,"ReplayTheSpireMod:Shallot":740,"Shuriken":1175,"Bronze Scales":660,"Simple Rune":1058,"Molten Egg 2":1132,"Black Star":598,"Nloth\u0027s Gift":678,"ReplayTheSpireMod:TigerMarble":894,"hubris:ToyBattleship":917,"Grinning Jar":909,"Meat on the Bone":1021,"ReplayFunnel":556,"Darkstone Periapt":1136,"Snecko Heart":576,"SacredBark":904,"Mango":558,"hubris:SlimyHat":623,"ClockworkSouvenir":541,"Replay:Bandana":654,"energizedSpire:CursedPentagram":543,"Mummified Hand":719,"Pantograph":872,"Tiny Chest":733,"infinitespire:Chaos":970,"Cracked Core":970,"Gremlin Food":571,"energizedSpire:RedRose":736,"hubris:DisguiseKit":1088,"ReplayTheSpireMod:Ninjato":931,"infinitespire:CursedDice":970,"Quantum Egg":970,"infinitespire:EmptyRelic":970,"Orichalcum":571,"White Beast Statue":1001,"Peace Pipe":536,"Anchor":564,"CaptainsWheel":1131,"infinitespire:WardingShard":672,"Snack Pack":872,"hubris:Potato":947},{"Replay:Accelerometer":4356,"Vampiric Spirits":4227,"Blood Vial":2180,"Replay:Wanted Poster":2996,"infinitespire:ShieldingShard":3458,"hubris:AstralHammer":3536,"Fusion Hammer":3812,"Replay:Bottled Flurry":2902,"Necronomicon":3001,"HandDrill":4364,"Replay:Bottled Steam":2580,"Blue Candle":3299,"Velvet Choker":3628,"Tingsha":3260,"Pen Nib":3387,"infinitespire:Magic Flask":3403,"Akabeko":2814,"infinitespire:EvilPickle":2857,"infinitespire:Broken Mirror":2837,"MutagenicStrength":2814,"StrikeDummy":2904,"Unceasing Top":3196,"hubris:Reverence":2544,"energizedSpire:PogoStick":2276,"Regal Pillow":2110,"Singing Bowl":2787,"Smiling Mask":2225,"Ancient Tea Set":3839,"hubris:Backtick":2785,"WristBlade":3389,"infinitespire:Bottled Soul":2785,"hubris:CuriousFeather":3434,"Chemical X":2887,"infinitespire:Eraser":3355,"Replay:Bottled Eggs":4037,"Ring of the Snake":0,"Potion Belt":2725,"Lee\u0027s Waffle":2430,"NeowsBlessing":4379,"PreservedInsect":2201,"infinitespire:Lucky Rock":3560,"hubris:Towel":2424,"Replay:Arrowhead":2539,"hubris:Spice":2457,"Ornamental Fan":2592,"betterThird:SlimedRelic":4382,"Art of War":2482,"Garlic":3030,"hubris:BottledRain":2795,"infinitespire:Midas Blood":3437,"Ice Cream":2839,"Calipers":2497,"Gremlin Horn":2430,"HoveringKite":3312,"Sozu":2746,"Centennial Puzzle":2521,"Iron Hammer":3090,"Girya":3196,"hubris:Teleporter":3796,"hubris:DuctTape":2534,"ReplayTheSpireMod:CursedCoin":2926,"hubris:HollowSoul":3997,"hubris:Zylophone":2299,"Du-Vu Doll":3028,"OrangePellets":3001,"Onion Ring":2459,"hubris:PeanutButter":3323,"infinitespire:EmpoweringShard":2501,"Mirror":2736,"energizedSpire:HighHeels":3402,"Pocketwatch":3568,"Enchiridion":2444,"Snake Skull":2697,"Juzu Bracelet":2839,"Replay:Mystery Machine":2180,"Empty Cage":3186,"Dream Catcher":2562,"Nunchaku":2697,"Tough Bandages":2865,"TheAbacus":2422,"hubris:Icosahedron":2444,"Chameleon Ring":3406,"hubris:Stopwatch":3415,"Red Mask":2550,"infinitespire:FocusingShard":2465,"hubris:MedicalManual":3226,"Replay:WaspNest":3814,"Odd Mushroom":2424,"Medical Kit":3536,"Mercury Hourglass":2389,"keyreminder:keyreminder":2241,"Calling Bell":3279,"Strange Spoon":2534,"Cauldron":4438,"Pondfish Scales":2592,"infinitespire:Satchel":2545,"hubris:BundleOfHerbs":2854,"Bag of Marbles":3765,"Membership Card":3434,"FossilizedHelix":2220,"hubris:AncientText":3036,"hubris:OldNail":3079,"TwistedFunnel":2324,"infinitespire:BottledMercury":2988,"Ginger":2430,"Whetstone":3264,"Bottled Tornado":3394,"Boot":2984,"Old Coin":3765,"Replay:Ringing Soul":3748,"Sundial":2608,"MealTicket":2442,"hubris:DeckOfHolding":2779,"infinitespire:Golems Mask":3609,"Kunai":3359,"Replay:Wax Seal":3052,"hubris:TinFlute":3371,"Pear":3264,"betterAltar:BloodRelic":3759,"Counterbalance":2887,"hubris:SphereOfDissonance":3445,"Paper Crane":2850,"SlaversCollar":2546,"hubris:BottledHeart":3371,"hubris:TenFootPole":3371,"Ring of the Serpent":2453,"infinitespire:PuzzleCube":3305,"Lantern":2562,"hubris:Metronome":3279,"Blue Doll":2482,"StoneCalendar":3387,"Bag of Preparation":2164,"Cursed Key":2978,"Replay:Rubber Ducky":2115,"Matryoshka":2824,"Ninja Scroll":3406,"Ring of Peace":2846,"hubris:ScarierMask":3403,"hubris:FunFungus":2588,"Replay:Lucky Slots":4371,"hubris:GlazedTorus":3779,"The Specimen":2929,"Basket Of Snakes":3407,"Thread and Needle":3875,"The Courier":2379,"infinitespire:Joker Card":3119,"Omamori":2434,"infinitespire:CheckeredPen":2159,"Frozen Egg 2":2379,"energizedSpire:DeadBattery":2721,"MawBank":3424,"Busted Crown":3757,"Bloody Idol":3001,"Turnip":3394,"Bottled Lightning":2586,"ReplayTheSpireMod:Lightbulb":2444,"Toy Ornithopter":3119,"CeramicFish":3675,"Vajra":3421,"Lizard Tail":3041,"HornCleat":2405,"Strawberry":2463,"Toxic Egg 2":3323,"Byrd Skull":4322,"Happy Flower":2578,"Oddly Smooth Stone":2422,"infinitespire:Beetle Shell":2768,"Letter Opener":2873,"Replay:Kaleidoscope":3371,"Question Card":3199,"Replay:Baseball":2358,"Bottled Flame":3018,"ReplayTheSpireMod:Shallot":2848,"Shuriken":4302,"Bronze Scales":2578,"Simple Rune":3835,"Molten Egg 2":4108,"Black Star":2438,"Nloth\u0027s Gift":2640,"ReplayTheSpireMod:TigerMarble":3334,"hubris:ToyBattleship":3387,"Grinning Jar":3371,"Meat on the Bone":3726,"ReplayFunnel":2225,"Darkstone Periapt":4121,"Snecko Heart":2373,"SacredBark":3361,"Mango":2241,"hubris:SlimyHat":2493,"ClockworkSouvenir":2115,"Replay:Bandana":2565,"energizedSpire:CursedPentagram":2136,"Mummified Hand":2811,"Pantograph":3236,"Tiny Chest":2839,"infinitespire:Chaos":3536,"Cracked Core":3536,"Gremlin Food":2349,"energizedSpire:RedRose":2843,"hubris:DisguiseKit":3962,"ReplayTheSpireMod:Ninjato":3404,"infinitespire:CursedDice":3536,"Quantum Egg":3536,"infinitespire:EmptyRelic":3536,"Orichalcum":2349,"White Beast Statue":3675,"Peace Pipe":2087,"Anchor":2305,"CaptainsWheel":4105,"infinitespire:WardingShard":2613,"Snack Pack":3236,"hubris:Potato":3428}],"Ring of the Snake":[1098],"Meat on the Bone":12},"card_choices":[{"not_picked":["Underhanded Strike","Outmaneuver"],"picked":"Backstab","floor":1},{"not_picked":["Underhanded Strike","Outmaneuver"],"picked":"ReplayTheSpireMod:Speed Training","floor":2},{"not_picked":["Outmaneuver","Deadly Poison"],"picked":"Noxious Fumes","floor":3},{"not_picked":["Distraction","Calculated Gamble","Cloak And Dagger"],"picked":"SKIP","floor":6},{"not_picked":["Sneak Up","Deflect"],"picked":"Noxious Fumes","floor":8},{"not_picked":["Crippling Poison","After Image"],"picked":"Flechettes","floor":11},{"not_picked":["Riddle With Holes","Accuracy","Endless Agony"],"picked":"SKIP","floor":12},{"not_picked":["hubris:SlightOfHand","Calculated Gamble"],"picked":"Backflip","floor":14},{"not_picked":["Replay:Bag of Tricks","Doppelganger"],"picked":"Adrenaline","floor":16},{"not_picked":["PiercingWail+1","ReplayTheSpireMod:The Works","All Out Attack"],"picked":"SKIP","floor":18},{"not_picked":["Skewer","Backflip+1"],"picked":"Bouncing Flask","floor":19},{"not_picked":["Acrobatics","Underhanded Strike","Dodge and Roll+1"],"picked":"SKIP","floor":20},{"not_picked":["Replay:Poison Smokescreen","Flying Knee","Dagger Spray"],"picked":"SKIP","floor":22},{"not_picked":["Blade Dance+1","Infinite Blades","Underhanded Strike"],"picked":"SKIP","floor":24}],"player_experience":2645062,"relics_obtained":[{"floor":6,"key":"Smiling Mask"},{"floor":13,"key":"Snake Skull"},{"floor":26,"key":"Meat on the Bone"}],"event_choices":[{"damage_healed":0,"gold_gain":0,"player_choice":"Slimed","damage_taken":11,"max_hp_gain":0,"max_hp_loss":0,"event_name":"betterThird:BetterGoop","floor":4,"gold_loss":48},{"damage_healed":47,"gold_gain":0,"player_choice":"Upgrade","damage_taken":14,"max_hp_gain":0,"max_hp_loss":70,"event_name":"betterThird:BetterShining","floor":10,"gold_loss":0,"cards_upgraded":["Survivor","Defend_G"]},{"cards_removed":["Strike_G"],"damage_healed":0,"gold_gain":0,"player_choice":"Give","damage_taken":0,"max_hp_gain":0,"max_hp_loss":0,"event_name":"betterNote:BetterNote","floor":21,"gold_loss":0,"cards_obtained":["Defend_B"]}],"is_beta":false,"boss_relics":[{"not_picked":["hubris:GrandSneckoEye","Philosopher\u0027s Stone"],"picked":"SlaversCollar"}],"items_purged_floors":[5,25],"is_endless":false,"potions_floor_spawned":[3,6,12,14,16,18,22],"killed_by":"Sentry and Sphere","ascension_level":0}}