{"host":"2e3z4r48quhw80cc","time":1608381311,"event":{"mods":["BaseMod","Minty Spire (QoL Compilation)","Quick Restart","StSLib","SuperFastMode"],"gold_per_floor":[113,388,399,399,418,418,443,459,459,475,475,491,517,517,517,617,617,629,6,16,32,59,59,75,105,105,105,30,49,69,80,80,182,182,193,193,193,203,13,13,288,288,367,378,390,390,406,110,110,110],"floor_reached":51,"playtime":1818,"items_purged":["Strike_G","Regret"],"score":763,"play_id":"f5bb2b09-e872-48c9-830a-30fb8f0b44d2","local_time":"20201219213511","is_ascension_mode":true,"campfire_choices":[{"data":"Dagger Spray","floor":6.0,"key":"SMITH"},{"data":"Cloak And Dagger","floor":15.0,"key":"SMITH"},{"data":"After Image","floor":23.0,"key":"SMITH"},{"floor":27.0,"key":"REST"},{"floor":32.0,"key":"REST"},{"data":"Tactician","floor":40,"key":"SMITH"},{"data":"Venomology","floor":42,"key":"SMITH"},{"floor":46,"key":"REST"},{"data":"Accuracy","floor":49,"key":"SMITH"}],"circlet_count":0,"master_deck":["Strike_G","Strike_G","Strike_G","Strike_G","Defend_G","Defend_G","Defend_G","Survivor","Neutralize","Flying Knee","Dagger Spray+1","Backstab","Escape Plan","Crippling Poison","Cloak And Dagger+1","Prepared","Skewer+1","After Image+1","Slice+1","Dagger Throw+1","Tactician+1","Outmaneuver+1","Escape Plan+1","Heel Hook+1","Terror","Footwork","Venomology+1","Madness","Madness","Backstab+1","Accuracy+1","Cloak And Dagger+1","Prepared+1","Escape Plan+1"],"relics":["Ring of the Snake","NeowsBlessing","Nunchaku","Toy Ornithopter","Molten Egg 2","WristBlade","Kunai","Lizard Tail","Red Mask","TungstenRod","Pantograph","SacredBark","ClockworkSouvenir","Toxic Egg 2","TheAbacus"],"acts_visited":["Exordium","TheCity","TheBeyond"],"potions_floor_usage":[38,44,45,47,50,50,50,50],"damage_taken":[{"damage":0.0,"enemies":"Cultist","floor":1.0,"turns":1.0},{"damage":0.0,"enemies":"Jaw Worm","floor":3.0,"turns":1.0},{"damage":0.0,"enemies":"Small Slimes","floor":5.0,"turns":1.0},{"damage":18.0,"enemies":"Gremlin Nob","floor":7.0,"turns":4.0},{"damage":21.0,"enemies":"Exordium Thugs","floor":8.0,"turns":6.0},{"damage":1.0,"enemies":"Exordium Wildlife","floor":10.0,"turns":3.0},{"damage":3.0,"enemies":"Gremlin Gang","floor":12.0,"turns":3.0},{"damage":7.0,"enemies":"3 Sentries","floor":13.0,"turns":8.0},{"damage":28.0,"enemies":"Slime Boss","floor":16.0,"turns":9.0},{"damage":2.0,"enemies":"Chosen","floor":18.0,"turns":4.0},{"damage":0.0,"enemies":"3 Byrds","floor":20.0,"turns":4.0},{"damage":7.0,"enemies":"Shelled Parasite and Fungi","floor":21.0,"turns":5.0},{"damage":10.0,"enemies":"Masked Bandits","floor":22.0,"turns":3.0},{"damage":2.0,"enemies":"Chosen and Byrds","floor":24.0,"turns":6.0},{"damage":21.0,"enemies":"Book of Stabbing","floor":25.0,"turns":7.0},{"damage":0.0,"enemies":"Centurion and Healer","floor":29.0,"turns":5.0},{"damage":15.0,"enemies":"Snecko","floor":30.0,"turns":6.0},{"damage":8.0,"enemies":"Snake Plant","floor":31.0,"turns":4.0},{"damage":23.0,"enemies":"Automaton","floor":33.0,"turns":12.0},{"damage":6.0,"enemies":"3 Shapes","floor":35.0,"turns":6.0},{"damage":1,"enemies":"Orb Walker","floor":38,"turns":3},{"damage":26,"enemies":"Maw","floor":44,"turns":7},{"damage":20,"enemies":"Spire Growth","floor":45,"turns":6},{"damage":0,"enemies":"4 Shapes","floor":47,"turns":3},{"damage":72,"enemies":"Awakened One","floor":50,"turns":18}],"seed_played":"4652217499905716893","potions_obtained":[{"floor":5.0,"key":"SpeedPotion"},{"floor":7.0,"key":"SkillPotion"},{"floor":8.0,"key":"SpeedPotion"},{"floor":18.0,"key":"CunningPotion"},{"floor":24.0,"key":"EssenceOfSteel"},{"floor":25.0,"key":"Fire Potion"},{"floor":45,"key":"BlessingOfTheForge"},{"floor":47,"key":"Explosive Potion"}],"is_trial":false,"path_per_floor":["M","?","M","?","M","R","E","M","T","M","?","M","E","?","R","B",null,"M","$","M","M","?","R","M","E","T","R","$","M","M","M","R","B",null,"M","?","?","M","$","R","?","R","T","M","M","R","M","$","R","B",null],"character_chosen":"THE_SILENT","items_purchased":["Kunai","Lizard Tail","Dagger Throw+1","Tactician","ClockworkSouvenir","Accuracy","Escape Plan+1","TheAbacus"],"campfire_rested":3,"item_purchase_floors":[19,19,19,19,39,39,48,48],"current_hp_per_floor":[70,70,70,70,70,70,52,31,31,35,40,37,30,30,30,7,75,73,73,73,66,56,56,59,38,38,60,60,60,45,37,59,52,75,72,72,64,68,68,68,68,68,68,47,32,54,59,59,59,18],"gold":110,"neow_bonus":"THREE_ENEMY_KILL","is_daily":false,"chose_seed":false,"campfire_upgraded":6,"win_rate":0.0,"timestamp":1608381311,"path_taken":["M","?","?","?","?","R","E","M","T","M","?","M","E","?","R","BOSS","M","$","M","M","?","R","M","E","T","R","?","M","?","?","R","BOSS","M","?","?","M","$","R","?","R","T","M","?","R","?","?","R","BOSS"],"items_purchased_type":["Relic","Relic","Card","Card","Relic","Card","Card","Relic"],"build_version":"2020-12-13","purchased_purges":2,"victory":true,"max_hp_per_floor":[70,70,70,70,70,70,70,70,70,70,75,75,75,75,75,75,75,75,75,75,75,75,75,75,75,75,75,75,75,75,75,75,75,75,75,75,75,75,75,75,75,75,75,75,75,75,75,75,75,75],"card_choices":[{"not_picked":["Deadly Poison","Skewer"],"picked":"Flying Knee","floor":1.0},{"not_picked":["Caltrops","Cloak And Dagger"],"picked":"Dagger Spray","floor":3.0},{"not_picked":["Dodge and Roll","Outmaneuver"],"picked":"Backstab","floor":5.0},{"not_picked":["PiercingWail","Flying Knee"],"picked":"Escape Plan","floor":7.0},{"not_picked":["Die Die Die","Deflect"],"picked":"Crippling Poison","floor":8.0},{"not_picked":["Poisoned Stab","Acrobatics"],"picked":"Cloak And Dagger","floor":10.0},{"not_picked":["Sucker Punch","Dodge and Roll","Underhanded Strike"],"picked":"SKIP","floor":12.0},{"not_picked":["Distraction","Predator+1"],"picked":"Prepared","floor":13.0},{"not_picked":["Corpse Explosion","Burst"],"picked":"After Image","floor":16.0},{"not_picked":["Cloak And Dagger","Underhanded Strike+1"],"picked":"Slice+1","floor":18.0},{"not_picked":["Flechettes+1","Backflip","Reflex"],"picked":"SKIP","floor":20.0},{"not_picked":["PiercingWail+1","Cloak And Dagger","Poisoned Stab+1"],"picked":"SKIP","floor":21.0},{"not_picked":["Catalyst","Phantasmal Killer"],"picked":"Outmaneuver+1","floor":22.0},{"not_picked":["PiercingWail","Sucker Punch+1"],"picked":"Escape Plan+1","floor":24.0},{"not_picked":["Tactician","Predator+1"],"picked":"Heel Hook+1","floor":25.0},{"not_picked":["Backflip","Choke+1"],"picked":"Terror","floor":29.0},{"not_picked":["Terror","Caltrops","Flechettes+1"],"picked":"SKIP","floor":30.0},{"not_picked":["PiercingWail","Flechettes+1"],"picked":"Footwork","floor":31.0},{"not_picked":["Corpse Explosion","Bullet Time"],"picked":"Venomology","floor":33.0},{"not_picked":["Leg Sweep","Dash+1","Crippling Poison"],"picked":"SKIP","floor":35.0},{"not_picked":["Poisoned Stab+1","Masterful Stab+1","Backstab+1"],"picked":"SKIP","floor":38},{"not_picked":["Poisoned Stab+1","Masterful Stab+1"],"picked":"Backstab+1","floor":38},{"not_picked":["Caltrops+1","Underhanded Strike+1","Sucker Punch+1"],"picked":"SKIP","floor":44},{"not_picked":["Bane+1","Accuracy+1"],"picked":"Cloak And Dagger+1","floor":45},{"not_picked":["Acrobatics+1","Underhanded Strike+1"],"picked":"Prepared+1","floor":47}],"player_experience":61522,"relics_obtained":[{"floor":7.0,"key":"Nunchaku"},{"floor":9.0,"key":"Toy Ornithopter"},{"floor":13.0,"key":"Molten Egg 2"},{"floor":22.0,"key":"Red Mask"},{"floor":25.0,"key":"TungstenRod"},{"floor":26.0,"key":"Pantograph"},{"floor":43,"key":"Toxic Egg 2"}],"event_choices":[{"damage_healed":0.0,"max_hp_gain":0.0,"max_hp_loss":0.0,"gold_gain":275.0,"event_name":"Golden Shrine","player_choice":"Desecrate","floor":2.0,"gold_loss":0.0,"damage_taken":0.0,"cards_obtained":["Regret"]},{"cards_removed":["Regret"],"damage_healed":0.0,"max_hp_gain":0.0,"max_hp_loss":0.0,"gold_gain":0.0,"event_name":"Purifier","player_choice":"Purged","floor":4.0,"gold_loss":0.0,"damage_taken":0.0},{"damage_healed":0.0,"max_hp_gain":5.0,"max_hp_loss":0.0,"gold_gain":0.0,"event_name":"Big Fish","player_choice":"Donut","floor":11.0,"gold_loss":0.0,"damage_taken":0.0},{"damage_healed":0.0,"max_hp_gain":0.0,"max_hp_loss":0.0,"gold_gain":0.0,"cards_transformed":["Defend_G"],"event_name":"Transmorgrifier","player_choice":"Transformed","floor":14.0,"gold_loss":0.0,"damage_taken":0.0,"cards_obtained":["Skewer"]},{"damage_healed":0.0,"max_hp_gain":0.0,"max_hp_loss":0.0,"gold_gain":0.0,"event_name":"Masked Bandits","player_choice":"Fought Bandits","floor":22.0,"gold_loss":0.0,"damage_taken":0.0},{"cards_removed":["Defend_G"],"damage_healed":0.0,"max_hp_gain":0.0,"max_hp_loss":0.0,"gold_gain":0.0,"event_name":"Falling","player_choice":"Removed Skill","floor":36.0,"gold_loss":0.0,"damage_taken":0.0},{"damage_healed":0.0,"max_hp_gain":0.0,"max_hp_loss":0.0,"gold_gain":0.0,"event_name":"Winding Halls","player_choice":"Embrace Madness","floor":37.0,"gold_loss":0.0,"damage_taken":9.0,"cards_obtained":["Madness","Madness"]},{"damage_healed":0,"gold_gain":275,"player_choice":"Desecrate","damage_taken":0,"max_hp_gain":0,"max_hp_loss":0,"event_name":"Golden Shrine","floor":41,"gold_loss":0,"cards_obtained":["Regret"]}],"is_beta":false,"boss_relics":[{"not_picked":["Sozu","Cursed Key"],"picked":"WristBlade"},{"not_picked":["SlaversCollar","Astrolabe"],"picked":"SacredBark"}],"items_purged_floors":[28,48],"is_endless":false,"potions_floor_spawned":[5,7,8,18,24,25,33,45,47],"ascension_level":1}}