{"host":"h7xtspmc2x3i8s2i","time":1608419830,"event":{"mods":["2.2 Compatiblity","AchievementEnabler","Act Like it!","AlwaysNeverKeys","Aspiration","Astrologer","BaseMod","Beaked The Cultist","Better Match","Better Sensory Stone","Better Third Choice","Better Vampires","BetterRewards","Challenge The Spire","Colored Map","Colored Powertips","Colorless Booster Pack","Curses Come First","Defuse TimeMaze Blight","Dio Mod","Downfall","Duelist Mod","EXCEPTION","Energized Spire","Friendly Minions","GifTheSpireLib","Gold Saver","Gremlin Skip","Halation","Hubris","Jedi Mod","Key Reminder","Marked Mod","Minty Spire (QoL Compilation)","Pale of the Ancients","Permanent Neow","Random Character Button","Random Character Mod","Rare Cards Sparkle","Relic Filter","Relic Stats","Replay The Spire","SacredBarkPlus","Shop Mod","Somnambulant","Spicy Shops","Spikes Relics","Spire Birthday Party","StSLib","Steal the Spire","Stuff the Spire","SuperFastMode","The Awakened One except there are too many feathers","The Blue Laboratory","The Cursed","The Death Knight","The Dragon Tamer","The Edgeheg","The Hierophant","The Problem Sleuth","The Wild Card","Transform Curses","Unceasing Turn Reminder","everything is the same but u backflip on backflip","slay the spire mod where everything is the same but ironclad has a cowboy hat","vexMod"],"gold_per_floor":[1044,554,554,564,595,520,592,625,104,134,134,153,100,177,197,306,306,156,352,352,352,393,416,416,416,439,439,439,35,62,62,89,193,193,193,193,215,215,246,246,271,271,295,329,344,344,344,100,124,128,128,172,23,23,33],"floor_reached":56,"playtime":4693,"items_purged":["somnambulantmod: SomnambulantStrike","somnambulantmod: Defend_Somnambulant"],"score":1699,"play_id":"ce26bf25-b1a9-436c-afc7-03673a8068e3","local_time":"20201219181710","is_ascension_mode":true,"campfire_choices":[{"floor":1,"key":"RECALL"},{"floor":6,"key":"REST"},{"data":"somnambulantmod: Blink","floor":18,"key":"SMITH"},{"data":"somnambulantmod: QuickNap","floor":20,"key":"SMITH"},{"data":"somnambulantmod: LightSleeper","floor":25,"key":"SMITH"},{"data":"somnambulantmod: Lucidity","floor":27,"key":"SMITH"},{"floor":35,"key":"DIG"},{"data":"somnambulantmod: Blink","floor":42,"key":"SMITH"},{"data":"somnambulantmod: LostMind","floor":54,"key":"SMITH"}],"circlet_count":0,"master_deck":["somnambulantmod: SomnambulantStrike","somnambulantmod: SomnambulantStrike+1","somnambulantmod: SomnambulantStrike","somnambulantmod: Defend_Somnambulant","somnambulantmod: Defend_Somnambulant","somnambulantmod: Defend_Somnambulant+1","somnambulantmod: Defend_Somnambulant","somnambulantmod: QuickNap+1","somnambulantmod: PrimingPunch","somnambulantmod: Blink+1","somnambulantmod: LightSleeper+1","somnambulantmod: TrepanningBlow","expansioncontent:DecasProtection","somnambulantmod: HeavyLids","somnambulantmod: Remember","somnambulantmod: LightSleeper+1","somnambulantmod: HeavyLids","somnambulantmod: Blink+1","somnambulantmod: Lucidity+1","somnambulantmod: DreamBig","somnambulantmod: Narcolepsy","somnambulantmod: LostMind+1","somnambulantmod: HeavyLids","somnambulantmod: GalaxyBrain","somnambulantmod: LoseForm","somnambulantmod: DreamBig","somnambulantmod: DeeperSleep+1","somnambulantmod: HeavyLids+1","somnambulantmod: Hush","somnambulantmod: Blink+1","somnambulantmod: ImpenetrableMind+1","somnambulantmod: HeavyLids+1","somnambulantmod: LightSleeper"],"relics":["somnambulantmod: DreamJournal","jedi:crownofsimplicity","MerchantsRug","CaptainsWheel","downfall:HeartBlessingRed","Strange Spoon","halation:IllGainedPizza","aspiration:FrozenJewel","halation:LettersToHer","Bottled Lightning","downfall:HeartBlessingGreen","downfall:HeartBlessingBlue","Nloth\u0027s Gift","InkBottle","Blue Candle","StuffTheSpire:PointBlank","Quantum Egg","Potion Belt","aspiration:SecretTechniqueScroll","Meat on the Bone","halation:EternalFortune","Pantograph","hubris:SlimyHat","hubris:CuriousFeather","BlackRope","Bronze Scales","Oddly Smooth Stone"],"acts_visited":["Exordium","TheCity","TheBeyond","TheEnding"],"potions_floor_usage":[8,10,10,16,23,30,30,32,44,49,49,52,52],"damage_taken":[{"damage":0,"enemies":"downfall:FleeingMerchant","floor":2,"turns":4},{"damage":0,"enemies":"Small Slimes","floor":4,"turns":3},{"damage":25,"enemies":"Lagavulin","floor":5,"turns":6},{"damage":21,"enemies":"3 Sentries","floor":8,"turns":7},{"damage":0,"enemies":"downfall:FleeingMerchant","floor":9,"turns":4},{"damage":18,"enemies":"Lagavulin","floor":10,"turns":5},{"damage":0,"enemies":"Jaw Worm","floor":12,"turns":5},{"damage":5,"enemies":"downfall:FleeingMerchant","floor":13,"turns":5},{"damage":0,"enemies":"2 Louse","floor":15,"turns":3},{"damage":0,"enemies":"downfall:Silent","floor":16,"turns":6},{"damage":0,"enemies":"Slavers","floor":22,"turns":6},{"damage":0,"enemies":"Shell Parasite","floor":23,"turns":6},{"damage":0,"enemies":"Spheric Guardian","floor":26,"turns":5},{"damage":33,"enemies":"Cultist and Chosen","floor":30,"turns":7},{"damage":0,"enemies":"Sentry and Sphere","floor":32,"turns":7},{"damage":0,"enemies":"downfall:Defect","floor":33,"turns":6},{"damage":0,"enemies":"3 Darklings","floor":37,"turns":5},{"damage":0,"enemies":"Reptomancer","floor":39,"turns":4},{"damage":15,"enemies":"3 Shapes","floor":43,"turns":6},{"damage":8,"enemies":"Nemesis","floor":44,"turns":5},{"damage":0,"enemies":"Transient","floor":45,"turns":5},{"damage":0,"enemies":"3 Darklings","floor":49,"turns":4},{"damage":0,"enemies":"downfall:Watcher","floor":50,"turns":5},{"damage":2,"enemies":"downfall:CharBossMerchant","floor":52,"turns":6},{"damage":2,"enemies":"downfall:NeowBoss","floor":55,"turns":11}],"seed_played":"6348406814728887160","potions_obtained":[{"floor":4,"key":"hexamod:EctoCoolerPotion"},{"floor":5,"key":"Ancient Potion"},{"floor":10,"key":"blueLaboratory:BottleOfVodka"},{"floor":15,"key":"BlessingOfTheForge"},{"floor":16,"key":"LifebloodPotion"},{"floor":22,"key":"DeathKnight:RimePotion"},{"floor":26,"key":"blueLaboratory:EnragingPotion"},{"floor":30,"key":"Weak Potion"},{"floor":32,"key":"blueLaboratory:TrueEctoplasm"},{"floor":37,"key":"blueLaboratory:TrueEctoplasm"},{"floor":39,"key":"Strength Potion"},{"floor":45,"key":"Energy Potion"}],"is_trial":false,"path_per_floor":["R_BF","$","?","M","E","R","T","E","$","E","?","M","$","T","M","B",null,"R","?","R","?","E","M","T","R","M","R","T","$","M","?","M","B",null,"R_BF","?","M","?","E","?","T","R","M","E","M","?","?","$","M","B",null,"E","$","R","B",null],"character_chosen":"THE_SOMNAMBULANT","items_purchased":["somnambulantmod: LightSleeper","somnambulantmod: TrepanningBlow","expansioncontent:DecasProtection","halation:PeacePiece","MerchantsRug","somnambulantmod: Blink","somnambulantmod: Lucidity","Strange Spoon","blueLaboratory:FruitPunch","aspiration:FrozenJewel","halation:LettersToHer","Quantum Egg","Potion Belt","BlackRope","blueLaboratory:ImpenetrablePotion","ColorlessPotion","BlessingOfTheForge","somnambulantmod: LightSleeper","Oddly Smooth Stone"],"campfire_rested":1,"item_purchase_floors":[2,2,2,2,2,9,9,9,9,13,13,29,29,48,48,48,48,53,53],"current_hp_per_floor":[70,70,70,70,45,68,68,47,47,31,31,31,26,26,26,26,74,84,63,63,63,63,63,63,63,63,63,63,63,30,30,30,30,84,84,87,87,87,87,87,87,87,72,64,64,64,64,64,64,87,87,85,85,85,85],"gold":33,"neow_bonus":"RANDOM_COMMON_RELIC","is_daily":false,"chose_seed":false,"campfire_upgraded":6,"win_rate":0.0,"timestamp":1608419830,"path_taken":["R_BF","$","?","M","E","R","T","E","?","E","?","?","?","?","M","BOSS","R","?","R","?","E","?","T","R","M","R","?","$","?","?","M","BOSS","R_BF","?","M","?","E","?","T","R","M","E","?","?","?","?","M","BOSS","E","$","R","BOSS"],"items_purchased_type":["Card","Card","Card","Relic","Relic","Card","Card","Relic","Potion","Relic","Relic","Relic","Relic","Relic","Potion","Potion","Potion","Card","Relic"],"build_version":"2020-12-13","purchased_purges":2,"victory":true,"max_hp_per_floor":[70,70,70,70,70,72,72,72,72,74,74,74,74,74,74,74,74,84,84,84,84,84,84,84,84,84,84,84,84,84,84,84,84,84,84,87,87,87,87,87,87,87,87,87,87,87,87,87,87,87,87,87,87,87,87],"relic_stats":{"Strange Spoon":[398],"counters":[25,135],"Blue Candle":[5],"Pantograph":25,"Bronze Scales":[12],"Nloth\u0027s Gift":2,"obtain_stats":[{"downfall:HeartBlessingGreen":18,"hubris:SlimyHat":41,"StuffTheSpire:Gunfinga":8,"downfall:HeartBlessingBlue":18,"Pantograph":39,"somnambulantmod: DreamJournal":0,"hubris:CuriousFeather":44,"halation:LettersToHer":13,"InkBottle":22,"Potion Belt":29,"MerchantsRug":2,"downfall:HeartBlessingRed":6,"Blue Candle":24,"Quantum Egg":29,"halation:IllGainedPizza":10,"Oddly Smooth Stone":53,"jedi:crownofsimplicity":0,"aspiration:SecretTechniqueScroll":34,"BlackRope":48,"aspiration:FrozenJewel":13,"keyreminder:keyreminder":1,"Strange Spoon":9,"CaptainsWheel":5,"Bronze Scales":52,"halation:EternalFortune":36,"Nloth\u0027s Gift":21,"StuffTheSpire:PointBlank":28,"Bottled Lightning":14,"halation:PeacePiece":2,"Meat on the Bone":35},{"downfall:HeartBlessingGreen":10,"hubris:SlimyHat":18,"StuffTheSpire:Gunfinga":4,"downfall:HeartBlessingBlue":10,"Pantograph":18,"somnambulantmod: DreamJournal":0,"hubris:CuriousFeather":20,"halation:LettersToHer":8,"InkBottle":11,"Potion Belt":13,"MerchantsRug":1,"downfall:HeartBlessingRed":3,"Blue Candle":12,"Quantum Egg":13,"halation:IllGainedPizza":6,"Oddly Smooth Stone":24,"jedi:crownofsimplicity":0,"aspiration:SecretTechniqueScroll":16,"BlackRope":21,"aspiration:FrozenJewel":8,"keyreminder:keyreminder":0,"Strange Spoon":5,"CaptainsWheel":3,"Bronze Scales":24,"halation:EternalFortune":16,"Nloth\u0027s Gift":10,"StuffTheSpire:PointBlank":13,"Bottled Lightning":8,"halation:PeacePiece":1,"Meat on the Bone":16},{"downfall:HeartBlessingGreen":48,"hubris:SlimyHat":93,"StuffTheSpire:Gunfinga":20,"downfall:HeartBlessingBlue":48,"Pantograph":93,"somnambulantmod: DreamJournal":0,"hubris:CuriousFeather":104,"halation:LettersToHer":39,"InkBottle":53,"Potion Belt":64,"MerchantsRug":4,"downfall:HeartBlessingRed":13,"Blue Candle":59,"Quantum Egg":64,"halation:IllGainedPizza":29,"Oddly Smooth Stone":124,"jedi:crownofsimplicity":0,"aspiration:SecretTechniqueScroll":84,"BlackRope":109,"aspiration:FrozenJewel":39,"keyreminder:keyreminder":0,"Strange Spoon":24,"CaptainsWheel":13,"Bronze Scales":124,"halation:EternalFortune":84,"Nloth\u0027s Gift":48,"StuffTheSpire:PointBlank":64,"Bottled Lightning":39,"halation:PeacePiece":4,"Meat on the Bone":84}],"InkBottle":[76],"Meat on the Bone":0},"card_choices":[{"not_picked":["somnambulantmod: RecurringDream","somnambulantmod: Extract"],"picked":"somnambulantmod: Blink","floor":2},{"not_picked":["somnambulantmod: LayeredDefense","somnambulantmod: PillowFort"],"picked":"somnambulantmod: HeavyLids","floor":4},{"not_picked":["somnambulantmod: LeechFears","somnambulantmod: RecurringDream"],"picked":"somnambulantmod: Remember","floor":5},{"not_picked":["somnambulantmod: Repression","somnambulantmod: Wake"],"picked":"somnambulantmod: LightSleeper","floor":8},{"not_picked":["somnambulantmod: RecurringDream","somnambulantmod: InLimbo"],"picked":"somnambulantmod: HeavyLids","floor":9},{"not_picked":["somnambulantmod: Unburden","somnambulantmod: Relive","somnambulantmod: Harden"],"picked":"SKIP","floor":10},{"not_picked":["somnambulantmod: Repression","somnambulantmod: RecurringDream"],"picked":"somnambulantmod: DreamBig","floor":12},{"not_picked":["somnambulantmod: ViralIdea","somnambulantmod: HeadSmack","somnambulantmod: Nosebleed"],"picked":"SKIP","floor":13},{"not_picked":["somnambulantmod: HeadSmack","somnambulantmod: RecurringDream"],"picked":"somnambulantmod: Narcolepsy","floor":15},{"not_picked":["somnambulantmod: Inspiration","somnambulantmod: Amnausea"],"picked":"somnambulantmod: LostMind","floor":16},{"not_picked":["somnambulantmod: OpeningUp+1","somnambulantmod: PourItOut","somnambulantmod: Ignorance"],"picked":"SKIP","floor":22},{"not_picked":["somnambulantmod: HeadSmack","somnambulantmod: Unmake"],"picked":"somnambulantmod: HeavyLids","floor":23},{"not_picked":["somnambulantmod: LeechFears","somnambulantmod: Reject"],"picked":"somnambulantmod: GalaxyBrain","floor":26},{"not_picked":["somnambulantmod: PourItOut","somnambulantmod: UnthoughtKnown","somnambulantmod: HeadSmack"],"picked":"SKIP","floor":30},{"not_picked":["somnambulantmod: ViralIdea","somnambulantmod: HorrificThought","somnambulantmod: PillowFort+1"],"picked":"SKIP","floor":32},{"not_picked":["somnambulantmod: Amnausea","somnambulantmod: NewDawn"],"picked":"somnambulantmod: LoseForm","floor":33},{"not_picked":["somnambulantmod: TimeCompression","somnambulantmod: Harden+1"],"picked":"somnambulantmod: DreamBig","floor":37},{"not_picked":["somnambulantmod: BrainFeeder","somnambulantmod: LeechFears+1"],"picked":"somnambulantmod: DeeperSleep+1","floor":39},{"not_picked":["somnambulantmod: Stumble+1","somnambulantmod: Trauma"],"picked":"somnambulantmod: HeavyLids+1","floor":43},{"not_picked":["somnambulantmod: Pinch","somnambulantmod: Damping"],"picked":"somnambulantmod: Hush","floor":44},{"not_picked":["somnambulantmod: PourItOut+1","somnambulantmod: Cower+1"],"picked":"somnambulantmod: Blink+1","floor":45},{"not_picked":["somnambulantmod: Nosebleed","somnambulantmod: HorrificThought+1"],"picked":"somnambulantmod: ImpenetrableMind+1","floor":49},{"not_picked":["somnambulantmod: Unburden","somnambulantmod: Unmake"],"picked":"somnambulantmod: HeavyLids+1","floor":52}],"player_experience":532377,"relics_obtained":[{"floor":5,"key":"CaptainsWheel"},{"floor":8,"key":"StuffTheSpire:Gunfinga"},{"floor":10,"key":"halation:IllGainedPizza"},{"floor":14,"key":"halation:LettersToHer"},{"floor":14,"key":"Bottled Lightning"},{"floor":22,"key":"InkBottle"},{"floor":24,"key":"halation:LettersToHer"},{"floor":24,"key":"Blue Candle"},{"floor":28,"key":"halation:LettersToHer"},{"floor":28,"key":"StuffTheSpire:PointBlank"},{"floor":35,"key":"Meat on the Bone"},{"floor":39,"key":"Pantograph"},{"floor":41,"key":"halation:LettersToHer"},{"floor":41,"key":"hubris:SlimyHat"},{"floor":44,"key":"hubris:CuriousFeather"},{"floor":52,"key":"Bronze Scales"}],"event_choices":[{"cards_removed":["somnambulantmod: SomnambulantStrike"],"damage_healed":0,"gold_gain":0,"player_choice":"Card Removal","damage_taken":0,"max_hp_gain":0,"max_hp_loss":0,"event_name":"The Cleric","floor":3,"gold_loss":0}],"is_beta":false,"boss_relics":[{"not_picked":["beaked:MawFillet","Replay:Drink Me","Fusion Hammer"]},{"not_picked":["Runic Dome","energizedSpire:StickyHand"],"picked":"aspiration:SecretTechniqueScroll"}],"items_purged_floors":[2,9],"is_endless":false,"potions_floor_spawned":[4,5,10,15,16,22,26,30,32,37,39,45],"ascension_level":1}}