{"host":"i1h39d0gfh5c6uxl","time":1608355552,"event":{"mods":["AchievementEnabler","BaseMod","Colored Map","Colored Powertips","Highlight Path","Minty Spire (QoL Compilation)"],"gold_per_floor":[16,16,16,26,38,71,89,123,123,123,123,123,153,153,153,230,230,245,245,5,22,22,22,37,37,37],"floor_reached":25,"playtime":3113,"items_purged":["Strike_R"],"score":487,"play_id":"33d9b57d-a43d-4841-98e4-724967b18b9e","local_time":"20201219132552","is_ascension_mode":true,"campfire_choices":[{"data":"Bash","floor":12,"key":"SMITH"},{"floor":15,"key":"REST"},{"floor":23,"key":"REST"}],"circlet_count":0,"master_deck":["AscendersBane","Strike_R","Strike_R","Strike_R","Strike_R","Defend_R","Defend_R","Defend_R","Defend_R","Bash+1","Feed","Anger","Armaments+1","Ghostly Armor+1","Shrug It Off","Immolate","Demon Form+1","True Grit","Twin Strike","Uppercut"],"relics":["Burning Blood","PreservedInsect","Question Card","Kunai","Omamori","Sozu","Spirit Poop","Medical Kit"],"acts_visited":["Exordium","TheCity"],"potions_floor_usage":[6,8,13],"damage_taken":[{"damage":1.0,"enemies":"Cultist","floor":1.0,"turns":3.0},{"damage":9.0,"enemies":"Jaw Worm","floor":4.0,"turns":3.0},{"damage":1.0,"enemies":"2 Louse","floor":5.0,"turns":2.0},{"damage":54,"enemies":"Gremlin Nob","floor":6,"turns":5},{"damage":15,"enemies":"Exordium Wildlife","floor":7,"turns":4},{"damage":12,"enemies":"3 Sentries","floor":8,"turns":4},{"damage":0,"enemies":"Gremlin Nob","floor":13,"turns":3},{"damage":67,"enemies":"The Guardian","floor":16,"turns":16},{"damage":43,"enemies":"Spheric Guardian","floor":18,"turns":6},{"damage":32,"enemies":"3 Byrds","floor":21,"turns":7},{"damage":28,"enemies":"3 Cultists","floor":24,"turns":5},{"damage":17,"enemies":"Slavers","floor":25,"turns":2}],"seed_played":"3903964569746789469","potions_obtained":[{"floor":1.0,"key":"Energy Potion"},{"floor":4.0,"key":"SkillPotion"},{"floor":8,"key":"ColorlessPotion"}],"is_trial":false,"path_per_floor":["M","$","$","M","M","E","M","E","T","?","?","R","E","?","R","B",null,"M","?","$","M","?","R","M","E"],"character_chosen":"IRONCLAD","items_purchased":["Medical Kit"],"campfire_rested":2,"item_purchase_floors":[20],"current_hp_per_floor":[73,73,73,70,78,30,24,21,21,42,70,70,76,51,76,15,67,34,34,34,8,8,33,11,0,0],"gold":37,"neow_bonus":"THREE_RARE_CARDS","is_daily":false,"chose_seed":false,"campfire_upgraded":1,"win_rate":0.0,"timestamp":1608355552,"path_taken":["M","?","$","?","M","E","M","E","T","?","?","R","E","?","R","BOSS","M","?","$","?","?","R","M","E"],"items_purchased_type":["Relic"],"build_version":"2020-12-13","purchased_purges":1,"victory":false,"max_hp_per_floor":[75,75,75,75,78,78,81,84,84,84,84,84,84,84,84,84,84,88,85,85,85,85,85,85,85,85],"card_choices":[{"not_picked":["Brutality","Barricade"],"picked":"Feed","floor":0.0},{"not_picked":["Whirlwind","Feel No Pain"],"picked":"Anger","floor":1.0},{"not_picked":["Warcry","Headbutt"],"picked":"Armaments","floor":4.0},{"not_picked":["Heavy Blade","Warcry"],"picked":"Ghostly Armor","floor":5.0},{"not_picked":["Infernal Blade","True Grit"],"picked":"Shrug It Off","floor":6},{"not_picked":["Pommel Strike","Feel No Pain"],"picked":"Immolate","floor":7},{"not_picked":["Armaments","Combust","Heavy Blade"],"picked":"SKIP","floor":8},{"not_picked":["Burning Pact","Juggernaut","Evolve","Havoc"],"picked":"SKIP","floor":13},{"not_picked":["Feed","Juggernaut","Reaper"],"picked":"Demon Form","floor":16},{"not_picked":["Havoc","Dark Embrace","Flex"],"picked":"True Grit","floor":18},{"not_picked":["Clothesline","Iron Wave","Heavy Blade+1"],"picked":"Twin Strike","floor":21},{"not_picked":["Clothesline","Thunderclap","Berserk"],"picked":"Uppercut","floor":24}],"player_experience":1283625,"relics_obtained":[{"floor":6,"key":"PreservedInsect"},{"floor":8,"key":"Question Card"},{"floor":9,"key":"Kunai"},{"floor":13,"key":"Omamori"}],"event_choices":[{"damage_healed":21,"gold_gain":0,"player_choice":"Healed and dodged fight","damage_taken":0,"max_hp_gain":0,"max_hp_loss":0,"event_name":"Mushrooms","floor":10,"gold_loss":0,"cards_obtained":["Parasite"]},{"damage_healed":28,"gold_gain":0,"player_choice":"Banana","damage_taken":0,"max_hp_gain":0,"max_hp_loss":0,"event_name":"Big Fish","floor":11,"gold_loss":0},{"damage_healed":0,"gold_gain":0,"player_choice":"Entered Light","damage_taken":25,"max_hp_gain":0,"max_hp_loss":0,"event_name":"Shining Light","floor":14,"gold_loss":0,"cards_upgraded":["Ghostly Armor","Armaments"]},{"cards_removed":["Parasite"],"damage_healed":0,"gold_gain":0,"player_choice":"Offered Curse","damage_taken":0,"relics_obtained":["Spirit Poop"],"max_hp_gain":0,"max_hp_loss":0,"event_name":"Bonfire Elementals","floor":19,"gold_loss":0},{"damage_healed":0,"gold_gain":0,"player_choice":"Upgraded","damage_taken":0,"max_hp_gain":0,"max_hp_loss":0,"event_name":"Upgrade Shrine","floor":22,"gold_loss":0,"cards_upgraded":["Demon Form"]}],"is_beta":false,"boss_relics":[{"not_picked":["Black Blood","Runic Cube"],"picked":"Sozu"}],"items_purged_floors":[20],"is_endless":false,"potions_floor_spawned":[1,4,5,8,18,21],"killed_by":"Slavers","ascension_level":20}}