{"host":"6azrrw3tf7wb0f4b","time":1608357511,"event":{"mods":["BaseMod","DeckTracker","Minty Spire (QoL Compilation)","SuperFastMode"],"gold_per_floor":[115,215,226,241,259,259,269,269,269,121,133,133,33,47,47,144,144,156,156,166,166,180,180,205,205,205,205,205],"floor_reached":27,"playtime":662,"items_purged":["Strike_G","Strike_G"],"score":349,"play_id":"469adabf-7453-4762-859e-90f0287d4223","local_time":"20201219145831","is_ascension_mode":true,"campfire_choices":[{"data":"Blade Dance","floor":6,"key":"SMITH"},{"floor":8,"key":"REST"},{"data":"Night Terror","floor":12,"key":"SMITH"},{"data":"Neutralize","floor":15,"key":"SMITH"},{"floor":23,"key":"REST"},{"data":"Choke","floor":25,"key":"SMITH"}],"circlet_count":0,"master_deck":["AscendersBane","Strike_G","Strike_G","Defend_G","Defend_G","Defend_G","Defend_G","Defend_G","Survivor","Neutralize+1","Night Terror+1","Flying Knee","Dash","Blade Dance+1","Choke+1","Backstab","Catalyst+1","Predator","Adrenaline+1","Accuracy","Prepared+1","Reflex+1","Dodge and Roll+1"],"relics":["Ring of the Snake","Toxic Egg 2","HoveringKite","Meat on the Bone","Paper Crane"],"acts_visited":["Exordium","TheCity"],"potions_floor_usage":[14,16,18,22,24],"damage_taken":[{"damage":2,"enemies":"Jaw Worm","floor":1,"turns":5},{"damage":9,"enemies":"Cultist","floor":3,"turns":5},{"damage":1,"enemies":"2 Louse","floor":4,"turns":3},{"damage":20,"enemies":"Gremlin Gang","floor":5,"turns":6},{"damage":19,"enemies":"Exordium Thugs","floor":7,"turns":5},{"damage":7,"enemies":"3 Louse","floor":11,"turns":2},{"damage":0,"enemies":"Large Slime","floor":14,"turns":3},{"damage":19,"enemies":"Slime Boss","floor":16,"turns":8},{"damage":5,"enemies":"Chosen","floor":18,"turns":5},{"damage":2,"enemies":"Shell Parasite","floor":20,"turns":4},{"damage":24,"enemies":"Shelled Parasite and Fungi","floor":22,"turns":4},{"damage":24,"enemies":"Slavers","floor":24,"turns":7},{"damage":35,"enemies":"Gremlin Leader","floor":27,"turns":4}],"seed_played":"1190448754658639840","potions_obtained":[{"floor":3,"key":"GamblersBrew"},{"floor":7,"key":"FearPotion"},{"floor":14,"key":"Swift Potion"},{"floor":16,"key":"Regen Potion"},{"floor":18,"key":"SteroidPotion"}],"is_trial":false,"path_per_floor":["M","?","M","M","M","R","M","R","T","$","M","R","$","M","R","B",null,"M","?","M","?","M","R","E","R","T","E"],"character_chosen":"THE_SILENT","items_purchased":["Catalyst+1"],"campfire_rested":2,"item_purchase_floors":[10],"current_hp_per_floor":[61,61,52,51,31,31,12,33,33,33,26,26,26,26,26,7,54,61,61,59,59,35,56,32,32,32,0,0],"gold":205,"neow_bonus":"ONE_RANDOM_RARE_CARD","is_daily":false,"chose_seed":false,"campfire_upgraded":4,"win_rate":0.0,"timestamp":1608357511,"path_taken":["M","?","M","M","?","R","M","R","T","$","M","R","$","M","R","BOSS","M","?","M","?","M","R","E","R","T","E"],"items_purchased_type":["Card"],"build_version":"2020-12-13","purchased_purges":2,"victory":false,"max_hp_per_floor":[70,70,70,70,70,70,70,70,70,70,70,70,70,70,70,70,70,70,70,70,70,70,70,70,70,70,70,70],"card_choices":[{"not_picked":["PiercingWail","Dagger Throw"],"picked":"Flying Knee","floor":1},{"not_picked":["Skewer","Eviscerate"],"picked":"Dash","floor":3},{"not_picked":["Finisher","Acrobatics"],"picked":"Blade Dance","floor":4},{"not_picked":["Blade Dance","Tactician"],"picked":"Choke","floor":5},{"not_picked":["Calculated Gamble","Caltrops"],"picked":"Backstab","floor":7},{"not_picked":["Flechettes","Backstab","Die Die Die"],"picked":"SKIP","floor":11},{"not_picked":["Quick Slash","Dagger Throw"],"picked":"Predator","floor":14},{"not_picked":["After Image","Corpse Explosion+1"],"picked":"Adrenaline+1","floor":16},{"not_picked":["Quick Slash","Catalyst+1"],"picked":"Accuracy","floor":18},{"not_picked":["Predator","Catalyst+1"],"picked":"Prepared+1","floor":20},{"not_picked":["Flying Knee","Expertise+1"],"picked":"Reflex+1","floor":22},{"not_picked":["Quick Slash+1","Glass Knife"],"picked":"Dodge and Roll+1","floor":24}],"player_experience":630189,"relics_obtained":[{"floor":9,"key":"Toxic Egg 2"},{"floor":24,"key":"Meat on the Bone"},{"floor":26,"key":"Paper Crane"}],"event_choices":[{"damage_healed":0,"gold_gain":100,"player_choice":"Pray","damage_taken":0,"max_hp_gain":0,"max_hp_loss":0,"event_name":"Golden Shrine","floor":2,"gold_loss":0},{"cards_removed":["Strike_G"],"damage_healed":0,"gold_gain":0,"player_choice":"Elegance","damage_taken":0,"max_hp_gain":0,"max_hp_loss":0,"event_name":"Back to Basics","floor":19,"gold_loss":0},{"damage_healed":0,"gold_gain":0,"player_choice":"Ignored","damage_taken":0,"max_hp_gain":0,"max_hp_loss":0,"event_name":"Cursed Tome","floor":21,"gold_loss":0}],"is_beta":false,"boss_relics":[{"not_picked":["Ring of the Serpent","Busted Crown"],"picked":"HoveringKite"}],"items_purged_floors":[10,13],"is_endless":false,"potions_floor_spawned":[3,7,14,16,18],"killed_by":"Gremlin Leader","ascension_level":11}}