{"host":"0msxzbajcl1c78mb","time":1608349069,"event":{"mods":["AchievementEnabler","BaseMod","Colored Map","Colored Powertips","Highlight Path","Minty Spire (QoL Compilation)","Relic Sorter","Relic Stats","StSLib","The Jungle","everything is the same but u backflip on backflip"],"gold_per_floor":[113,133,153,165,165,194,213,247,324,335,368,368,379,414,414,513,513,529,542,467,467,477,477,477],"floor_reached":23,"playtime":2260,"items_purged":[],"score":354,"play_id":"dd53bdd4-7146-4de5-b1b3-55ea6994dbe2","local_time":"20201218223749","is_ascension_mode":true,"campfire_choices":[{"data":"Spot Weakness","floor":15,"key":"SMITH"}],"circlet_count":0,"master_deck":["Strike_R","Strike_R","Strike_R","Defend_R","Defend_R","Defend_R","Defend_R","Bash","Feed","Headbutt","Spot Weakness+1","Shrug It Off","Ghostly Armor","Dropkick","Barricade","Carnage","Pummel","Pommel Strike","Pummel","Offering","Body Slam+1","Headbutt+1","Shrug It Off"],"relics":["Black Blood","Smiling Mask","The Courier","Sundial","Magic Flower","Lantern","Shovel"],"acts_visited":["Exordium","TheCity"],"potions_floor_usage":[7,13,14,16,18,23],"damage_taken":[{"damage":1,"enemies":"Cultist","floor":1,"turns":3},{"damage":10,"enemies":"Small Slimes","floor":2,"turns":3},{"damage":26,"enemies":"Jaw Worm","floor":3,"turns":6},{"damage":13,"enemies":"Blue Slaver","floor":4,"turns":7},{"damage":24,"enemies":"Gremlin Nob","floor":6,"turns":4},{"damage":8,"enemies":"Looter","floor":7,"turns":3},{"damage":19,"enemies":"3 Sentries","floor":8,"turns":8},{"damage":7,"enemies":"Exordium Thugs","floor":10,"turns":5},{"damage":1,"enemies":"Lagavulin","floor":11,"turns":9},{"damage":5,"enemies":"Large Slime","floor":13,"turns":8},{"damage":12,"enemies":"3 Sentries","floor":14,"turns":7},{"damage":16,"enemies":"The Guardian","floor":16,"turns":8},{"damage":35,"enemies":"Shell Parasite","floor":18,"turns":7},{"damage":37,"enemies":"3 Byrds","floor":19,"turns":6},{"damage":63,"enemies":"Sentry and Sphere","floor":22,"turns":8},{"damage":28,"enemies":"Book of Stabbing","floor":23,"turns":2}],"seed_played":"4920831251803128724","potions_obtained":[{"floor":4,"key":"EssenceOfSteel"},{"floor":8,"key":"LiquidBronze"},{"floor":10,"key":"DistilledChaos"},{"floor":14,"key":"Fire Potion"},{"floor":16,"key":"SpeedPotion"},{"floor":22,"key":"GamblersBrew"}],"is_trial":false,"path_per_floor":["M","M","M","M","?","E","M","E","T","M","E","?","M","E","R","B",null,"M","M","?","?","M","E"],"character_chosen":"IRONCLAD","items_purchased":[],"campfire_rested":0,"item_purchase_floors":[],"current_hp_per_floor":[75,74,57,53,53,35,36,26,26,28,36,36,45,47,47,45,90,78,64,64,64,24,0,0],"gold":477,"neow_bonus":"THREE_RARE_CARDS","is_daily":false,"chose_seed":false,"campfire_upgraded":1,"win_rate":0.0,"timestamp":1608349069,"path_taken":["M","M","?","M","?","E","M","E","T","M","E","?","M","E","R","BOSS","M","M","?","?","M","E"],"items_purchased_type":[],"build_version":"2020-12-13","purchased_purges":0,"victory":false,"max_hp_per_floor":[75,78,81,84,84,84,87,90,90,93,96,96,99,102,102,105,105,108,111,111,111,114,114,114],"relic_stats":{"Shovel":0,"counters":[16,94],"Sundial":[8],"Black Blood":130,"Magic Flower":[39],"Smiling Mask":0,"obtain_stats":[{"Lantern":14,"Shovel":21,"Sundial":9,"Magic Flower":11,"Black Blood":17,"The Courier":8,"Smiling Mask":6,"Burning Blood":0},{"Lantern":11,"Shovel":14,"Sundial":7,"Magic Flower":9,"Black Blood":12,"The Courier":7,"Smiling Mask":5,"Burning Blood":0},{"Lantern":63,"Shovel":84,"Sundial":34,"Magic Flower":48,"Black Blood":71,"The Courier":34,"Smiling Mask":23,"Burning Blood":0}]},"card_choices":[{"not_picked":["Corruption","Demon Form"],"picked":"Feed","floor":0},{"not_picked":["Flex","Warcry"],"picked":"Headbutt","floor":1},{"not_picked":["Perfected Strike","Metallicize"],"picked":"Spot Weakness","floor":2},{"not_picked":["Iron Wave","Clash"],"picked":"Shrug It Off","floor":3},{"not_picked":["Havoc","Heavy Blade"],"picked":"Ghostly Armor","floor":4},{"not_picked":["Whirlwind","Evolve"],"picked":"Barricade","floor":6},{"not_picked":["Anger","Twin Strike"],"picked":"Carnage","floor":7},{"not_picked":["Heavy Blade","Sword Boomerang"],"picked":"Pummel","floor":8},{"not_picked":["Armaments","Dark Embrace"],"picked":"Pommel Strike","floor":10},{"not_picked":["Searing Blow","Clash"],"picked":"Pummel","floor":11},{"not_picked":["Sword Boomerang","Thunderclap","Anger"],"picked":"SKIP","floor":13},{"not_picked":["Perfected Strike","Twin Strike","Carnage"],"picked":"SKIP","floor":14},{"not_picked":["Brutality","Barricade"],"picked":"Offering","floor":16},{"not_picked":["Fire Breathing","Havoc"],"picked":"Body Slam+1","floor":18},{"not_picked":["Rage+1","Reckless Charge"],"picked":"Headbutt+1","floor":19},{"not_picked":["True Grit","Headbutt"],"picked":"Shrug It Off","floor":22}],"player_experience":267143,"relics_obtained":[{"floor":6,"key":"Smiling Mask"},{"floor":8,"key":"The Courier"},{"floor":9,"key":"Sundial"},{"floor":11,"key":"Magic Flower"},{"floor":14,"key":"Lantern"}],"event_choices":[{"damage_healed":0,"gold_gain":0,"cards_transformed":["Strike_R"],"player_choice":"Change","damage_taken":0,"max_hp_gain":0,"max_hp_loss":0,"event_name":"Living Wall","floor":5,"gold_loss":0,"cards_obtained":["Dropkick"]},{"damage_healed":0,"gold_gain":0,"player_choice":"Ignored","damage_taken":0,"max_hp_gain":0,"max_hp_loss":0,"event_name":"Liars Game","floor":12,"gold_loss":0},{"cards_removed":["Strike_R"],"damage_healed":0,"gold_gain":0,"player_choice":"Gave Gold","damage_taken":0,"max_hp_gain":0,"max_hp_loss":0,"event_name":"Beggar","floor":20,"gold_loss":75},{"damage_healed":0,"gold_gain":0,"player_choice":"Opened","damage_taken":0,"relics_obtained":["Shovel"],"max_hp_gain":0,"max_hp_loss":0,"event_name":"The Mausoleum","floor":21,"gold_loss":0}],"is_beta":false,"boss_relics":[{"not_picked":["Philosopher\u0027s Stone","Cursed Key"],"picked":"Black Blood"}],"items_purged_floors":[],"is_endless":false,"potions_floor_spawned":[4,8,10,14,16,22],"killed_by":"Book of Stabbing","ascension_level":7}}