{"host":"cfluht5kr2kfk9p9","time":1608358282,"event":{"mods":["ATMod(°¢èªMod)","BaseMod","GungeonMod","Highlight Path","Koishi","Minty Spire (QoL Compilation)","Quick Restart","Rare Cards Sparkle","Relic Stats","Replay The Spire","RumiaBox-Â¶Ã×æ«µÄÉñÃØºÐ×Ó","Spicy Shops","StSLib","TestMod","The Alterego","[IsaacMod]ÒÔÈö¼âËþ","¡¾¹¦ÄÜMod¡¿»ìãçÖ®»·ÐÞ¸´²¹¶¡","¡¾ÒÅÎï¿¨ÅÆ¡¿REMEMod"],"gold_per_floor":[109,124,199,211,226,226,242,1,25,58,58,93,93,105,105,200,200,216,266,276,288,307,339,339,339],"floor_reached":24,"playtime":1026,"items_purged":[],"score":255,"play_id":"e19e6d78-8375-4b8e-8470-bba588dfd1f8","local_time":"20201219141122","is_ascension_mode":false,"campfire_choices":[{"data":"Armaments","floor":6,"key":"SMITH"},{"floor":11,"key":"REST"},{"floor":13,"key":"REST"},{"data":"ReplayTheSpireMod:Limb From Limb","floor":15,"key":"SMITH"}],"circlet_count":0,"master_deck":["Strike_R","Strike_R","Strike_R","Strike_R","Strike_R","Defend_R","Defend_R","Defend_R","Defend_R","Bash","AT_RealFormLess","Strike_R","AT_IchimonjiDouble","ReplayTheSpireMod:LeadingStrike","Armaments+1","AT_IchimonjiDouble","AT_DiedThrough","ReplayTheSpireMod:Limb From Limb+1","Eclipse","Spreading Infection","ReplayTheSpireMod:Strike From Hell+1","Inflame","True Grit"],"relics":["Burning Blood","HushsDoor","REME_ComplimentaryCards","testmod-TestBox","AT_ATBox","testmod-Antiphasic","BloodDonationMachine","DemoMod:GnawedKey","testmod-Justice","Dream Catcher","Ginger","testmod-ConstraintPeriapt","Ring of Chaos","Baka2","ReplayTheSpireMod:Ring of Collecting","Ring of Greed","Golden Egg","Replay:Wax Seal","AT_BellDemon","DemoMod:WeirdEgg","ReplayTheSpireMod:Ninjato"],"acts_visited":["Exordium","TheCity"],"potions_floor_usage":[20,23,24,24],"damage_taken":[{"damage":21,"enemies":"Jaw Worm","floor":1,"turns":4},{"damage":7,"enemies":"Small Slimes","floor":2,"turns":3},{"damage":9,"enemies":"Cultist","floor":4,"turns":3},{"damage":10,"enemies":"Looter","floor":5,"turns":3},{"damage":0,"enemies":"2 Fungi Beasts","floor":7,"turns":1},{"damage":18,"enemies":"Lagavulin","floor":10,"turns":5},{"damage":9,"enemies":"3 Sentries","floor":12,"turns":3},{"damage":8,"enemies":"Red Slaver","floor":14,"turns":2},{"damage":49,"enemies":"The Guardian","floor":16,"turns":10},{"damage":18,"enemies":"Shell Parasite","floor":18,"turns":2},{"damage":0,"enemies":"3 Byrds","floor":20,"turns":1},{"damage":41,"enemies":"Centurion and Healer","floor":21,"turns":6},{"damage":0,"enemies":"Shelled Parasite and Fungi","floor":22,"turns":2},{"damage":67,"enemies":"Gremlin Leader","floor":23,"turns":5},{"damage":52,"enemies":"Sentry and Sphere","floor":24,"turns":3}],"seed_played":"6121709853430705665","potions_obtained":[{"floor":2,"key":"Energy Potion"},{"floor":12,"key":"SkillPotion"},{"floor":14,"key":"ColorlessPotion"},{"floor":22,"key":"Swift Potion"}],"is_trial":false,"path_per_floor":["M","M","?","M","M","R","M","$","T","E","R","E","R","M","R","B",null,"M","?","M","M","M","E","M"],"character_chosen":"IRONCLAD","items_purchased":["DemoMod:GnawedKey","testmod-Justice"],"campfire_rested":2,"item_purchase_floors":[8,8],"current_hp_per_floor":[65,64,53,50,46,46,52,52,52,40,64,61,80,78,78,44,80,68,68,76,53,61,40,0,0],"gold":339,"neow_bonus":"","is_daily":false,"chose_seed":false,"campfire_upgraded":2,"win_rate":0.0,"timestamp":1608358282,"path_taken":["M","M","?","M","M","R","M","?","T","E","R","E","R","?","R","BOSS","M","?","?","M","M","E","M"],"items_purchased_type":["Relic","Relic"],"build_version":"2020-12-13","purchased_purges":0,"victory":false,"max_hp_per_floor":[80,80,80,80,80,80,80,80,80,80,80,80,80,80,80,80,80,80,80,80,80,80,71,76,76],"relic_stats":{"Dream Catcher":2,"counters":[15,53],"Ginger":[0],"obtain_stats":[{"KeepersGift":0,"AT_BellDemon":22,"Golden Egg":19,"testmod-TestBox":0,"AT_ATBox":0,"ReplayTheSpireMod:Ninjato":23,"DemoMod:WeirdEgg":23,"DemoMod:GlassGuonStoneRelic":14,"Ring of Chaos":17,"Baka":1,"Ginger":10,"Ring of Greed":19,"testmod-Justice":8,"testmod-ConstraintPeriapt":12,"Burning Blood":0,"testmod-Antiphasic":0,"Dream Catcher":9,"Baka2":18,"ReplayTheSpireMod:Ring of Collecting":19,"DemoMod:GnawedKey":8,"Replay:Wax Seal":19,"HushsDoor":0,"REME_ComplimentaryCards":0,"BloodDonationMachine":0},{"KeepersGift":0,"AT_BellDemon":13,"Golden Egg":10,"testmod-TestBox":0,"AT_ATBox":0,"ReplayTheSpireMod:Ninjato":14,"DemoMod:WeirdEgg":14,"DemoMod:GlassGuonStoneRelic":8,"Ring of Chaos":9,"Baka":1,"Ginger":6,"Ring of Greed":10,"testmod-Justice":5,"testmod-ConstraintPeriapt":7,"Burning Blood":0,"testmod-Antiphasic":0,"Dream Catcher":5,"Baka2":10,"ReplayTheSpireMod:Ring of Collecting":10,"DemoMod:GnawedKey":5,"Replay:Wax Seal":10,"HushsDoor":0,"REME_ComplimentaryCards":0,"BloodDonationMachine":0},{"KeepersGift":0,"AT_BellDemon":45,"Golden Egg":36,"testmod-TestBox":0,"AT_ATBox":0,"ReplayTheSpireMod:Ninjato":50,"DemoMod:WeirdEgg":50,"DemoMod:GlassGuonStoneRelic":24,"Ring of Chaos":34,"Baka":4,"Ginger":19,"Ring of Greed":36,"testmod-Justice":14,"testmod-ConstraintPeriapt":22,"Burning Blood":0,"testmod-Antiphasic":0,"Dream Catcher":14,"Baka2":36,"ReplayTheSpireMod:Ring of Collecting":36,"DemoMod:GnawedKey":14,"Replay:Wax Seal":36,"HushsDoor":0,"REME_ComplimentaryCards":0,"BloodDonationMachine":0}],"Burning Blood":84},"card_choices":[{"not_picked":["Body Slam","Replay:Undeath\u0027s Touch"],"picked":"Bomb","floor":1},{"not_picked":["ReplayTheSpireMod:LeadingStrike","Cleave"],"picked":"AT_IchimonjiDouble","floor":2},{"not_picked":["Cleave","Replay:Undeath\u0027s Touch"],"picked":"ReplayTheSpireMod:LeadingStrike","floor":4},{"not_picked":["Replay:Undeath\u0027s Touch","ReplayTheSpireMod:Strike From Hell"],"picked":"Armaments","floor":5},{"not_picked":["Sword Boomerang","AT_BodySlamDance"],"picked":"AT_IchimonjiDouble","floor":7},{"not_picked":["Massacre","Replay:Undeath\u0027s Touch"],"picked":"Bomb","floor":10},{"not_picked":["AT_IchimonjiDouble","Headbutt"],"picked":"Bomb","floor":11},{"not_picked":["Body Slam","Demon Form"],"picked":"Bomb","floor":12},{"not_picked":["AT_BodySlamDance","Sword Boomerang"],"picked":"AT_DiedThrough","floor":13},{"not_picked":["Flex","Bloodletting"],"picked":"ReplayTheSpireMod:Limb From Limb","floor":14},{"not_picked":["Replay:Many Hands","REME_Fury"],"picked":"Eclipse","floor":16},{"not_picked":["Dual Wield","Twin Strike","Uppercut"],"picked":"SKIP","floor":18},{"not_picked":["Intimidate+1","AT_BodySlamDance"],"picked":"ReplayTheSpireMod:Strike From Hell+1","floor":20},{"not_picked":["True Grit","Twin Strike"],"picked":"Inflame","floor":21},{"not_picked":["Cleave","Rampage"],"picked":"True Grit","floor":22},{"not_picked":["Body Slam","True Grit","AT_IchimonjiDouble"],"picked":"SKIP","floor":23}],"player_experience":0,"relics_obtained":[{"floor":1,"key":"Baka"},{"floor":9,"key":"Dream Catcher"},{"floor":10,"key":"Ginger"},{"floor":12,"key":"testmod-ConstraintPeriapt"},{"floor":18,"key":"Baka2"},{"floor":19,"key":"ReplayTheSpireMod:Ring of Collecting"},{"floor":19,"key":"Ring of Greed"},{"floor":19,"key":"Golden Egg"},{"floor":19,"key":"Replay:Wax Seal"},{"floor":22,"key":"AT_BellDemon"},{"floor":23,"key":"DemoMod:WeirdEgg"},{"floor":23,"key":"ReplayTheSpireMod:Ninjato"}],"event_choices":[{"damage_healed":0,"gold_gain":75,"player_choice":"Gather Gold","damage_taken":11,"max_hp_gain":0,"max_hp_loss":0,"event_name":"World of Goop","floor":3,"gold_loss":0}],"is_beta":false,"boss_relics":[{"not_picked":["AT_TrinityForce","Ooze Armor"],"picked":"Ring of Chaos"},{"not_picked":[]}],"items_purged_floors":[],"is_endless":false,"potions_floor_spawned":[2,12,14,16,21,22],"killed_by":"Sentry and Sphere","ascension_level":0}}