{"host":"zr590xw2unlz0wv7","time":1608368787,"event":{"mods":["BaseMod","Minty Spire (QoL Compilation)","READ ME - Guardian Mod","StSLib"],"gold_per_floor":[110,110,119,119,135,179,208,208,231,231,274,283,283,305,314,314,314],"floor_reached":16,"playtime":406,"items_purged":[],"score":166,"play_id":"fab2f78e-20e3-4953-a42a-8b2ab5371ee3","local_time":"20201219170627","is_ascension_mode":true,"campfire_choices":[{"data":"Chill","floor":8,"key":"SMITH"},{"floor":10,"key":"RECALL"},{"floor":15,"key":"REST"}],"circlet_count":0,"master_deck":["Strike_B","Strike_B","Strike_B","Defend_B","Defend_B","Defend_B","Defend_B","Zap","Dualcast","Blizzard","Regret","Chill+1","Loop","Hologram","Injury","Coolheaded","Beam Cell"],"relics":["Cracked Core","NeowsBlessing","CeramicFish","Bottled Flame","Dream Catcher","Gambling Chip","Golden Idol","GremlinMask"],"acts_visited":["Exordium"],"potions_floor_usage":[14,14,16],"damage_taken":[{"damage":0,"enemies":"Small Slimes","floor":1,"turns":1},{"damage":0,"enemies":"Jaw Worm","floor":5,"turns":1},{"damage":0,"enemies":"3 Sentries","floor":6,"turns":1},{"damage":4,"enemies":"Cultist","floor":7,"turns":4},{"damage":48,"enemies":"Lagavulin","floor":11,"turns":8},{"damage":7,"enemies":"Large Slime","floor":14,"turns":4},{"damage":43,"enemies":"Slime Boss","floor":16,"turns":8}],"seed_played":"5079907098147593515","potions_obtained":[{"floor":4,"key":"Explosive Potion"},{"floor":4,"key":"LiquidBronze"},{"floor":4,"key":"EntropicBrew"},{"floor":5,"key":"FearPotion"},{"floor":7,"key":"EssenceOfDarkness"}],"is_trial":false,"path_per_floor":["M","?","?","?","M","E","M","R","T","R","E","?","?","M","R","B"],"character_chosen":"DEFECT","items_purchased":[],"campfire_rested":1,"item_purchase_floors":[],"current_hp_per_floor":[75,68,68,68,68,68,64,64,64,64,16,16,16,9,31,0,0],"gold":314,"neow_bonus":"THREE_ENEMY_KILL","is_daily":false,"chose_seed":false,"campfire_upgraded":1,"win_rate":0.0,"timestamp":1608368787,"path_taken":["M","?","?","?","M","E","?","R","T","R","E","?","?","M","R","BOSS"],"items_purchased_type":[],"build_version":"2020-12-13","purchased_purges":0,"victory":false,"max_hp_per_floor":[75,75,75,75,75,75,75,75,75,75,75,75,75,75,75,75,75],"card_choices":[{"not_picked":["Redo","Beam Cell"],"picked":"Blizzard","floor":1},{"not_picked":["Gash","Leap","Streamline"],"picked":"SKIP","floor":5},{"not_picked":["Conserve Battery","Sunder"],"picked":"Chill","floor":6},{"not_picked":["Melter","Ball Lightning"],"picked":"Loop","floor":7},{"not_picked":["Steam","Stack"],"picked":"Hologram","floor":11},{"not_picked":["Streamline","Tempest"],"picked":"Coolheaded","floor":14},{"not_picked":["Hologram","Steam"],"picked":"Beam Cell","floor":15}],"player_experience":501769,"relics_obtained":[{"floor":6,"key":"Bottled Flame"},{"floor":9,"key":"Dream Catcher"},{"floor":11,"key":"Gambling Chip"}],"event_choices":[{"cards_removed":["Strike_B"],"damage_healed":0,"gold_gain":0,"player_choice":"Card Removal","damage_taken":7,"max_hp_gain":0,"max_hp_loss":0,"event_name":"Golden Wing","floor":2,"gold_loss":0},{"damage_healed":0,"gold_gain":0,"player_choice":"Box","damage_taken":0,"relics_obtained":["CeramicFish"],"max_hp_gain":0,"max_hp_loss":0,"event_name":"Big Fish","floor":3,"gold_loss":0,"cards_obtained":["Regret"]},{"damage_healed":0,"gold_gain":0,"player_choice":"Got Potions","damage_taken":0,"max_hp_gain":0,"max_hp_loss":0,"event_name":"Lab","floor":4,"gold_loss":0},{"damage_healed":0,"gold_gain":0,"player_choice":"Take Wound","damage_taken":0,"relics_obtained":["Golden Idol"],"max_hp_gain":0,"max_hp_loss":0,"event_name":"Golden Idol","floor":12,"gold_loss":0,"cards_obtained":["Injury"]},{"damage_healed":0,"gold_gain":0,"player_choice":"Trade","damage_taken":0,"relics_obtained":["GremlinMask"],"max_hp_gain":0,"max_hp_loss":0,"event_name":"FaceTrader","floor":13,"gold_loss":0}],"is_beta":false,"boss_relics":[],"items_purged_floors":[],"is_endless":false,"potions_floor_spawned":[5,7],"killed_by":"Slime Boss","ascension_level":5}}