{"host":"m1ntkrf87179kmo6","time":1608394735,"event":{"mods":["BaseMod","Better Third Choice","Minty Spire (QoL Compilation)","Shade Mod","StSLib"],"gold_per_floor":[110,3,18,18,32,32,61,61,108,119,52,67,22,34,34,133,133,107,119,40,40,109,9,9,27,27,27,27,77,87,105,105,208,208,218,143,217,267,317,336,350,370,370,370,387,413,473,523,523],"floor_reached":48,"playtime":4038,"items_purged":["Shade:Doomsay+1"],"score":489,"play_id":"cc8611a9-8363-4b7e-a54b-085330b22551","local_time":"20201219111855","is_ascension_mode":false,"campfire_choices":[{"floor":6,"key":"RECALL"},{"data":"Shade:AnimateDead","floor":8,"key":"SMITH"},{"floor":15,"key":"REST"},{"floor":24,"key":"REST"},{"floor":28,"key":"REST"},{"floor":32,"key":"REST"},{"floor":44,"key":"REST"}],"circlet_count":0,"master_deck":["Shade:Defend_Shade","Shade:Defend_Shade","Shade:Defend_Shade","Shade:AnimateDead+1","Shade:CarefulCut","Shade:AncientSpear","Shade:ScuttlingHand","Shade:Coordination","Shade:FuneraryArmor","Shade:Excise","Shade:GreyBargain","Shade:ExtraLimbs","Shade:FreshBones","Shade:Putrefaction","Shade:Brains","Shade:OpenGraves","Shade:AblativeArmor","Shade:OpenGraves","Shade:Putrefaction","Shade:FleshToFlesh+1","Shade:FleshLikeOak+1","Shade:StitchTogether","Madness","Madness","Shade:StitchTogether","Shade:RitualOffering","Shade:OpenGraves"],"relics":["Shade:YorickSkull","Bag of Marbles","Lantern","Omamori","SlaversCollar","SsserpentHead","Oddly Smooth Stone","Peace Pipe","Astrolabe","Ancient Tea Set","Calipers"],"acts_visited":["Exordium","TheCity","TheBeyond"],"potions_floor_usage":[16,16,25,31,33,46,46,46],"damage_taken":[{"damage":0,"enemies":"Jaw Worm","floor":1,"turns":4},{"damage":1,"enemies":"Cultist","floor":3,"turns":3},{"damage":0,"enemies":"Small Slimes","floor":5,"turns":1},{"damage":16,"enemies":"Gremlin Nob","floor":7,"turns":4},{"damage":4,"enemies":"Gremlin Gang","floor":10,"turns":3},{"damage":6,"enemies":"Large Slime","floor":12,"turns":6},{"damage":0,"enemies":"Red Slaver","floor":14,"turns":4},{"damage":16,"enemies":"The Guardian","floor":16,"turns":12},{"damage":21,"enemies":"2 Thieves","floor":18,"turns":5},{"damage":8,"enemies":"Spheric Guardian","floor":19,"turns":6},{"damage":22,"enemies":"Snecko","floor":22,"turns":7},{"damage":0,"enemies":"Centurion and Healer","floor":25,"turns":6},{"damage":7,"enemies":"Shelled Parasite and Fungi","floor":30,"turns":6},{"damage":23,"enemies":"Snecko","floor":31,"turns":9},{"damage":26,"enemies":"Automaton","floor":33,"turns":13},{"damage":6,"enemies":"Orb Walker","floor":35,"turns":6},{"damage":27,"enemies":"3 Darklings","floor":40,"turns":5},{"damage":29,"enemies":"Transient","floor":41,"turns":5},{"damage":0,"enemies":"Maw","floor":45,"turns":10},{"damage":25,"enemies":"Reptomancer","floor":46,"turns":7},{"damage":23,"enemies":"Jaw Worm Horde","floor":47,"turns":6},{"damage":23,"enemies":"Spire Growth","floor":48,"turns":3}],"seed_played":"-6706709247080943132","potions_obtained":[{"floor":7,"key":"LiquidMemories"},{"floor":12,"key":"PowerPotion"},{"floor":22,"key":"AttackPotion"},{"floor":25,"key":"Ancient Potion"},{"floor":30,"key":"ColorlessPotion"},{"floor":40,"key":"Strength Potion"},{"floor":42,"key":"Explosive Potion"},{"floor":42,"key":"Fire Potion"},{"floor":47,"key":"SpeedPotion"}],"is_trial":false,"path_per_floor":["M","?","M","?","M","R","E","R","T","M","$","M","$","M","R","B",null,"M","M","$","?","M","$","R","M","T","$","R","?","M","M","R","B",null,"M","$","T","?","?","M","M","?","T","R","M","E","M","M"],"character_chosen":"SHADE","items_purchased":["Shade:Excise","Shade:ExtraLimbs","Shade:OpenGraves","Oddly Smooth Stone"],"campfire_rested":5,"item_purchase_floors":[11,13,20,23],"current_hp_per_floor":[71,71,70,70,70,70,54,54,54,50,50,44,44,44,65,49,71,50,42,42,42,20,20,41,41,41,41,62,62,55,32,53,27,71,65,65,65,65,56,36,7,7,7,28,42,31,15,0,0],"gold":523,"neow_bonus":"TEN_PERCENT_HP_BONUS","is_daily":false,"chose_seed":false,"campfire_upgraded":1,"win_rate":0.0,"timestamp":1608394735,"path_taken":["M","?","?","?","M","R","E","R","T","M","$","M","$","M","R","BOSS","M","?","$","?","?","?","R","M","T","$","R","?","M","M","R","BOSS","M","$","?","?","?","M","M","?","T","R","M","E","?","?"],"items_purchased_type":["Card","Card","Card","Relic"],"build_version":"2020-12-13","purchased_purges":1,"victory":false,"max_hp_per_floor":[71,71,71,71,71,71,71,71,71,71,71,71,71,71,71,71,71,71,71,71,71,71,71,71,71,71,71,71,71,71,71,71,71,71,71,71,71,71,71,71,71,71,71,71,71,71,71,71,71],"card_choices":[{"not_picked":["Shade:SkeletonHug","Shade:FreshBones","Shade:FingerOfDeath"],"picked":"SKIP","floor":1},{"not_picked":["Shade:CommandSoldier","Shade:LoseControl","Shade:SoulToxin"],"picked":"SKIP","floor":3},{"not_picked":["Shade:Bonestorm","Shade:CoffinDance"],"picked":"Shade:ScuttlingHand","floor":5},{"not_picked":["Shade:CallWraith","Shade:LoseControl"],"picked":"Shade:Coordination","floor":7},{"not_picked":["Shade:CoffinDance","Shade:WallOfFlesh"],"picked":"Shade:FuneraryArmor","floor":10},{"not_picked":["Shade:WallOfFlesh","Shade:CallOfTheGrave"],"picked":"Shade:GreyBargain","floor":12},{"not_picked":["Shade:Doomsay","Shade:SkeletonHug"],"picked":"Shade:FreshBones","floor":14},{"not_picked":["Shade:OfferingToTheBeyond","Shade:UnbarTheGrave"],"picked":"Shade:Putrefaction","floor":16},{"not_picked":["Shade:FuneraryJewels","Shade:AuraOfUnlife+1"],"picked":"Shade:Brains","floor":18},{"not_picked":["Shade:BoneShards","Shade:FreshBones","Shade:LyeBath"],"picked":"SKIP","floor":19},{"not_picked":["Shade:ExtraLimbs","Shade:Bonestorm","Shade:SkeletonHug"],"picked":"SKIP","floor":22},{"not_picked":["Shade:RitualOffering+1","Shade:BoneShards"],"picked":"Shade:AblativeArmor","floor":25},{"not_picked":["Shade:LichForm","Shade:AblativeArmor","Shade:ClawBack+1"],"picked":"SKIP","floor":30},{"not_picked":["Shade:FingerOfDeath","Shade:PotionOfRestlessness"],"picked":"Shade:OpenGraves","floor":31},{"not_picked":["Shade:OfferingToTheBeyond","Shade:LoseControl"],"picked":"Shade:Putrefaction","floor":33},{"not_picked":["Shade:LyeBath+1","Shade:FeralStrike"],"picked":"Shade:StitchTogether","floor":35},{"not_picked":["Shade:FreshBones+1","Shade:CoffinDance+1"],"picked":"Shade:StitchTogether","floor":40},{"not_picked":["Shade:BoneShards+1","Shade:LyeBath+1","Shade:AuraOfUnlife"],"picked":"SKIP","floor":41},{"not_picked":["Shade:Excise","Shade:Frenzy+1"],"picked":"Shade:RitualOffering","floor":45},{"not_picked":["Shade:PotionOfRestlessness","Shade:RavenousHorde+1","Shade:CommandSoldier+1"],"picked":"SKIP","floor":46},{"not_picked":["Shade:Frenzy+1","Shade:GreyBargain"],"picked":"Shade:OpenGraves","floor":47}],"player_experience":1055860,"relics_obtained":[{"floor":7,"key":"Lantern"},{"floor":9,"key":"Omamori"},{"floor":26,"key":"Peace Pipe"},{"floor":37,"key":"Ancient Tea Set"},{"floor":46,"key":"Calipers"}],"event_choices":[{"damage_healed":0,"gold_gain":0,"player_choice":"Paid Gold","damage_taken":0,"relics_obtained":["Bag of Marbles"],"max_hp_gain":0,"max_hp_loss":0,"event_name":"WeMeetAgain","floor":2,"gold_loss":107},{"damage_healed":0,"gold_gain":0,"cards_transformed":["Shade:Strike_Shade"],"player_choice":"Transformed","damage_taken":0,"max_hp_gain":0,"max_hp_loss":0,"event_name":"Transmorgrifier","floor":4,"gold_loss":0,"cards_obtained":["Shade:AncientSpear"]},{"damage_healed":0,"gold_gain":0,"player_choice":"Trade","damage_taken":0,"relics_obtained":["SsserpentHead"],"max_hp_gain":0,"max_hp_loss":0,"event_name":"FaceTrader","floor":21,"gold_loss":0},{"damage_healed":0,"gold_gain":0,"player_choice":"Ignored","damage_taken":0,"max_hp_gain":0,"max_hp_loss":0,"event_name":"N\u0027loth","floor":29,"gold_loss":0},{"cards_removed":["Shade:Defend_Shade"],"damage_healed":0,"gold_gain":0,"player_choice":"Removed Skill","damage_taken":0,"max_hp_gain":0,"max_hp_loss":0,"event_name":"Falling","floor":38,"gold_loss":0},{"damage_healed":0,"gold_gain":0,"player_choice":"Embrace Madness","damage_taken":9,"max_hp_gain":0,"max_hp_loss":0,"event_name":"Winding Halls","floor":39,"gold_loss":0,"cards_obtained":["Madness","Madness"]},{"damage_healed":0,"gold_gain":0,"player_choice":"Bought 2 Potions","damage_taken":0,"max_hp_gain":0,"max_hp_loss":0,"event_name":"The Woman in Blue","floor":42,"gold_loss":0}],"is_beta":false,"boss_relics":[{"not_picked":["Ectoplasm","Cursed Key"],"picked":"SlaversCollar"},{"not_picked":["Fusion Hammer","Coffee Dripper"],"picked":"Astrolabe"}],"items_purged_floors":[36],"is_endless":false,"potions_floor_spawned":[7,12,22,25,30,40,45,47],"killed_by":"Spire Growth","ascension_level":0}}