{"host":"2461dio7vetlq1z3","time":1608408070,"event":{"mods":["2.2 Compatiblity","AchievementEnabler","BaseMod","Better Third Choice","Hermit","Marisa????????","Minty Spire (QoL Compilation)","Relic Stats","Spicy Shops","StSLib","Waifu the Spire"],"gold_per_floor":[119,119,27,42,56,89,89,103,103,137,147,147,147,163,163,163,163],"floor_reached":16,"playtime":847,"items_purged":[],"score":179,"play_id":"67260915-c319-4923-bcb4-4070fc4c404b","local_time":"20201219210110","is_ascension_mode":true,"campfire_choices":[{"data":"LuminesStrike","floor":7,"key":"SMITH"},{"floor":12,"key":"REST"},{"floor":15,"key":"REST"}],"circlet_count":0,"master_deck":["AscendersBane","Strike_MRS","Strike_MRS","Strike_MRS","Strike_MRS","Defend_MRS","Defend_MRS","Defend_MRS","Defend_MRS","MasterSpark","UpSweep","BinaryStars","PowerUp","MasterSpark","Acceleration","GalacticHalo","RefractionSpark","LuminesStrike","LuminesStrike+1","GrandCross","MagicChant"],"relics":["MiniHakkero","Darkstone Periapt","BreadOfAWashokuLover","Kunai"],"acts_visited":["Exordium"],"potions_floor_usage":[10],"damage_taken":[{"damage":0,"enemies":"2 Louse","floor":1,"turns":3},{"damage":1,"enemies":"Cultist","floor":4,"turns":3},{"damage":3,"enemies":"Small Slimes","floor":5,"turns":3},{"damage":30,"enemies":"Gremlin Nob","floor":6,"turns":4},{"damage":7,"enemies":"Exordium Wildlife","floor":8,"turns":3},{"damage":20,"enemies":"Lagavulin","floor":10,"turns":5},{"damage":5,"enemies":"Lots of Slimes","floor":11,"turns":4},{"damage":11,"enemies":"3 Louse","floor":14,"turns":4},{"damage":0,"enemies":"Slime Boss","floor":16,"turns":1}],"seed_played":"-8640359256157116575","potions_obtained":[{"floor":6,"key":"BlessingOfTheForge"},{"floor":10,"key":"AttackPotion"}],"is_trial":false,"path_per_floor":["M","?","$","M","M","E","R","M","T","E","M","R","?","M","R","B"],"character_chosen":"MARISA","items_purchased":["GalacticHalo"],"campfire_rested":2,"item_purchase_floors":[3],"current_hp_per_floor":[68,68,68,67,64,34,34,27,27,8,4,26,19,9,31,31,31],"gold":163,"neow_bonus":"ONE_RANDOM_RARE_CARD","is_daily":false,"chose_seed":false,"campfire_upgraded":1,"win_rate":0.0,"timestamp":1608408070,"path_taken":["M","?","?","M","M","E","R","M","T","E","M","R","?","?","R","BOSS"],"items_purchased_type":["Card"],"build_version":"2020-12-13","purchased_purges":0,"victory":false,"max_hp_per_floor":[75,75,75,75,75,75,75,75,75,75,75,75,75,75,75,75,75],"relic_stats":{"Darkstone Periapt":0,"counters":[9,29],"Kunai":[1],"obtain_stats":[{"Darkstone Periapt":6,"BreadOfAWashokuLover":9,"MiniHakkero":0,"Kunai":10},{"Darkstone Periapt":4,"BreadOfAWashokuLover":5,"MiniHakkero":0,"Kunai":6},{"Darkstone Periapt":13,"BreadOfAWashokuLover":16,"MiniHakkero":0,"Kunai":21}]},"card_choices":[{"not_picked":["GravityBeat","GrandCross"],"picked":"PowerUp","floor":1},{"not_picked":["CasketOfStar","Occultation"],"picked":"RefractionSpark","floor":4},{"not_picked":["ShootingEcho","AsteroidBelt"],"picked":"LuminesStrike","floor":5},{"not_picked":["CollectingQuirk","StarBarrage"],"picked":"LuminesStrike","floor":6},{"not_picked":["GravityBeat","NonDirectionalLaser"],"picked":"GrandCross","floor":8},{"not_picked":["GravityBeat","SuperPerseids","AbsoluteMagnitude"],"picked":"SKIP","floor":10},{"not_picked":["UnstableBomb","WitchLeyline"],"picked":"MagicChant","floor":11},{"not_picked":["BlazeAway","Acceleration","ShootTheMoon"],"picked":"SKIP","floor":14}],"player_experience":851011,"relics_obtained":[{"floor":6,"key":"Darkstone Periapt"},{"floor":9,"key":"BreadOfAWashokuLover"},{"floor":10,"key":"Kunai"}],"event_choices":[{"damage_healed":0,"gold_gain":0,"player_choice":"2 cards matched","damage_taken":0,"max_hp_gain":0,"max_hp_loss":0,"event_name":"Match and Keep!","floor":2,"gold_loss":0,"cards_obtained":["MasterSpark","Acceleration"]},{"damage_healed":0,"gold_gain":0,"player_choice":"Damaged","damage_taken":7,"max_hp_gain":0,"max_hp_loss":0,"event_name":"Wheel of Change","floor":13,"gold_loss":0}],"is_beta":false,"boss_relics":[],"items_purged_floors":[],"is_endless":false,"potions_floor_spawned":[6,10],"killed_by":"Slime Boss","ascension_level":12}}