{"host":"jm9833yuloeli2yd","time":1608411945,"event":{"mods":["AchievementEnabler","BaseMod","Better Altar","Better Match","Better Note","Better Sensory Stone","Better Skull","Better Vampires","Colored Map","Colored Powertips","DeckTracker","Minty Spire (QoL Compilation)","Permanent Neow","Quick Restart","Replay The Spire","StSLib","SuperFastMode"],"gold_per_floor":[366,366,382,144,144,144,172,172,199,226,226,252,262,277,277,350,350,369,289,29,47,47,73,73,73,73,73,73,84,9,38,38,55,55,55,55],"floor_reached":35,"playtime":1147,"items_purged":["Vigilance","Strike_G"],"score":672,"play_id":"051f4459-d86b-4fb9-81e6-89497cd0990a","local_time":"20201219160545","is_ascension_mode":true,"campfire_choices":[{"data":"Neutralize","floor":6.0,"key":"SMITH"},{"floor":8,"key":"REST"},{"data":"Bane","floor":11,"key":"SMITH"},{"floor":15,"key":"REST"},{"data":"Expertise","floor":26,"key":"SMITH"},{"data":"Escape Plan","floor":32,"key":"SMITH"},{"data":"Bane","floor":34,"key":"SMITH"}],"circlet_count":0,"master_deck":["AscendersBane","Strike_G+1","Defend_G","Defend_G","Defend_G","Defend_G","Survivor+1","Neutralize+1","Strike_R","Dagger Throw","Noxious Fumes+1","Endless Agony","Expertise+1","Bane+1","Replay:Poison Smokescreen","Escape Plan+1","Glass Knife","Toxin Wave","Ghostly","Ghostly","Ghostly","Infinite Blades","ReplayTheSpireMod:The Works","Catalyst+1","Bane+1"],"relics":["Ring of the Snake","Regal Pillow","Pear","Juzu Bracelet","Thread and Needle","Replay:Rubber Ducky","Velvet Choker","ClockworkSouvenir","Darkstone Periapt","ReplayTheSpireMod:Lightbulb","FossilizedHelix"],"acts_visited":["Exordium","TheCity"],"potions_floor_usage":[16,33,33],"damage_taken":[{"damage":7.0,"enemies":"Cultist","floor":1.0,"turns":5.0},{"damage":0.0,"enemies":"2 Louse","floor":3.0,"turns":3.0},{"damage":14,"enemies":"Replay:BlueRogue","floor":7,"turns":7},{"damage":14,"enemies":"Lagavulin","floor":10,"turns":7},{"damage":30,"enemies":"Gremlin Nob","floor":12,"turns":5},{"damage":0,"enemies":"Small Slimes","floor":13,"turns":3},{"damage":0,"enemies":"2 Fungi Beasts","floor":14,"turns":3},{"damage":56,"enemies":"Fading Forest","floor":16,"turns":13},{"damage":5,"enemies":"Chosen","floor":18,"turns":4},{"damage":4,"enemies":"Spheric Guardian","floor":21,"turns":4},{"damage":15,"enemies":"Slavers","floor":23,"turns":6},{"damage":0,"enemies":"Centurion and Healer","floor":29,"turns":6},{"damage":0,"enemies":"Gremlin Leader","floor":31,"turns":7},{"damage":0,"enemies":"Snake Plant","floor":33,"turns":3},{"damage":33,"enemies":"Collector","floor":35,"turns":7}],"seed_played":"8549156939520917917","potions_obtained":[{"floor":7,"key":"Languid Potion"},{"floor":13,"key":"EssenceOfSteel"},{"floor":14,"key":"Swift Potion"},{"floor":18,"key":"Fire Potion"},{"floor":21,"key":"AttackPotion"}],"is_trial":false,"path_per_floor":["M","?","M","$","?","R","E","R","T","E","R","E","M","M","R","B",null,"M","?","$","M","?","E","PTL","PTL","R","?","T","M","?","E","R","M","R","B"],"character_chosen":"THE_SILENT","items_purchased":["Regal Pillow","ClockworkSouvenir"],"campfire_rested":2,"item_purchase_floors":[4,20],"current_hp_per_floor":[52,52,52,52,32,32,28,65,65,51,51,21,21,21,58,26,64,59,59,59,55,38,23,23,23,23,23,23,23,23,23,23,23,23,0,0],"gold":55,"neow_bonus":"TWO_FIFTY_GOLD","is_daily":false,"chose_seed":false,"campfire_upgraded":5,"win_rate":0.0,"timestamp":1608411945,"path_taken":["M","?","M","$","?","R","E","R","T","E","R","E","M","M","R","BOSS","M","?","$","M","?","E","PTL","PTL","R","?","T","M","?","E","R","M","R","BOSS"],"items_purchased_type":["Relic","Relic"],"build_version":"2020-12-13","purchased_purges":2,"victory":false,"max_hp_per_floor":[66,66,66,66,66,66,76,76,76,76,76,76,76,76,76,76,76,76,76,76,76,38,38,38,38,38,38,38,38,38,38,38,38,38,38,38],"card_choices":[{"not_picked":["Backflip","Flying Knee"],"picked":"Dagger Throw","floor":1.0},{"not_picked":["Quick Slash","Tools of the Trade"],"picked":"Endless Agony","floor":3.0},{"not_picked":["Deflect","Hidden Blade"],"picked":"Expertise","floor":7},{"not_picked":["Outmaneuver","ReplayTheSpireMod:The Works"],"picked":"Bane","floor":10},{"not_picked":["Cloak And Dagger","Flying Knee"],"picked":"Replay:Poison Smokescreen","floor":12},{"not_picked":["Expertise","Flechettes"],"picked":"Escape Plan","floor":13},{"not_picked":["Reflex","Expertise","Dagger Throw"],"picked":"SKIP","floor":14},{"not_picked":["Phantasmal Killer","Bullet Time"],"picked":"Glass Knife","floor":16},{"not_picked":["Concentrate","Infinite Blades"],"picked":"Toxin Wave","floor":18},{"not_picked":["Expertise","Slice","Deadly Poison"],"picked":"SKIP","floor":21},{"not_picked":["Deadly Poison","Flying Knee","A Thousand Cuts"],"picked":"SKIP","floor":23},{"not_picked":["Flying Knee","Hidden Blade+1"],"picked":"Catalyst+1","floor":29},{"not_picked":["Sneak Up","Slice","Flying Knee"],"picked":"SKIP","floor":31},{"not_picked":["Dagger Throw","Deadly Poison"],"picked":"Bane","floor":33}],"player_experience":1125405,"relics_obtained":[{"floor":7,"key":"Pear"},{"floor":9,"key":"Juzu Bracelet"},{"floor":10,"key":"Thread and Needle"},{"floor":12,"key":"Replay:Rubber Ducky"},{"floor":23,"key":"Darkstone Periapt"},{"floor":28,"key":"ReplayTheSpireMod:Lightbulb"},{"floor":31,"key":"FossilizedHelix"}],"event_choices":[{"damage_healed":0.0,"max_hp_gain":0.0,"max_hp_loss":0.0,"gold_gain":0.0,"event_name":"Shining Light","player_choice":"Entered Light","floor":5.0,"gold_loss":0.0,"damage_taken":20.0,"cards_upgraded":["Survivor","Strike_G"]},{"damage_healed":0,"gold_gain":0,"player_choice":"Became a Ghost","damage_taken":0,"max_hp_gain":0,"max_hp_loss":38,"event_name":"Ghosts","floor":22,"gold_loss":0,"cards_obtained":["Ghostly","Ghostly","Ghostly"]},{"damage_healed":0,"gold_gain":0,"cards_transformed":["Strike_G","Strike_G"],"player_choice":"Became Test Subject","damage_taken":0,"max_hp_gain":0,"max_hp_loss":0,"event_name":"Drug Dealer","floor":27,"gold_loss":0,"cards_obtained":["Infinite Blades","ReplayTheSpireMod:The Works"]},{"cards_removed":["Strike_G"],"damage_healed":0,"gold_gain":0,"player_choice":"Gave Gold","damage_taken":0,"max_hp_gain":0,"max_hp_loss":0,"event_name":"Beggar","floor":30,"gold_loss":75}],"is_beta":false,"boss_relics":[{"not_picked":["Ring of Chaos","Runic Dome"],"picked":"Velvet Choker"}],"items_purged_floors":[4,20],"is_endless":false,"potions_floor_spawned":[7,13,14,18,21,23],"killed_by":"Collector","ascension_level":20}}