{"host":"lw19698w5j431ix7","time":1608345627,"event":{"mods":["2.2 Compatiblity","BaseMod","BetterRewards","Block Reminder","Colored Map","Colored Powertips","DeckTracker","Downfall","Duelist Mod","Halation","MarisaÅiñ∂âJÅ@ñÇóùçπÅj","Minty Spire (QoL Compilation)","Rare Cards Sparkle","ReimuÅiîé??öÎÅj","Relic Stats","Replay The Spire","SOSÅiézîb?îVéqÅj","StSLib","Swap Starting Deck Mod","The Disciple","The Dragon Tamer","The Gatherer","The Servant 0.9.4","Waifu the Spire"],"gold_per_floor":[118,118,118,118,129,129,160,76,76,108,171,171,182,201,201,301,301,311,171,171,171,200,227,227,253,253,328,270,280,292,292,292,394,394,394],"floor_reached":34,"playtime":3195,"items_purged":[],"score":419,"play_id":"a4d2cf50-af83-4791-bb0d-0be545d45430","local_time":"20201218214027","is_ascension_mode":false,"metric_token":1555,"campfire_choices":[{"floor":6,"key":"RECALL"},{"floor":12,"key":"REST"},{"data":"DTMod:Coolant","floor":15,"key":"SMITH"},{"floor":24,"key":"REST"},{"floor":32,"key":"REST"}],"dtmod_dragon_data":[58,58,1,0,12,2],"circlet_count":0,"master_deck":["DTMod:Strike","DTMod:DoubleHit","DTMod:TargetDefense","DTMod:TargetDefense","DTMod:TargetDefense","DTMod:TargetDefense+1","DTMod:SwitchingTactic","DTMod:Observe","DTMod:ComboAttack","DTMod:LightShield","DTMod:ShieldDrain","DTMod:CleansingStrike","DTMod:Coolant+1","DTMod:LastStand","DTMod:DragonDance","DTMod:Dissolve","DTMod:OpeningTactic","DTMod:MasterPlan+1","DTMod:Feint+1","DTMod:ForkedFire+1","DTMod:Training","DTMod:WarmUp","DTMod:BlueScale","DTMod:Hide+1","DTMod:SneakAttack+1","DTMod:WarmUp","DTMod:ShadowImage"],"relics":["DTMod:PactStone","NeowsBlessing","halation:StarCompass","FossilizedHelix","Iron Hammer","Omamori","Astrolabe","Mastiff:ReiMu","Red Mask","Replay:Kaleidoscope","Sundial","ReplayTheSpireMod:Ninjato","halation:PinkSoulGem","Sozu"],"acts_visited":["Exordium","TheCity","TheBeyond"],"potions_floor_usage":[16,16,23,23,33],"damage_taken":[{"damage":0,"enemies":"Jaw Worm","floor":1,"turns":1},{"damage":0,"enemies":"Small Slimes","floor":5,"turns":1},{"damage":0,"enemies":"Gremlin Nob","floor":7,"turns":1},{"damage":18,"enemies":"3 Sentries","floor":10,"turns":7},{"damage":9,"enemies":"3 Sentries","floor":11,"turns":10},{"damage":0,"enemies":"2 Louse","floor":13,"turns":2},{"damage":0,"enemies":"Looter","floor":14,"turns":4},{"damage":28,"enemies":"The Guardian","floor":16,"turns":17},{"damage":0,"enemies":"2 Thieves","floor":18,"turns":4},{"damage":0,"enemies":"Masked Bandits","floor":22,"turns":5},{"damage":1,"enemies":"Slavers","floor":23,"turns":7},{"damage":6,"enemies":"theDuelist:KaibaA2","floor":25,"turns":7},{"damage":0,"enemies":"3 Byrds","floor":29,"turns":8},{"damage":0,"enemies":"Sentry and Sphere","floor":30,"turns":5},{"damage":14,"enemies":"Champ","floor":33,"turns":15}],"seed_played":"-3540932171502898292","potions_obtained":[{"floor":1,"key":"PowerPotion"},{"floor":11,"key":"Block Potion"},{"floor":16,"key":"Explosive Potion"},{"floor":18,"key":"Weak Potion"},{"floor":30,"key":"Elixir"}],"is_trial":false,"path_per_floor":["M","?","?","?","M","R","E","$","T","E","?","R","M","M","R","B",null,"M","$","?","?","?","E","R","E","T","?","$","M","M","?","R","B",null],"character_chosen":"THE_DT","items_purchased":["DTMod:ShieldDrain","DTMod:CleansingStrike","DTMod:WarmUp","DTMod:BlueScale","DTMod:SneakAttack+1"],"campfire_rested":3,"item_purchase_floors":[8,8,19,19,28],"current_hp_per_floor":[45,45,45,45,45,45,45,45,45,27,18,31,31,31,31,3,45,45,45,45,45,45,44,45,39,39,35,35,35,35,35,45,31,45,45],"gold":394,"neow_bonus":"THREE_ENEMY_KILL","is_daily":false,"chose_seed":false,"campfire_upgraded":1,"win_rate":0.0,"timestamp":1608345627,"path_taken":["M","?","?","?","M","R","E","$","T","E","?","R","M","M","R","BOSS","M","$","?","?","?","E","R","E","T","?","$","?","M","?","R","BOSS"],"items_purchased_type":["Card","Card","Card","Card","Card"],"build_version":"2020-12-13","purchased_purges":0,"victory":false,"max_hp_per_floor":[45,45,45,45,45,45,45,45,45,45,45,45,45,45,45,45,45,45,45,45,45,45,45,45,45,45,45,45,45,45,45,45,45,45,45],"relic_stats":{"Sozu":0,"counters":[15,94],"Sundial":[2],"Astrolabe":["DTMod:MasterPlan","DTMod:Feint","DTMod:ForkedFire"],"obtain_stats":[{"ReplayTheSpireMod:Ninjato":26,"NeowsBlessing":0,"Astrolabe":17,"Omamori":11,"Replay:Kaleidoscope":23,"halation:StarCompass":4,"Sozu":34,"DTMod:PactStone":0,"Mastiff:ReiMu":21,"Sundial":25,"Iron Hammer":10,"Red Mask":22,"halation:PinkSoulGem":31,"FossilizedHelix":7},{"ReplayTheSpireMod:Ninjato":12,"NeowsBlessing":0,"Astrolabe":8,"Omamori":5,"Replay:Kaleidoscope":11,"halation:StarCompass":1,"Sozu":15,"DTMod:PactStone":0,"Mastiff:ReiMu":9,"Sundial":12,"Iron Hammer":4,"Red Mask":10,"halation:PinkSoulGem":14,"FossilizedHelix":3},{"ReplayTheSpireMod:Ninjato":66,"NeowsBlessing":0,"Astrolabe":43,"Omamori":20,"Replay:Kaleidoscope":59,"halation:StarCompass":1,"Sozu":94,"DTMod:PactStone":0,"Mastiff:ReiMu":47,"Sundial":66,"Iron Hammer":10,"Red Mask":52,"halation:PinkSoulGem":79,"FossilizedHelix":3}]},"card_choices":[{"not_picked":["DTMod:Weaken","DTMod:BreakAttack"],"picked":"DTMod:Observe","floor":1},{"not_picked":["DTMod:MasterPlan","DTMod:DarkBreath"],"picked":"DTMod:ComboAttack","floor":5},{"not_picked":["DTMod:BizarreTactic","DTMod:Feint"],"picked":"DTMod:LightShield","floor":7},{"not_picked":["DTMod:BuildUp","DTMod:CrossStep"],"picked":"DTMod:Coolant","floor":10},{"not_picked":["DTMod:BlazingStrike","DTMod:RecklessFlurry"],"picked":"DTMod:LastStand","floor":11},{"not_picked":["DTMod:LastStand","DTMod:SneakAttack"],"picked":"DTMod:DragonDance","floor":13},{"not_picked":["DTMod:BurningEnergy","DTMod:MasterPlan"],"picked":"DTMod:Dissolve","floor":14},{"not_picked":["DTMod:HeadStart","DTMod:SealedStrike"],"picked":"DTMod:OpeningTactic","floor":16},{"not_picked":["DTMod:Feint","DTMod:MagicField"],"picked":"DTMod:Training","floor":18},{"not_picked":["DTMod:FlameSlash+1","DTMod:Cover"],"picked":"DTMod:Hide+1","floor":23},{"not_picked":["DTMod:QuickFly+1","DTMod:PurifyingFlame","DTMod:Haste"],"picked":"SKIP","floor":25},{"not_picked":["DTMod:CleansingStrike+1","DTMod:DragonDance","DTMod:BuildUp+1"],"picked":"SKIP","floor":29},{"not_picked":["DTMod:OpeningTactic","DTMod:Training"],"picked":"DTMod:WarmUp","floor":30},{"not_picked":["DTMod:Multitask","DTMod:Inferno"],"picked":"DTMod:ShadowImage","floor":33}],"player_experience":209166,"relics_obtained":[{"floor":7,"key":"FossilizedHelix"},{"floor":10,"key":"Iron Hammer"},{"floor":11,"key":"Omamori"},{"floor":22,"key":"Red Mask"},{"floor":23,"key":"Replay:Kaleidoscope"},{"floor":25,"key":"Sundial"},{"floor":26,"key":"ReplayTheSpireMod:Ninjato"}],"event_choices":[{"damage_healed":0,"gold_gain":0,"player_choice":"Leave","damage_taken":0,"max_hp_gain":0,"max_hp_loss":0,"event_name":"The Cleric","floor":3,"gold_loss":0},{"damage_healed":0,"gold_gain":30,"player_choice":"Searched \u00272\u0027 times","damage_taken":0,"max_hp_gain":0,"max_hp_loss":0,"event_name":"Dead Adventurer","floor":11,"gold_loss":0},{"damage_healed":0,"gold_gain":0,"player_choice":"Ignored","damage_taken":0,"max_hp_gain":0,"max_hp_loss":0,"event_name":"Beggar","floor":20,"gold_loss":0},{"damage_healed":0,"gold_gain":0,"player_choice":"Fought Bandits","damage_taken":0,"max_hp_gain":0,"max_hp_loss":0,"event_name":"Masked Bandits","floor":22,"gold_loss":0},{"damage_healed":0,"gold_gain":75,"player_choice":"Touch","damage_taken":4,"max_hp_gain":0,"max_hp_loss":0,"event_name":"FaceTrader","floor":27,"gold_loss":0}],"is_beta":false,"boss_relics":[{"not_picked":["halation:ForbiddenBikini","halation:CatFaceCupcake"],"picked":"Astrolabe"},{"not_picked":["Cursed Key","Replay:Drink Me"],"picked":"Sozu"}],"items_purged_floors":[],"is_endless":false,"potions_floor_spawned":[1,11,16,18,30],"ascension_level":0}}