{"host":"3srbdas3e7jgqz5l","time":1608382154,"event":{"mods":["BaseMod","Downfall","Minty Spire (QoL Compilation)","StSLib"],"gold_per_floor":[99,119,44,69,69,86,86,119,138,138,152,170,4,16,30,125,125,125,142,142,154,185,185,185,204,204,229,244,254,254,254],"floor_reached":30,"playtime":1850,"items_purged":[],"score":298,"play_id":"ee167f23-40e9-40f5-93aa-0285fb1eb696","local_time":"20201219124914","is_ascension_mode":true,"campfire_choices":[{"floor":1.0,"key":"RECALL"},{"data":"Guardian:TwinSlam","floor":3.0,"key":"SMITH"},{"data":"Guardian:MultiBeam","floor":10.0,"key":"SMITH"},{"data":"Guardian:Preprogram","floor":18.0,"key":"SMITH"},{"floor":26,"key":"REST"}],"circlet_count":0,"master_deck":["Guardian:Strike_Guardian","Guardian:Strike_Guardian","Guardian:Strike_Guardian","Guardian:Strike_Guardian","Guardian:Defend_Guardian","Guardian:Defend_Guardian","Guardian:Defend_Guardian","Guardian:Defend_Guardian","Guardian:CurlUp","Guardian:TwinSlam+1","Guardian:GemFire","Guardian:Clone","Guardian:MultiBeam+1","Guardian:PrimingBeam","Guardian:Preprogram+1","Guardian:AncientConstruct","Guardian:FierceBash","Guardian:Suspension","Guardian:Recover","Guardian:BaubleBeam","Guardian:ShieldCharger","Guardian:FastForward","Guardian:Gem_Green"],"relics":["Guardian:ModeShifter","downfall:HeartBlessingRed","Blue Candle","Question Card","Strawberry","ClockworkSouvenir","Sozu","Bag of Marbles","GremlinMask","Bird Faced Urn","Bronze Scales"],"acts_visited":["Exordium","TheCity"],"potions_floor_usage":[],"damage_taken":[{"damage":0.0,"enemies":"Small Slimes","floor":2.0,"turns":3.0},{"damage":27.0,"enemies":"Lagavulin","floor":4.0,"turns":9.0},{"damage":0.0,"enemies":"Cultist","floor":6.0,"turns":3.0},{"damage":24.0,"enemies":"Gremlin Nob","floor":8.0,"turns":5.0},{"damage":0.0,"enemies":"Jaw Worm","floor":9.0,"turns":3.0},{"damage":0.0,"enemies":"Exordium Wildlife","floor":11.0,"turns":1.0},{"damage":1.0,"enemies":"Blue Slaver","floor":12.0,"turns":2.0},{"damage":10.0,"enemies":"downfall:FleeingMerchant","floor":13.0,"turns":4.0},{"damage":5.0,"enemies":"Large Slime","floor":14.0,"turns":6.0},{"damage":1.0,"enemies":"3 Louse","floor":15.0,"turns":3.0},{"damage":8.0,"enemies":"downfall:Watcher","floor":16.0,"turns":11.0},{"damage":0.0,"enemies":"Spheric Guardian","floor":19.0,"turns":3.0},{"damage":19.0,"enemies":"Cultist and Chosen","floor":21.0,"turns":5.0},{"damage":30,"enemies":"Book of Stabbing","floor":22,"turns":6},{"damage":2,"enemies":"3 Cultists","floor":25,"turns":3},{"damage":31,"enemies":"Gremlin Leader","floor":27,"turns":7},{"damage":21,"enemies":"Snecko","floor":28,"turns":6},{"damage":10,"enemies":"Shelled Parasite and Fungi","floor":29,"turns":4},{"damage":8,"enemies":"Centurion and Healer","floor":30,"turns":1}],"seed_played":"-1971418749206605929","potions_obtained":[{"floor":5.0,"key":"PowerPotion"},{"floor":5.0,"key":"Ancient Potion"},{"floor":5.0,"key":"SpeedPotion"},{"floor":11.0,"key":"EntropicBrew"}],"is_trial":false,"path_per_floor":["R","M","R","E","?","M","T","E","M","R","M","M","$","M","M","B",null,"R","M","?","M","E","?","T","M","R","E","M","M","M"],"character_chosen":"GUARDIAN","items_purchased":["ClockworkSouvenir"],"campfire_rested":1,"item_purchase_floors":[13],"current_hp_per_floor":[80,80,80,53,53,53,53,36,36,36,36,35,25,20,19,11,87,87,87,87,68,38,38,38,36,62,33,14,6,0,0],"gold":254,"neow_bonus":"ONE_RANDOM_RARE_CARD","is_daily":false,"chose_seed":false,"campfire_upgraded":3,"win_rate":0.0,"timestamp":1608382154,"path_taken":["R","M","R","E","?","M","T","E","M","R","M","M","?","M","M","BOSS","R","M","?","M","E","?","T","M","R","E","M","M","M"],"items_purchased_type":["Relic"],"build_version":"2020-12-13","purchased_purges":0,"victory":false,"max_hp_per_floor":[80,80,80,80,80,80,80,87,87,87,87,87,87,87,87,87,87,87,87,87,87,87,87,87,87,87,87,87,87,87,87],"card_choices":[{"not_picked":["Guardian:Reroute","Guardian:Suspension"],"picked":"Guardian:Clone","floor":2.0},{"not_picked":["Guardian:Emergency","Guardian:PiercingHide","Guardian:Suspension"],"picked":"SKIP","floor":4.0},{"not_picked":["Guardian:TimeBomb","Guardian:Incinerate"],"picked":"Guardian:MultiBeam","floor":6.0},{"not_picked":["Guardian:PiercingHide","Guardian:Recover","Guardian:TemporalShield"],"picked":"Guardian:Gem_Yellow","floor":8.0},{"not_picked":["Guardian:SentryBeam","Guardian:Suspension","Guardian:StasisStrike"],"picked":"Guardian:PrimingBeam","floor":9.0},{"not_picked":["Guardian:Gem_Fragmented","Guardian:Reroute","Guardian:Gem_White"],"picked":"Guardian:Preprogram","floor":11.0},{"not_picked":["Guardian:Gem_Lightblue","Guardian:Incinerate","Guardian:RollAttack"],"picked":"Guardian:Gem_Green","floor":12.0},{"not_picked":["Guardian:Gem_Lightblue","Guardian:PrismaticBeam","Guardian:ShieldCharger"],"picked":"Guardian:AncientConstruct","floor":13.0},{"not_picked":["Guardian:PrimingBeam","Guardian:PolyBeam","Guardian:VentSteam"],"picked":"Guardian:Gem_Red","floor":14.0},{"not_picked":["Guardian:TemporalShield","Guardian:ChargeCore","Guardian:Incinerate"],"picked":"Guardian:Gem_Green","floor":15.0},{"not_picked":["Guardian:StasisField","Guardian:RevengeProtocol","Guardian:AncientConstruct"],"picked":"Guardian:FierceBash","floor":16.0},{"not_picked":["Guardian:TemporalStrike","Guardian:RefractedBeam","Guardian:Gem_Cyan","Guardian:Gem_Yellow"],"picked":"SKIP","floor":19.0},{"not_picked":["Guardian:ShieldCharger","Guardian:Gem_Crimson","Guardian:Suspension+1"],"picked":"Guardian:Recover","floor":21.0},{"not_picked":["Guardian:Gem_Green","Guardian:PiercingHide","Guardian:SentryBeam"],"picked":"Guardian:BaubleBeam","floor":22},{"not_picked":["Guardian:Gem_Purple","Guardian:ChargeCore","Guardian:Gem_Green"],"picked":"Guardian:ShieldCharger","floor":25},{"not_picked":["Guardian:SentryBeam","Guardian:BronzeOrb+1","Guardian:Clone"],"picked":"Guardian:FastForward","floor":27},{"not_picked":["Guardian:TemporalStrike","Guardian:BronzeOrb","Guardian:Suspension+1","Guardian:PolyBeam+1"],"picked":"SKIP","floor":28},{"not_picked":["Guardian:SentryBeam+1","Guardian:Suspension+1","Guardian:Harden"],"picked":"Guardian:Gem_Green","floor":29}],"player_experience":464434,"relics_obtained":[{"floor":4.0,"key":"Blue Candle"},{"floor":7.0,"key":"Question Card"},{"floor":8.0,"key":"Strawberry"},{"floor":22,"key":"Bag of Marbles"},{"floor":24,"key":"Bird Faced Urn"},{"floor":27,"key":"Bronze Scales"}],"event_choices":[{"damage_healed":0.0,"max_hp_gain":0.0,"max_hp_loss":0.0,"gold_gain":0.0,"event_name":"Lab","player_choice":"Got Potions","floor":5.0,"gold_loss":0.0,"damage_taken":0.0},{"damage_healed":0.0,"max_hp_gain":0.0,"max_hp_loss":0.0,"gold_gain":0.0,"event_name":"The Library","player_choice":"Read","floor":20.0,"gold_loss":0.0,"damage_taken":0.0,"cards_obtained":["Guardian:Suspension"]},{"damage_healed":0,"gold_gain":0,"player_choice":"Trade","damage_taken":0,"relics_obtained":["GremlinMask"],"max_hp_gain":0,"max_hp_loss":0,"event_name":"FaceTrader","floor":23,"gold_loss":0}],"is_beta":false,"boss_relics":[{"not_picked":["Runic Pyramid","SlaversCollar"],"picked":"Sozu"}],"items_purged_floors":[],"is_endless":false,"potions_floor_spawned":[6,8,11,12,15,25,28,29],"killed_by":"Centurion and Healer","ascension_level":1}}