{"host":"szbnbddwah33j004","time":1608374036,"event":{"mods":["2.2 Compatiblity","AchievementEnabler","Act Like it!","BaseMod","BetterRewards","Colored Map","Colored Powertips","Conspire","Energized Spire","Hubris","Minty Spire (QoL Compilation)","Replay The Spire","Shop Mod","StSLib"],"gold_per_floor":[118,118,168,118,38,56,17,17,71,71,83,154,154,182,182,288,288,310,310,310,336,351,351,351],"floor_reached":23,"playtime":1530,"items_purged":[],"score":229,"play_id":"251e44dd-6d62-4321-884f-af4f94de5576","local_time":"20201219043356","is_ascension_mode":false,"campfire_choices":[{"data":"Eruption","floor":8,"key":"SMITH"},{"data":"Establishment","floor":13,"key":"SMITH"},{"data":"Perseverance","floor":15,"key":"SMITH"}],"circlet_count":0,"master_deck":["conspire:GhostlyStrike","conspire:GhostlyStrike","conspire:GhostlyStrike","conspire:GhostlyStrike","conspire:GhostlyDefend","conspire:GhostlyDefend+1","conspire:GhostlyDefend","conspire:GhostlyDefend","Eruption+1","Vigilance","FollowUp","BattleHymn","BattleHymn","Indignation","Establishment+1","Clumsy","Perseverance+1","Replay:Anticipation","Spreading Infection","ConjureBlade","Replay:ManipulateFuture","FollowUp","Halt+1"],"relics":["HolyWater","NeowsBlessing","Ring of Greed","ReplayTheSpireMod:Ring of Addiction","SacredBark","White Beast Statue","Replay:Wax Seal","Replay:Bandana","Happy Flower","Toy Ornithopter","hubris:Icosahedron"],"acts_visited":["Exordium","TheCity"],"potions_floor_usage":[12,14,16,16,16,18,21,22],"damage_taken":[{"damage":0,"enemies":"Small Slimes","floor":1,"turns":1},{"damage":0,"enemies":"Jaw Worm","floor":6,"turns":1},{"damage":2,"enemies":"conspire:RoseBush","floor":11,"turns":1},{"damage":40,"enemies":"Lagavulin Event","floor":12,"turns":4},{"damage":4,"enemies":"Blue Slaver","floor":14,"turns":3},{"damage":24,"enemies":"Fading Forest","floor":16,"turns":11},{"damage":12,"enemies":"conspire:FuzzyDice","floor":18,"turns":5},{"damage":8,"enemies":"3 Byrds","floor":21,"turns":3},{"damage":62,"enemies":"Snake Plant","floor":22,"turns":6},{"damage":3,"enemies":"Gremlin Leader","floor":23,"turns":1}],"seed_played":"-5005604705163545731","potions_obtained":[{"floor":3,"key":"Fire Potion"},{"floor":3,"key":"ColorlessPotion"},{"floor":3,"key":"Block Potion"},{"floor":12,"key":"Fire Potion"},{"floor":14,"key":"Toxic Potion"},{"floor":16,"key":"AttackPotion"},{"floor":18,"key":"LiquidBronze"},{"floor":21,"key":"BottledMiracle"},{"floor":22,"key":"SteroidPotion"}],"is_trial":false,"path_per_floor":["M","?","?","?","$","M","$","R","T","?","M","?","R","M","R","B",null,"M","?","?","M","M","E"],"character_chosen":"WATCHER","items_purchased":["BattleHymn","Indignation"],"campfire_rested":0,"item_purchase_floors":[5,7],"current_hp_per_floor":[72,72,72,72,72,72,70,70,70,68,66,28,28,29,29,36,68,61,61,61,58,1,0,0],"gold":351,"neow_bonus":"THREE_ENEMY_KILL","is_daily":false,"chose_seed":false,"campfire_upgraded":3,"win_rate":0.0,"timestamp":1608374036,"path_taken":["M","?","?","?","$","M","?","R","T","?","M","?","R","M","R","BOSS","M","?","?","M","M","E"],"items_purchased_type":["Card","Card"],"build_version":"2020-12-13","purchased_purges":0,"victory":false,"max_hp_per_floor":[72,72,72,72,72,72,70,70,70,68,68,68,68,68,68,68,68,68,68,68,68,68,68,68],"card_choices":[{"not_picked":["EmptyBody","JustLucky"],"picked":"FollowUp","floor":1},{"not_picked":["Evaluate","Consecrate"],"picked":"BattleHymn","floor":6},{"not_picked":["Consecrate","FlyingSleeves"],"picked":"Establishment","floor":11},{"not_picked":["PathToVictory","FollowUp"],"picked":"Perseverance","floor":12},{"not_picked":["JustLucky","SashWhip"],"picked":"Replay:Anticipation","floor":14},{"not_picked":["Scrawl","Replay:AllIn"],"picked":"ConjureBlade","floor":16},{"not_picked":["EmptyBody","WindmillStrike"],"picked":"Replay:ManipulateFuture","floor":18},{"not_picked":["JustLucky","FlyingSleeves"],"picked":"FollowUp","floor":21},{"not_picked":["EmptyFist","FlurryOfBlows"],"picked":"Halt+1","floor":22}],"player_experience":72474,"relics_obtained":[{"floor":3,"key":"Ring of Greed"},{"floor":3,"key":"ReplayTheSpireMod:Ring of Addiction"},{"floor":3,"key":"SacredBark"},{"floor":3,"key":"White Beast Statue"},{"floor":3,"key":"Replay:Wax Seal"},{"floor":3,"key":"Replay:Bandana"},{"floor":9,"key":"Happy Flower"}],"event_choices":[{"cards_removed":["Normality"],"damage_healed":0,"gold_gain":0,"player_choice":"Card Removal","damage_taken":0,"max_hp_gain":0,"max_hp_loss":0,"event_name":"The Cleric","floor":4,"gold_loss":50},{"damage_healed":0,"gold_gain":0,"player_choice":"Agree","damage_taken":0,"max_hp_gain":0,"max_hp_loss":0,"event_name":"conspire:LoneGhost","floor":10,"gold_loss":0},{"damage_healed":0,"gold_gain":0,"player_choice":"Searched \u00272\u0027 times","damage_taken":0,"relics_obtained":["Toy Ornithopter"],"max_hp_gain":0,"max_hp_loss":0,"event_name":"Dead Adventurer","floor":12,"gold_loss":0}],"is_beta":false,"boss_relics":[{"not_picked":["Replay:Bronze Core","hubris:HollowSoul"],"picked":"HolyWater"}],"items_purged_floors":[],"is_endless":false,"potions_floor_spawned":[6,11,12,14,16,18,21,22],"killed_by":"Gremlin Leader","ascension_level":0}}