{"host":"jrmqsbok61y7b34d","time":1608383926,"event":{"mods":["BaseMod","Colored Map","Colored Powertips","Emptier Cage","Minty Spire (QoL Compilation)","Permanent Neow","Quick Restart","Relic Stats","StSLib","Unceasing Turn Reminder"],"gold_per_floor":[111,125,26,26,26,66,82,82,82,94,106,151,163,195,207,340,352,387,422,434,426,452,464,517,529,613,650,662,674,686,14,14,117,117,130,130,148,248,260,289,289,305,305,316,16,27,27,0,0,0,0,0,0,0,0],"floor_reached":54,"playtime":12056,"items_purged":["Strike_B","Injury"],"score":1228,"play_id":"b476f6e0-88ce-4edc-8dde-f4e03cd91a78","local_time":"20201219131846","is_ascension_mode":true,"campfire_choices":[{"data":"Defragment","floor":8,"key":"SMITH"},{"data":"Fusion","floor":10,"key":"SMITH"},{"data":"Coolheaded","floor":13,"key":"SMITH"},{"data":"Zap","floor":15,"key":"SMITH"},{"floor":23,"key":"REST"},{"data":"Barrage","floor":30,"key":"SMITH"},{"data":"Defragment","floor":32,"key":"SMITH"},{"data":"Fission","floor":41,"key":"SMITH"},{"data":"Consume","floor":47,"key":"SMITH"},{"floor":49,"key":"RECALL"},{"data":"Dualcast","floor":52,"key":"SMITH"}],"circlet_count":0,"master_deck":["AscendersBane","Strike_B+1","Strike_B+1","Strike_B+1","Defend_B+1","Defend_B+1","Defend_B+1","Defend_B+1","Zap+1","Dualcast+1","Doom and Gloom","Fusion+1","Coolheaded+1","Gash","Defragment+1","Undo","Cold Snap","Electrodynamics","BootSequence","Coolheaded","RitualDagger","Barrage+1","Leap","Defragment+1","Defragment+1","Fission+1","Turbo+1","Coolheaded+1","Blizzard+1","Ball Lightning+1","Consume+1"],"relics":["FrozenCore","NeowsBlessing","Bloody Idol","Ornamental Fan","MawBank","CaptainsWheel","Mercury Hourglass","Inserter","Bird Faced Urn","Shuriken","Molten Egg 2","MutagenicStrength","DollysMirror","Kunai","Art of War","Mango","Red Mask"],"acts_visited":["Exordium","TheCity","TheBeyond","TheEnding"],"potions_floor_usage":[12,16,16,24,27,31,42,44],"damage_taken":[{"damage":0,"enemies":"2 Louse","floor":1,"turns":1},{"damage":0,"enemies":"Jaw Worm","floor":2,"turns":1},{"damage":0,"enemies":"Gremlin Nob","floor":6,"turns":1},{"damage":0,"enemies":"Cultist","floor":7,"turns":4},{"damage":20,"enemies":"3 Sentries","floor":12,"turns":7},{"damage":0,"enemies":"Exordium Wildlife","floor":14,"turns":3},{"damage":45,"enemies":"Hexaghost","floor":16,"turns":11},{"damage":2,"enemies":"Chosen","floor":18,"turns":4},{"damage":0,"enemies":"Shell Parasite","floor":19,"turns":7},{"damage":11,"enemies":"Snake Plant","floor":22,"turns":6},{"damage":30,"enemies":"Gremlin Leader","floor":24,"turns":5},{"damage":14,"enemies":"Slavers","floor":27,"turns":5},{"damage":18,"enemies":"Champ","floor":33,"turns":12},{"damage":11,"enemies":"3 Darklings","floor":35,"turns":5},{"damage":1,"enemies":"Orb Walker","floor":37,"turns":5},{"damage":13,"enemies":"Writhing Mass","floor":39,"turns":9},{"damage":0,"enemies":"Giant Head","floor":40,"turns":12},{"damage":19,"enemies":"Spire Growth","floor":42,"turns":7},{"damage":0,"enemies":"4 Shapes","floor":44,"turns":3},{"damage":3,"enemies":"Maw","floor":46,"turns":7},{"damage":46,"enemies":"Time Eater","floor":50,"turns":14},{"damage":92,"enemies":"Shield and Spear","floor":54,"turns":6}],"seed_played":"7496618800564982084","potions_obtained":[{"floor":2,"key":"Block Potion"},{"floor":7,"key":"EssenceOfSteel"},{"floor":12,"key":"Block Potion"},{"floor":14,"key":"SkillPotion"},{"floor":18,"key":"PotionOfCapacity"},{"floor":19,"key":"Fire Potion"},{"floor":21,"key":"PowerPotion"},{"floor":33,"key":"Regen Potion"},{"floor":35,"key":"Explosive Potion"},{"floor":44,"key":"SneckoOil"},{"floor":46,"key":"FearPotion"}],"is_trial":false,"path_per_floor":["M","M","$","?","$","E","M","R","T","R","T","E","R","M","R","B",null,"M","M","?","?","M","R","E","?","T","E","?","?","R","$","R","B",null,"M","?","M","?","M","E","R","M","T","M","$","M","R","?","R","B",null,"R","$","E"],"character_chosen":"DEFECT","items_purchased":["Coolheaded","Defragment","DollysMirror","Kunai","Fruit Juice","Mango"],"campfire_rested":1,"item_purchase_floors":[3,31,31,31,31,45],"current_hp_per_floor":[68,68,68,68,68,68,68,68,68,68,68,48,48,48,48,3,57,55,55,49,49,38,60,30,30,40,40,45,50,55,65,65,60,75,77,76,76,76,76,76,76,71,71,76,90,90,90,90,90,47,79,79,79,0,0],"gold":0,"neow_bonus":"THREE_ENEMY_KILL","is_daily":false,"chose_seed":false,"campfire_upgraded":9,"win_rate":0.0,"timestamp":1608383926,"path_taken":["M","M","$","?","$","E","M","R","T","R","?","E","R","M","R","BOSS","M","M","?","?","?","R","E","?","T","E","?","?","R","$","R","BOSS","M","?","M","?","M","E","R","M","T","M","$","?","R","?","R","BOSS","R","$","E"],"items_purchased_type":["Card","Card","Relic","Relic","Potion","Relic"],"build_version":"2020-12-13","purchased_purges":2,"victory":false,"max_hp_per_floor":[75,75,75,75,75,75,75,75,75,75,75,75,75,75,75,75,75,75,75,75,75,75,75,75,75,75,75,75,75,75,80,80,80,80,80,76,76,76,76,76,76,76,76,76,90,90,90,90,90,90,90,90,90,90,90],"relic_stats":{"Inserter":[53],"counters":[22,135],"Ornamental Fan":[64],"Shuriken":[12],"Bloody Idol":66,"Bird Faced Urn":[42],"Art of War":[10],"Kunai":[11],"MawBank":264,"obtain_stats":[{"Inserter":17,"NeowsBlessing":0,"Golden Idol":4,"Mango":45,"MawBank":9,"Mercury Hourglass":12,"FrozenCore":34,"CaptainsWheel":11,"Ornamental Fan":6,"Shuriken":26,"DollysMirror":31,"Bird Faced Urn":24,"Bloody Idol":25,"MutagenicStrength":29,"Molten Egg 2":27,"Art of War":40,"Red Mask":48,"Kunai":31,"Cracked Core":0},{"Inserter":7,"NeowsBlessing":0,"Golden Idol":2,"Mango":19,"MawBank":4,"Mercury Hourglass":5,"FrozenCore":13,"CaptainsWheel":4,"Ornamental Fan":3,"Shuriken":11,"DollysMirror":12,"Bird Faced Urn":11,"Bloody Idol":11,"MutagenicStrength":12,"Molten Egg 2":12,"Art of War":17,"Red Mask":20,"Kunai":12,"Cracked Core":0},{"Inserter":28,"NeowsBlessing":0,"Golden Idol":2,"Mango":108,"MawBank":7,"Mercury Hourglass":14,"FrozenCore":67,"CaptainsWheel":7,"Ornamental Fan":3,"Shuriken":50,"DollysMirror":55,"Bird Faced Urn":50,"Bloody Idol":50,"MutagenicStrength":55,"Molten Egg 2":55,"Art of War":98,"Red Mask":115,"Kunai":55,"Cracked Core":0}],"FrozenCore":[27],"Mercury Hourglass":[372]},"card_choices":[{"not_picked":["Redo","Capacitor"],"picked":"Doom and Gloom","floor":1},{"not_picked":["Scrape","BootSequence"],"picked":"Fusion","floor":2},{"not_picked":["Multi-Cast","Heatsinks"],"picked":"Gash","floor":6},{"not_picked":["Hologram","Streamline"],"picked":"Defragment","floor":7},{"not_picked":["Double Energy","Hyperbeam"],"picked":"Undo","floor":12},{"not_picked":["Conserve Battery","Beam Cell"],"picked":"Cold Snap","floor":14},{"not_picked":["Amplify","Echo Form"],"picked":"Electrodynamics","floor":16},{"not_picked":["Capacitor","Undo"],"picked":"BootSequence","floor":18},{"not_picked":["Beam Cell+1","Doom and Gloom"],"picked":"Coolheaded","floor":19},{"not_picked":["Loop","Hologram"],"picked":"Barrage","floor":22},{"not_picked":["Undo","Tempest"],"picked":"Leap","floor":24},{"not_picked":["Conserve Battery","Steam Power","Streamline+1"],"picked":"SKIP","floor":27},{"not_picked":["Core Surge+1","Thunder Strike+1"],"picked":"Fission","floor":33},{"not_picked":["Leap","Stack"],"picked":"Turbo+1","floor":35},{"not_picked":["Barrage+1","Reinforced Body+1"],"picked":"Coolheaded+1","floor":37},{"not_picked":["Reprogram","Rebound+1"],"picked":"Blizzard+1","floor":39},{"not_picked":["Storm","Scrape+1","Reinforced Body"],"picked":"SKIP","floor":40},{"not_picked":["Conserve Battery+1","Hologram","Gash+1"],"picked":"SKIP","floor":42},{"not_picked":["Turbo+1","Redo"],"picked":"Ball Lightning+1","floor":44},{"not_picked":["Force Field+1","Ball Lightning+1"],"picked":"Consume","floor":46}],"player_experience":947559,"relics_obtained":[{"floor":6,"key":"Ornamental Fan"},{"floor":9,"key":"MawBank"},{"floor":11,"key":"CaptainsWheel"},{"floor":12,"key":"Mercury Hourglass"},{"floor":24,"key":"Bird Faced Urn"},{"floor":26,"key":"Shuriken"},{"floor":27,"key":"Molten Egg 2"},{"floor":40,"key":"Art of War"}],"event_choices":[{"damage_healed":0,"gold_gain":0,"player_choice":"Take Wound","damage_taken":0,"relics_obtained":["Golden Idol"],"max_hp_gain":0,"max_hp_loss":0,"event_name":"Golden Idol","floor":4,"gold_loss":0,"cards_obtained":["Injury"]},{"damage_healed":0,"gold_gain":0,"player_choice":"Joined the Cult","damage_taken":6,"max_hp_gain":0,"max_hp_loss":0,"event_name":"Nest","floor":20,"gold_loss":0,"cards_obtained":["RitualDagger"]},{"damage_healed":0,"gold_gain":0,"player_choice":"Bought 1 Potion","damage_taken":0,"max_hp_gain":0,"max_hp_loss":0,"event_name":"The Woman in Blue","floor":21,"gold_loss":0},{"damage_healed":0,"gold_gain":0,"player_choice":"Gave Idol","damage_taken":0,"relics_obtained":["Bloody Idol"],"max_hp_gain":0,"max_hp_loss":0,"event_name":"Forgotten Altar","floor":25,"relics_lost":["Golden Idol"],"gold_loss":0},{"damage_healed":0,"gold_gain":0,"player_choice":"Simplicity","damage_taken":0,"max_hp_gain":0,"max_hp_loss":0,"event_name":"Back to Basics","floor":28,"gold_loss":0,"cards_upgraded":["Strike_B","Strike_B","Strike_B","Defend_B","Defend_B","Defend_B","Defend_B"]},{"damage_healed":0,"gold_gain":0,"player_choice":"Inject Mutagens","damage_taken":0,"relics_obtained":["MutagenicStrength"],"max_hp_gain":0,"max_hp_loss":0,"event_name":"Drug Dealer","floor":29,"gold_loss":0},{"damage_healed":0,"gold_gain":0,"player_choice":"Max HP","damage_taken":0,"max_hp_gain":0,"max_hp_loss":4,"event_name":"Winding Halls","floor":36,"gold_loss":0},{"damage_healed":0,"gold_gain":100,"player_choice":"Pray","damage_taken":0,"max_hp_gain":0,"max_hp_loss":0,"event_name":"Golden Shrine","floor":38,"gold_loss":0},{"damage_healed":0,"gold_gain":0,"player_choice":"Paid","damage_taken":0,"relics_obtained":["Red Mask"],"max_hp_gain":0,"max_hp_loss":0,"event_name":"Tomb of Lord Red Mask","floor":48,"gold_loss":27}],"is_beta":false,"boss_relics":[{"not_picked":["Sozu","SacredBark"],"picked":"Inserter"},{"not_picked":["Tiny House","Astrolabe"],"picked":"FrozenCore"}],"items_purged_floors":[3,31],"is_endless":false,"potions_floor_spawned":[2,7,12,14,18,19,33,35,44,46],"killed_by":"Shield and Spear","ascension_level":12}}