{"host":"15dd7v8o90xso62x","time":1608405178,"event":{"mods":["BaseMod","Minty Spire (QoL Compilation)","Quick Restart","StSLib"],"gold_per_floor":[115,130,141,155,170,204,204,154,180,192,192,207,207,207,207],"floor_reached":14,"playtime":300,"items_purged":[],"score":119,"play_id":"1607ff11-a7be-49e0-9b5f-91b68e63cdc6","local_time":"20201220041258","is_ascension_mode":false,"campfire_choices":[{"data":"Eruption","floor":7.0,"key":"SMITH"}],"circlet_count":0,"master_deck":["Strike_P","Strike_P","Strike_P","Strike_P","Defend_P","Defend_P","Defend_P","Eruption+1","Vigilance","Ragnarok","EmptyFist","CrushJoints","Conclude"],"relics":["PureWater","Regal Pillow","Boot","Golden Idol","Happy Flower"],"acts_visited":["Exordium"],"potions_floor_usage":[14],"damage_taken":[{"damage":0.0,"enemies":"Jaw Worm","floor":1.0,"turns":2.0},{"damage":0.0,"enemies":"2 Louse","floor":2.0,"turns":1.0},{"damage":0.0,"enemies":"Cultist","floor":3.0,"turns":2.0},{"damage":16.0,"enemies":"Gremlin Gang","floor":4.0,"turns":6.0},{"damage":2.0,"enemies":"3 Louse","floor":5.0,"turns":3.0},{"damage":0.0,"enemies":"Gremlin Nob","floor":6.0,"turns":2.0},{"damage":11.0,"enemies":"Large Slime","floor":10.0,"turns":4.0},{"damage":0.0,"enemies":"Exordium Thugs","floor":12.0,"turns":2.0},{"damage":0,"enemies":"3 Sentries","floor":14,"turns":2}],"seed_played":"7672608128897379656","potions_obtained":[{"floor":4.0,"key":"PowerPotion"},{"floor":6.0,"key":"FearPotion"},{"floor":12.0,"key":"LiquidBronze"}],"is_trial":false,"path_per_floor":["M","M","M","M","M","E","R","?","T","M","?","M","?","E"],"character_chosen":"WATCHER","items_purchased":[],"campfire_rested":0,"item_purchase_floors":[],"current_hp_per_floor":[51,51,51,35,33,33,33,33,33,22,4,4,4,4,4],"gold":207,"neow_bonus":"THREE_RARE_CARDS","is_daily":false,"chose_seed":false,"campfire_upgraded":1,"win_rate":0.0,"timestamp":1608405178,"path_taken":["M","M","M","M","M","E","R","?","T","M","?","M","?","E"],"items_purchased_type":[],"build_version":"2020-12-13","purchased_purges":0,"victory":false,"max_hp_per_floor":[72,72,72,72,72,72,72,72,72,72,72,72,72,72,72],"card_choices":[{"not_picked":["Alpha","MasterReality"],"picked":"Ragnarok","floor":0.0},{"not_picked":["FlyingSleeves","BowlingBash"],"picked":"EmptyFist","floor":1.0},{"not_picked":["FollowUp","Crescendo"],"picked":"CrushJoints","floor":2.0},{"not_picked":["BowlingBash","EmptyMind","Weave"],"picked":"SKIP","floor":3.0},{"not_picked":["Consecrate","CrushJoints","JustLucky"],"picked":"SKIP","floor":4.0},{"not_picked":["DeceiveReality","FollowUp","Nirvana"],"picked":"SKIP","floor":5.0},{"not_picked":["PathToVictory","FlurryOfBlows","Halt"],"picked":"SKIP","floor":6.0},{"not_picked":["Nirvana","EmptyBody","BowlingBash"],"picked":"SKIP","floor":10.0},{"not_picked":["SpiritShield","BowlingBash"],"picked":"Conclude","floor":12.0}],"player_experience":928229,"relics_obtained":[{"floor":6.0,"key":"Regal Pillow"},{"floor":9.0,"key":"Boot"}],"event_choices":[{"cards_removed":["Defend_P"],"damage_healed":0.0,"max_hp_gain":0.0,"max_hp_loss":0.0,"gold_gain":0.0,"event_name":"The Cleric","player_choice":"Card Removal","floor":8.0,"gold_loss":50.0,"damage_taken":0.0},{"damage_healed":0.0,"max_hp_gain":0.0,"max_hp_loss":0.0,"gold_gain":0.0,"event_name":"Golden Idol","player_choice":"Take Damage","floor":11.0,"gold_loss":0.0,"damage_taken":18.0,"relics_obtained":["Golden Idol"]},{"damage_healed":0.0,"max_hp_gain":0.0,"max_hp_loss":0.0,"gold_gain":0.0,"event_name":"Dead Adventurer","player_choice":"Searched \u00271\u0027 times","floor":13.0,"gold_loss":0.0,"damage_taken":0.0,"relics_obtained":["Happy Flower"]}],"is_beta":false,"boss_relics":[],"items_purged_floors":[],"is_endless":false,"potions_floor_spawned":[4,6,12],"killed_by":"3 Sentries","ascension_level":0}}