{"host":"lhctfk12b9nlyebx","time":1608338568,"event":{"mods":["BaseMod","Card Forge","Colored Map","Infinite Spire","Minty Spire (QoL Compilation)","Relic Filter","Replay The Spire","StSLib","vexMod"],"gold_per_floor":[114,114,128,56,56,56,84,98,98,122,147,63,63,94,104,104,119,119,223,223,223,223,223,327,327,337,287,300,314,333,108,108,123,123,135,182,182,195,195,225,242,257,292,292,388,388,405,423,443,458,458,458,458,458,506,552,552,552,567,579,579,579],"floor_reached":61,"playtime":2371,"items_purged":["Strike_G+1"],"score":1055,"play_id":"c9c9c032-f9e6-4a95-9509-d951cfe2fe96","local_time":"20201219004248","is_ascension_mode":false,"campfire_choices":[{"floor":13,"key":"REST"},{"floor":16,"key":"REST"},{"floor":18,"key":"REST"},{"floor":23,"key":"REST"},{"floor":32,"key":"REST"},{"floor":34,"key":"REST"},{"floor":44,"key":"REST"},{"floor":52,"key":"REST"},{"floor":58,"key":"REST"}],"circlet_count":0,"master_deck":["Strike_G+1","Strike_G+1","Strike_G+1","Defend_G+1","Survivor+1","Neutralize+1","Replay:Poison Smokescreen+1","Riddle With Holes+1","Deadly Poison+1","Backstab+1","Deadly Poison+1","Trip+1","Bouncing Flask+1","Draining Mist+1","Outmaneuver+1","Dagger Spray+1","Poisoned Stab+1","Venomology+1","Catalyst+1","Crippling Poison+1","Poisoned Stab"],"relics":["Iron Core","Hammer of Thor","Seething Fire","Anvil of the Gods","Philosopher\u0027s Stone","Kintsugi","infinitespire:BottledMercury","infinitespire:Cubic Diamond","Grinning Jar","Lantern","Oddly Smooth Stone","vexMod:BigBerry","Calling Bell","Art of War","Toxic Egg 2","Torii","Toolbox","Omamori","Ornamental Fan","Dream Catcher","vexMod:FocusSash","SacredBark","Replay:Bottled Flurry","Boot","Mango","infinitespire:Satchel"],"acts_visited":["Exordium","TheCity","TheBeyond"],"potions_floor_usage":[24,24,24,40,40,40,40,43,45,45,47,49,49,49,50,56,60,61,61,61],"damage_taken":[{"damage":7,"enemies":"Jaw Worm","floor":1,"turns":3},{"damage":0,"enemies":"2 Louse","floor":3,"turns":2},{"damage":16,"enemies":"Replay:BlueRogue","floor":7,"turns":4},{"damage":0,"enemies":"Small Slimes","floor":8,"turns":1},{"damage":0,"enemies":"Gremlin Nob","floor":14,"turns":2},{"damage":0,"enemies":"Blue Slaver","floor":15,"turns":2},{"damage":0,"enemies":"Exordium Thugs","floor":17,"turns":3},{"damage":38,"enemies":"Hexaghost","floor":19,"turns":6},{"damage":34,"enemies":"Hexaghost","floor":24,"turns":5},{"damage":13,"enemies":"Shell Parasite","floor":26,"turns":4},{"damage":0,"enemies":"Chosen","floor":28,"turns":4},{"damage":23,"enemies":"3 Cultists","floor":29,"turns":4},{"damage":28,"enemies":"Sentry and Sphere","floor":30,"turns":4},{"damage":7,"enemies":"Snecko","floor":33,"turns":4},{"damage":6,"enemies":"Snake Plant","floor":35,"turns":3},{"damage":1,"enemies":"3 Cultists","floor":38,"turns":3},{"damage":27,"enemies":"Nightmare","floor":40,"turns":7},{"damage":7,"enemies":"Cultist and Chosen","floor":41,"turns":4},{"damage":13,"enemies":"Centurion and Healer","floor":42,"turns":3},{"damage":14,"enemies":"Gremlin Leader","floor":43,"turns":4},{"damage":44,"enemies":"Automaton","floor":45,"turns":8},{"damage":15,"enemies":"3 Shapes","floor":47,"turns":4},{"damage":24,"enemies":"3 Darklings","floor":48,"turns":3},{"damage":19,"enemies":"4 Shapes","floor":49,"turns":5},{"damage":22,"enemies":"Sphere and 2 Shapes","floor":50,"turns":3},{"damage":57,"enemies":"2 Orb Walkers","floor":56,"turns":3},{"damage":21,"enemies":"Transient","floor":59,"turns":5},{"damage":49,"enemies":"Jaw Worm Horde","floor":60,"turns":4},{"damage":18,"enemies":"Spire Growth","floor":61,"turns":2}],"seed_played":"-7017070070638140102","potions_obtained":[{"floor":7,"key":"PowerPotion"},{"floor":8,"key":"Fire Potion"},{"floor":14,"key":"Reflective Coating"},{"floor":29,"key":"Swift Potion"},{"floor":33,"key":"EntropicBrew"},{"floor":38,"key":"Swift Potion"},{"floor":41,"key":"FearPotion"},{"floor":42,"key":"LifebloodPotion"},{"floor":43,"key":"SkillPotion"},{"floor":48,"key":"EssenceOfSteel"},{"floor":56,"key":"DuplicationPotion"},{"floor":59,"key":"BlessingOfTheForge"}],"is_trial":false,"path_per_floor":["M","?","M","$","?","$","E","M","?","T","T","$","R","E","M","R","M","R","B",null,"PTL","PTL","R","B",null,"M","?","M","M","M","$","R","M","R","M","T","T","M","?","NM","M","M","E","R","B",null,"M","M","M","M","?","R","?","T","T","?","T","R","M","M","M"],"character_chosen":"THE_SILENT","items_purchased":["Riddle With Holes","Trip","Toolbox"],"campfire_rested":9,"item_purchase_floors":[4,12,31],"current_hp_per_floor":[63,63,63,63,63,63,47,47,47,47,47,47,68,68,68,70,70,70,32,62,62,62,92,58,100,87,87,87,64,36,36,66,59,89,83,83,83,82,82,55,48,35,21,51,7,100,85,61,42,20,87,87,87,87,87,44,44,74,53,4,0,0],"gold":579,"neow_bonus":"DOUBLE_BOSS_RELIC","is_daily":false,"chose_seed":false,"campfire_upgraded":0,"win_rate":0.0,"timestamp":1608338568,"path_taken":["M","?","M","$","?","?","E","M","?","T","T","$","R","E","M","R","M","R","BOSS","PTL","PTL","R","BOSS","M","?","M","M","?","$","R","M","R","M","T","T","M","?","NM","M","M","E","R","BOSS","M","M","?","M","?","R","?","?","T","?","?","R","M","M","M"],"items_purchased_type":["Card","Card","Relic"],"build_version":"2020-12-13","purchased_purges":1,"victory":false,"max_hp_per_floor":[70,70,70,70,70,70,70,70,70,70,70,70,70,70,70,70,70,70,70,100,100,100,100,100,100,100,100,100,100,100,100,100,100,100,100,100,100,100,100,100,100,100,100,100,100,100,100,100,100,100,87,87,87,87,87,101,101,101,101,101,101,101],"card_choices":[{"not_picked":["Dash","Quick Slash"],"picked":"Replay:Poison Smokescreen","floor":1},{"not_picked":["Hidden Blade","Sucker Punch"],"picked":"Deadly Poison","floor":3},{"not_picked":["Flying Knee","Skewer"],"picked":"Backstab","floor":7},{"not_picked":["Deflect","Slice"],"picked":"Deadly Poison","floor":8},{"not_picked":["WeaponsOverheat","Recycle","Hidden Blade"],"picked":"SKIP","floor":14},{"not_picked":["Acrobatics","Quick Slash","Setup"],"picked":"SKIP","floor":15},{"not_picked":["Tools of the Trade","Slice","Headbutt"],"picked":"SKIP","floor":17},{"not_picked":["Underhanded Strike","Sucker Punch","Slice+1"],"picked":"SKIP","floor":26},{"not_picked":["Caltrops+1","Prepared+1","Cloak And Dagger+1"],"picked":"SKIP","floor":28},{"not_picked":["Replay:Poison Smokescreen+1","Dagger Throw"],"picked":"Bouncing Flask+1","floor":29},{"not_picked":["Hidden Blade+1","Escape Plan+1"],"picked":"Draining Mist+1","floor":30},{"not_picked":["Hidden Blade+1","Underhanded Strike"],"picked":"Outmaneuver+1","floor":33},{"not_picked":["Predator","ReplayTheSpireMod:Shiv Toss+1","Hidden Blade+1"],"picked":"SKIP","floor":35},{"not_picked":["Glass Knife","Deflect+1"],"picked":"Dagger Spray","floor":38},{"not_picked":["Flying Knee","Hidden Blade+1"],"picked":"Poisoned Stab+1","floor":40},{"not_picked":["Dagger Spray","Cloak And Dagger+1"],"picked":"Toxin Wave+1","floor":41},{"not_picked":["PiercingWail+1","Quick Slash","Finisher+1"],"picked":"SKIP","floor":42},{"not_picked":["Bane","Acrobatics+1","All Out Attack"],"picked":"SKIP","floor":43},{"not_picked":["Die Die Die","Unload"],"picked":"Venomology+1","floor":45},{"not_picked":["Slice+1","Bane","Dagger Throw+1"],"picked":"SKIP","floor":47},{"not_picked":["Deflect+1","Underhanded Strike","Flying Knee"],"picked":"SKIP","floor":48},{"not_picked":["Prepared+1","Sucker Punch+1","Sneak Up+1"],"picked":"SKIP","floor":49},{"not_picked":["Hidden Blade+1","Die Die Die","Flying Knee"],"picked":"SKIP","floor":50},{"not_picked":["Hidden Blade+1","All Out Attack"],"picked":"Catalyst+1","floor":56},{"not_picked":["Hidden Blade+1","Prepared+1"],"picked":"Crippling Poison+1","floor":58},{"not_picked":["Backflip+1","Fluid Movement+1"],"picked":"Poisoned Stab","floor":59},{"not_picked":["Deadly Poison+1","Reflex+1","Cloak And Dagger+1"],"picked":"SKIP","floor":60}],"player_experience":180891,"relics_obtained":[{"floor":7,"key":"infinitespire:BottledMercury"},{"floor":10,"key":"Grinning Jar"},{"floor":11,"key":"Lantern"},{"floor":14,"key":"Oddly Smooth Stone"},{"floor":25,"key":"Art of War"},{"floor":25,"key":"Toxic Egg 2"},{"floor":25,"key":"Torii"},{"floor":36,"key":"Omamori"},{"floor":37,"key":"Ornamental Fan"},{"floor":40,"key":"Dream Catcher"},{"floor":43,"key":"vexMod:FocusSash"},{"floor":54,"key":"Replay:Bottled Flurry"},{"floor":55,"key":"Boot"},{"floor":56,"key":"Mango"},{"floor":57,"key":"infinitespire:Satchel"}],"event_choices":[{"damage_healed":0,"gold_gain":0,"player_choice":"Ignored","damage_taken":0,"max_hp_gain":0,"max_hp_loss":0,"event_name":"Shining Light","floor":2,"gold_loss":0},{"damage_healed":0,"gold_gain":0,"player_choice":"Bet on Murderer","damage_taken":0,"max_hp_gain":0,"max_hp_loss":0,"event_name":"The Joust","floor":27,"gold_loss":50},{"damage_healed":0,"gold_gain":0,"player_choice":"Bought 0 Potions","damage_taken":0,"max_hp_gain":0,"max_hp_loss":0,"event_name":"The Woman in Blue","floor":39,"gold_loss":0},{"damage_healed":87,"gold_gain":0,"player_choice":"Heal","damage_taken":0,"max_hp_gain":0,"max_hp_loss":13,"event_name":"The Moai Head","floor":51,"gold_loss":0},{"cards_removed":["Toxin Wave"],"damage_healed":0,"gold_gain":0,"player_choice":"Removed Skill","damage_taken":0,"max_hp_gain":0,"max_hp_loss":0,"event_name":"Falling","floor":53,"gold_loss":0},{"damage_healed":0,"gold_gain":0,"player_choice":"Fight","damage_taken":0,"max_hp_gain":0,"max_hp_loss":0,"event_name":"Mysterious Sphere","floor":56,"gold_loss":0}],"is_beta":false,"boss_relics":[{"not_picked":["Honey Jar","Replay:Drink Me"],"picked":"vexMod:BigBerry"},{"not_picked":["vexMod:RockOfEvil","Ectoplasm"],"picked":"Calling Bell"},{"not_picked":["HoveringKite","Ring of Chaos"],"picked":"SacredBark"}],"items_purged_floors":[31],"is_endless":true,"potions_floor_spawned":[7,8,14,15,29,33,38,41,42,43,48,49,56,59],"killed_by":"Spire Growth","ascension_level":0}}