{"host":"3ag28rj20kycqn2b","time":1608414334,"event":{"mods":["BaseMod","BetterRewards","Colored Map","Colored Powertips","Conspire","Downfall","Googly Eyes","Hermit","Highlight Path","Jorbs\u0027s Wanderer Trilogy","Marisa????????","Minty Spire (QoL Compilation)","Rare Cards Sparkle","Relic Sorter","Replay The Spire","Shop Mod","StSLib","The Construct","The Cursed","The Necromancer","The Runesmith","The Servant 0.9.4","TheSwordswoman"],"gold_per_floor":[117,192,139,190,190,190,21,21,21,21,21,21,49,78,78,180,280,295,314,314,314,34,34,34],"floor_reached":23,"playtime":1420,"items_purged":["construct:SuppressiveFire"],"score":231,"play_id":"da2e3229-9c1a-44d8-bbaf-bafb085667d4","local_time":"20201219164534","daily_mods":["Draft","Heirloom","Time Dilation","Flight","downfall:Jewelcrafting","downfall:Lament","Elite Swarm"],"is_ascension_mode":false,"campfire_choices":[{"data":"Guardian:ExploitGems","floor":6,"key":"SMITH"},{"data":"construct:Autoturret","floor":8,"key":"SMITH"},{"data":"construct:Autoturret","floor":10,"key":"SMITH"},{"data":"construct:Autoturret+1","floor":11,"key":"SMITH"},{"data":"construct:Autoturret+1","floor":12,"key":"SMITH"},{"data":"construct:Autoturret+1","floor":15,"key":"SMITH"}],"circlet_count":0,"master_deck":["Guardian:ExploitGems+1","Guardian:ExploitGems+1","construct:ClusterMines","construct:Analyze","construct:Forcefield","construct:Autoturret+2","construct:ForceCore","construct:ShiftStrike","construct:CriticalHit","construct:ModeShift","construct:SyphonStrike","construct:Autoturret+2","construct:Autoturret","construct:Autoturret+2","construct:PointDefense","construct:SaveState","construct:SyphonStrike","construct:Analyze","construct:Analyze","construct:Missile","construct:SiegeForm","construct:Hazardproof","construct:HammerDown","construct:LaserCore","construct:GuardCore","Apotheosis"],"relics":["construct:ClockworkPhoenix","replay:Trail_Library","Guardian:PickAxe","NeowsBlessing","CaptainsWheel","Membership Card","construct:RocketBooster","Meat on the Bone","Odd Mushroom","Replay:Wanted Poster","Enchiridion","Blood Vial","Singing Bowl"],"acts_visited":["Exordium","TheCity"],"potions_floor_usage":[16,16,18,23],"damage_taken":[{"damage":2,"enemies":"conspire:RoseBush","floor":1,"turns":1},{"damage":0,"enemies":"Gremlin Nob","floor":13,"turns":1},{"damage":0,"enemies":"The Mushroom Lair","floor":14,"turns":1},{"damage":10,"enemies":"Slime Boss","floor":16,"turns":4},{"damage":26,"enemies":"Spheric Guardian","floor":18,"turns":5},{"damage":43,"enemies":"Shell Parasite","floor":19,"turns":5},{"damage":14,"enemies":"Slavers","floor":23,"turns":1}],"seed_played":"1246227178851697474","potions_obtained":[{"floor":13,"key":"Energy Potion"},{"floor":14,"key":"sneckomod:MuddlingPotion"},{"floor":16,"key":"Venom Potion"},{"floor":18,"key":"champ:CounterPotion"}],"is_trial":true,"path_per_floor":["M","?","$","?","?","R","$","R","T","R","R","R","E","?","R","B",null,"M","M","?","?","$","E"],"character_chosen":"THE_CONSTRUCT_MOD","items_purchased":["construct:Analyze","Membership Card","construct:Analyze","construct:GuardCore","Singing Bowl","Apotheosis"],"campfire_rested":0,"item_purchase_floors":[3,7,7,22,22,22],"current_hp_per_floor":[83,72,72,72,72,72,72,72,72,72,72,72,72,72,72,62,85,59,28,12,12,12,0,0],"gold":34,"neow_bonus":"","is_daily":false,"chose_seed":false,"campfire_upgraded":6,"win_rate":0.0,"timestamp":1608414334,"path_taken":["M","?","$","?","?","R","$","R","T","R","R","R","E","?","R","BOSS","M","M","?","?","$","E"],"items_purchased_type":["Card","Relic","Card","Card","Relic","Card"],"build_version":"2020-12-13","purchased_purges":1,"victory":false,"max_hp_per_floor":[85,85,85,85,85,85,85,85,85,85,85,85,85,85,85,85,85,85,85,85,85,85,85,85],"card_choices":[{"not_picked":["construct:Forcefield","construct:VentSteam"],"picked":"construct:ClusterMines","floor":0},{"not_picked":["construct:Reinforce","construct:SuppressiveFire"],"picked":"construct:Analyze","floor":0},{"not_picked":["construct:FierceBash","construct:FlakBarrage"],"picked":"construct:Forcefield","floor":0},{"not_picked":["construct:Synchronize","construct:ClusterMines"],"picked":"construct:Autoturret","floor":0},{"not_picked":["construct:QuickAttack","construct:ClusterMines"],"picked":"construct:ForceCore","floor":0},{"not_picked":["construct:SaveState","construct:Versatility"],"picked":"construct:ShiftStrike","floor":0},{"not_picked":["construct:FierceBash","construct:SuppressiveFire"],"picked":"construct:CriticalHit","floor":0},{"not_picked":["construct:ShiftStrike","construct:SweepLaser"],"picked":"construct:ModeShift","floor":0},{"not_picked":["construct:Dampening","construct:Electrocute"],"picked":"construct:SuppressiveFire","floor":0},{"not_picked":["construct:Dampening","construct:Anticipate"],"picked":"construct:SyphonStrike","floor":0},{"not_picked":["construct:Missile","construct:SaveState"],"picked":"construct:Autoturret","floor":0},{"not_picked":["construct:Accumulate","construct:Versatility"],"picked":"construct:Autoturret","floor":0},{"not_picked":["construct:ModeShift","construct:Backfire"],"picked":"construct:Autoturret","floor":0},{"not_picked":["construct:Boost","construct:ShiftStrike"],"picked":"construct:PointDefense","floor":0},{"not_picked":["construct:Boost","construct:Versatility"],"picked":"construct:SaveState","floor":0},{"not_picked":["construct:VentSteam","construct:ScrapCannon"],"picked":"construct:SyphonStrike","floor":1},{"not_picked":["construct:PanicFire","construct:Multistage"],"picked":"construct:SiegeForm","floor":13},{"not_picked":["construct:FierceBash","construct:Chainstrike"],"picked":"construct:Hazardproof","floor":14},{"not_picked":["construct:MassProduction","construct:ClockworkEgg"],"picked":"construct:HammerDown","floor":16},{"not_picked":["construct:Forcefield","construct:QuickAttack"],"picked":"construct:LaserCore","floor":18},{"not_picked":["construct:FocusedBeam","construct:Reinforce+1","construct:Accumulate"],"picked":"SKIP","floor":19}],"player_experience":395095,"relics_obtained":[{"floor":9,"key":"construct:RocketBooster"},{"floor":13,"key":"Meat on the Bone"},{"floor":14,"key":"Odd Mushroom"},{"floor":20,"key":"Enchiridion"},{"floor":21,"key":"Blood Vial"}],"event_choices":[{"damage_healed":0,"gold_gain":75,"player_choice":"Gather Gold","damage_taken":11,"max_hp_gain":0,"max_hp_loss":0,"event_name":"World of Goop","floor":2,"gold_loss":0},{"damage_healed":0,"gold_gain":51,"player_choice":"Gained Gold","damage_taken":0,"max_hp_gain":0,"max_hp_loss":0,"event_name":"Golden Wing","floor":4,"gold_loss":0},{"damage_healed":0,"gold_gain":0,"player_choice":"Grow","damage_taken":0,"max_hp_gain":0,"max_hp_loss":0,"event_name":"Living Wall","floor":5,"gold_loss":0,"cards_upgraded":["Guardian:ExploitGems"]},{"damage_healed":0,"gold_gain":0,"player_choice":"Fought Mushrooms","damage_taken":0,"max_hp_gain":0,"max_hp_loss":0,"event_name":"Mushrooms","floor":14,"gold_loss":0},{"damage_healed":0,"gold_gain":0,"player_choice":"Obtained Book","damage_taken":16,"max_hp_gain":0,"max_hp_loss":0,"event_name":"Cursed Tome","floor":20,"gold_loss":0},{"damage_healed":0,"gold_gain":0,"player_choice":"Relic","damage_taken":0,"max_hp_gain":0,"max_hp_loss":0,"event_name":"Wheel of Change","floor":21,"gold_loss":0}],"is_beta":false,"boss_relics":[{"not_picked":["Replay:Ancient Bell","Empty Cage"],"picked":"Replay:Wanted Poster"}],"items_purged_floors":[22],"is_endless":true,"potions_floor_spawned":[13,14,16,18],"killed_by":"Slavers","ascension_level":0}}