{"host":"1ivxh6f0wtekmpqo","time":1608379976,"event":{"mods":["AchievementEnabler","BaseMod","Colored Map","Minty Spire (QoL Compilation)","Rare Cards Sparkle","StSLib","SuperFastMode","everything is the same but u backflip on backflip"],"gold_per_floor":[112,112,128,103,103,128,128,143,143,318,318,16,16,16,16,16,16],"floor_reached":16,"playtime":659,"items_purged":[],"score":121,"play_id":"d4afd9e4-6073-4d25-a530-06a22aeaa362","local_time":"20201219201256","is_ascension_mode":false,"campfire_choices":[{"data":"1","floor":7,"key":"LIFT"},{"data":"2","floor":11,"key":"LIFT"},{"data":"3","floor":13,"key":"LIFT"},{"data":"Halt","floor":15,"key":"SMITH"}],"circlet_count":0,"master_deck":["Strike_P","Strike_P","Strike_P","Strike_P","Defend_P","Defend_P","Defend_P","Defend_P","Eruption","Vigilance","Halt+1","WindmillStrike","Protect","Regret","Nirvana","Ragnarok","Doubt"],"relics":["PureWater","NeowsBlessing","Girya","MealTicket","HornCleat","Torii","Bag of Marbles"],"acts_visited":["Exordium"],"potions_floor_usage":[16,16],"damage_taken":[{"damage":0,"enemies":"Jaw Worm","floor":1,"turns":1},{"damage":0,"enemies":"Small Slimes","floor":3,"turns":1},{"damage":0,"enemies":"Lagavulin","floor":6,"turns":1},{"damage":1,"enemies":"2 Louse","floor":8,"turns":3},{"damage":74,"enemies":"Hexaghost","floor":16,"turns":14}],"seed_played":"1634961696531671513","potions_obtained":[{"floor":3,"key":"SteroidPotion"},{"floor":6,"key":"SteroidPotion"}],"is_trial":false,"path_per_floor":["M","?","M","$","?","E","R","M","T","?","R","$","R","?","R","B"],"character_chosen":"WATCHER","items_purchased":["Protect","Torii"],"campfire_rested":0,"item_purchase_floors":[4,12],"current_hp_per_floor":[72,72,72,72,72,72,72,71,71,71,71,72,72,69,69,0,0],"gold":16,"neow_bonus":"THREE_ENEMY_KILL","is_daily":false,"chose_seed":false,"campfire_upgraded":1,"win_rate":0.0,"timestamp":1608379976,"path_taken":["M","?","M","$","?","E","R","M","T","?","R","?","R","?","R","BOSS"],"items_purchased_type":["Card","Relic"],"build_version":"2020-12-13","purchased_purges":0,"victory":false,"max_hp_per_floor":[72,72,72,72,72,72,72,72,72,72,72,72,72,72,72,72,72],"card_choices":[{"not_picked":["PathToVictory","BowlingBash"],"picked":"Halt","floor":1},{"not_picked":["CrushJoints","Collect"],"picked":"WindmillStrike","floor":3},{"not_picked":["CrushJoints","FlurryOfBlows"],"picked":"Nirvana","floor":6},{"not_picked":["Meditate","Protect"],"picked":"Ragnarok","floor":8}],"player_experience":215579,"relics_obtained":[{"floor":6,"key":"MealTicket"},{"floor":9,"key":"HornCleat"}],"event_choices":[{"damage_healed":0,"gold_gain":0,"player_choice":"Ignored","damage_taken":0,"max_hp_gain":0,"max_hp_loss":0,"event_name":"Golden Wing","floor":2,"gold_loss":0},{"damage_healed":0,"gold_gain":0,"player_choice":"Box","damage_taken":0,"relics_obtained":["Girya"],"max_hp_gain":0,"max_hp_loss":0,"event_name":"Big Fish","floor":5,"gold_loss":0,"cards_obtained":["Regret"]},{"damage_healed":0,"gold_gain":175,"player_choice":"AGREE","damage_taken":0,"max_hp_gain":0,"max_hp_loss":0,"event_name":"Liars Game","floor":10,"gold_loss":0,"cards_obtained":["Doubt"]},{"damage_healed":0,"gold_gain":0,"player_choice":"Success","damage_taken":3,"relics_obtained":["Bag of Marbles"],"max_hp_gain":0,"max_hp_loss":0,"event_name":"Scrap Ooze","floor":14,"gold_loss":0}],"is_beta":false,"boss_relics":[],"items_purged_floors":[],"is_endless":false,"potions_floor_spawned":[3,6],"killed_by":"Hexaghost","ascension_level":0}}