{"host":"z6c1sol8rulx2ubz","time":1608413470,"event":{"mods":["AchievementEnabler","Act Like it!","BaseMod","Better Note","Better Third Choice","Downfall","Elementarium","Gold Saver","Hallownest","Hermit","Hubris","Infinite Spire","Jorbs\u0027s Wanderer Trilogy","Minty Spire (QoL Compilation)","Potionbrewer","Quick Restart","Rare Cards Sparkle","Reorder Act Four","StSLib","The Animator","The Bug Knight","The Cursed","The Dragon Tamer","The Necromancer","Wandering Minibosses"],"gold_per_floor":[299,749,749,749,436,455,455,305,338,263,338,366,387,408,427,535,535,535,535,572,572,572,572],"floor_reached":22,"playtime":1354,"items_purged":["Regret"],"score":225,"play_id":"631582da-c1b9-44c0-b70c-f16d4ec2b39a","local_time":"20201219213110","is_ascension_mode":false,"campfire_choices":[{"floor":1,"key":"RECALL"},{"data":"hexamod:SpectralAdrenaline","floor":8,"key":"SMITH"},{"floor":10,"key":"REST"},{"data":"hexamod:BurningTouch","floor":18,"key":"SMITH"},{"data":"hexamod:HexaLevel","floor":21,"key":"SMITH"}],"circlet_count":0,"master_deck":["hexamod:Strike","hexamod:Strike","hexamod:Strike","hexamod:Strike","hexamod:Defend","hexamod:Defend","hexamod:Defend+1","hexamod:Defend+1","hexamod:Sear","hexamod:Float","hexamod:SpectralAdrenaline+1","Slimebound:Icky","Slimebound:Icky","Slimebound:Icky","hexamod:FourthSeal","hexamod:CatchUp","hexamod:SecondSeal","hexamod:AdvancingGuard","hexamod:HexaLevel+1","hexamod:EtherealExpedition","hexamod:RecurringNightmare","hexamod:Haunt","hexamod:BurningTouch+1","hexamod:HexaLevel","hexamod:Hexaguard"],"relics":["Tiny House","potionbrewer:Torch","Toy Ornithopter","downfall:HeartBlessingBlue","downfall:HeartBlessingRed","Smiling Mask","downfall:HeartBlessingGreen","Busted Crown","infinitespire:Lucky Rock"],"acts_visited":["Exordium","TheCity"],"potions_floor_usage":[9,12,13,15,16,16,16,20,22],"damage_taken":[{"damage":8,"enemies":"downfall:FleeingMerchant","floor":5,"turns":4},{"damage":4,"enemies":"Cultist","floor":6,"turns":4},{"damage":58,"enemies":"3 Sentries","floor":9,"turns":12},{"damage":0,"enemies":"2 Louse","floor":12,"turns":3},{"damage":1,"enemies":"Small Slimes","floor":13,"turns":4},{"damage":1,"enemies":"Red Slaver","floor":14,"turns":4},{"damage":7,"enemies":"3 Louse","floor":15,"turns":3},{"damage":54,"enemies":"downfall:Silent","floor":16,"turns":10},{"damage":67,"enemies":"Slavers","floor":20,"turns":8},{"damage":39,"enemies":"Nightmare","floor":22,"turns":7}],"seed_played":"-2139242340917456677","potions_obtained":[{"floor":0,"key":"PowerPotion"},{"floor":5,"key":"champ:CounterPotion"},{"floor":6,"key":"hexamod:InfernoChargePotion"},{"floor":9,"key":"potionbrewer:MidasPotion"},{"floor":11,"key":"downfall:CursedFountainPotion"},{"floor":12,"key":"potionbrewer:BlacksmithPotion"},{"floor":12,"key":"Fire Potion"},{"floor":13,"key":"CultistPotion"},{"floor":14,"key":"Strength Potion"},{"floor":15,"key":"hexamod:EctoCoolerPotion"},{"floor":16,"key":"hexamod:DoubleChargePotion"},{"floor":16,"key":"infinitespire:BlackPotion"},{"floor":20,"key":"potionbrewer:FireTonic"}],"is_trial":false,"path_per_floor":["R","?","?","?","$","M","T","R","E","R","?","M","M","M","M","B",null,"R","?","E","R","NM"],"character_chosen":"THE_SPIRIT","items_purchased":["hexamod:SecondSeal","Toy Ornithopter"],"campfire_rested":1,"item_purchase_floors":[5,5],"current_hp_per_floor":[75,75,75,75,67,63,63,73,20,45,85,85,85,84,78,36,85,85,85,23,23,0,0],"gold":572,"neow_bonus":"BOSS_RELIC","is_daily":false,"chose_seed":false,"campfire_upgraded":3,"win_rate":0.0,"timestamp":1608413470,"path_taken":["R","?","?","?","$","M","T","R","E","R","?","?","M","M","M","BOSS","R","?","E","R","NM"],"items_purchased_type":["Card","Relic"],"build_version":"2020-12-13","purchased_purges":1,"victory":false,"max_hp_per_floor":[75,75,75,75,75,75,75,85,85,85,85,85,85,85,85,85,85,85,85,85,85,85,85],"card_choices":[{"not_picked":["hexamod:HeatShield","hexamod:Rewind"],"picked":"hexamod:SpectralAdrenaline","floor":0},{"not_picked":["hexamod:NightmareStrike","hexamod:SwordOfDarkness"],"picked":"hexamod:CatchUp","floor":5},{"not_picked":["hexamod:FastForward","hexamod:GhostShield"],"picked":"hexamod:AdvancingGuard","floor":6},{"not_picked":["hexamod:BacktrackSmack","hexamod:BurningTouch"],"picked":"hexamod:HexaLevel","floor":9},{"not_picked":["hexamod:BacktrackSmack","hexamod:SwordOfDarkness"],"picked":"hexamod:EtherealExpedition","floor":12},{"not_picked":["hexamod:HauntingEcho","hexamod:GhostOfSpirePast"],"picked":"hexamod:RecurringNightmare","floor":13},{"not_picked":["hexamod:Incineration","hexamod:BurningTouch"],"picked":"hexamod:Haunt","floor":14},{"not_picked":["hexamod:CatchUp","hexamod:SpectersWail"],"picked":"hexamod:BurningTouch","floor":15},{"not_picked":["hexamod:TimeWarp","hexamod:GhostflameInferno"],"picked":"hexamod:HexaLevel","floor":16},{"not_picked":[],"picked":"hexamod:Hexaguard","floor":20}],"player_experience":267198,"relics_obtained":[{"floor":9,"key":"Smiling Mask"},{"floor":20,"key":"infinitespire:Lucky Rock"}],"event_choices":[{"damage_healed":0,"gold_gain":0,"player_choice":"Box","damage_taken":0,"relics_obtained":["potionbrewer:Torch"],"max_hp_gain":0,"max_hp_loss":0,"event_name":"Big Fish","floor":3,"gold_loss":0,"cards_obtained":["Regret"]},{"cards_removed":["Slimebound:Icky"],"damage_healed":0,"gold_gain":0,"player_choice":"Give","damage_taken":0,"max_hp_gain":0,"max_hp_loss":0,"event_name":"betterNote:BetterNote","floor":19,"gold_loss":0,"cards_obtained":["None"]}],"is_beta":false,"boss_relics":[{"not_picked":["Fusion Hammer","hubris:TerracottaHorce"],"picked":"Busted Crown"}],"items_purged_floors":[5],"is_endless":false,"potions_floor_spawned":[12,13,14,16],"killed_by":"Nightmare","ascension_level":0}}