{"host":"cyh4fejqtcjbfr7k","time":1608407880,"event":{"mods":["2.2 Compatiblity","AchievementEnabler","BaseMod","Colored Map","Colored Powertips","DeckTracker","Downfall","Googly Eyes","Hubris","Infinite Spire","Minty Spire (QoL Compilation)","Replay The Spire","Shop Mod","StSLib","SuperFastMode","Unceasing Turn Reminder"],"gold_per_floor":[117,117,117,117,81,114,126,156,156,156,176,192,192,204,204,307,307,317,317,174,192,204,204,214,180,180,180,180,180,199,212,212,328,328,362,403,403,403,403,403,476,476,551,551,584,584,291,305,305,305,305],"floor_reached":50,"playtime":2054,"items_purged":["Spreading Infection","Strike_R"],"score":772,"play_id":"a7d079db-41a0-47c2-93e6-a9efb7f22511","local_time":"20201219125800","is_ascension_mode":true,"campfire_choices":[{"data":"Barricade","floor":10,"key":"SMITH"},{"data":"Thunderclap","floor":13,"key":"SMITH"},{"floor":15,"key":"REST"},{"floor":23,"key":"REST"},{"data":"Entrench","floor":29,"key":"SMITH"},{"floor":32,"key":"REST"},{"floor":40,"key":"REST"},{"floor":46,"key":"REST"},{"data":"Strike_R","floor":49,"key":"PURGE"}],"circlet_count":0,"master_deck":["Strike_R","Strike_R","Strike_R","Defend_R","Defend_R","Defend_R","Defend_R","Bash","ReplayTheSpireMod:Trickstab","Armaments+1","Twin Strike","Thunderclap+1","Barricade+1","Anger","Pommel Strike","Juggernaut","Intimidate+1","Entrench+1","Anger+1","Flex","Inflame","Entrench+1","ReplayTheSpireMod:Stacked","Fiend Fire","ReplayReversal+1","Replay:Undeath\u0027s Touch+1","Perfected Strike+1"],"relics":["infinitespire:Broken Mirror","Replay:Mystery Machine","hubris:ChampionShield","infinitespire:PuzzleCube","infinitespire:Golems Mask","Meat on the Bone","Guardian:ModeShifter","Molten Egg 2","Ring of Hypnosis","Black Blood","WingedGreaves","White Beast Statue","Mercury Hourglass","hubris:GlazedTorus","Ancient Tea Set","MerchantsRug"],"acts_visited":["Exordium","TheCity","TheBeyond"],"potions_floor_usage":[12,16,31,33,45,45,50],"damage_taken":[{"damage":7,"enemies":"Small Slimes","floor":1,"turns":3},{"damage":7,"enemies":"Replay:BlueRogue","floor":6,"turns":7},{"damage":0,"enemies":"Jaw Worm","floor":7,"turns":3},{"damage":24,"enemies":"Gremlin Nob","floor":8,"turns":4},{"damage":0,"enemies":"2 Louse","floor":11,"turns":2},{"damage":5,"enemies":"Gremlin Gang","floor":12,"turns":4},{"damage":8,"enemies":"3 Louse","floor":14,"turns":2},{"damage":35,"enemies":"Hexaghost","floor":16,"turns":13},{"damage":33,"enemies":"2 Thieves","floor":18,"turns":5},{"damage":12,"enemies":"Shell Parasite","floor":21,"turns":8},{"damage":41,"enemies":"Snecko","floor":22,"turns":8},{"damage":9,"enemies":"Chosen and Byrds","floor":24,"turns":10},{"damage":39,"enemies":"Sentry and Sphere","floor":30,"turns":7},{"damage":19,"enemies":"3 Cultists","floor":31,"turns":5},{"damage":21,"enemies":"Pondfish","floor":33,"turns":14},{"damage":38,"enemies":"3 Darklings","floor":35,"turns":8},{"damage":0,"enemies":"Orb Walker","floor":36,"turns":3},{"damage":60,"enemies":"Giant Head","floor":45,"turns":9},{"damage":51,"enemies":"Sphere and 2 Shapes","floor":48,"turns":6},{"damage":45,"enemies":"Replay:Hell Engine","floor":50,"turns":4}],"seed_played":"748551894087779865","potions_obtained":[{"floor":8,"key":"Fire Potion"},{"floor":14,"key":"champ:CounterPotion"},{"floor":16,"key":"CultistPotion"},{"floor":24,"key":"SteroidPotion"},{"floor":30,"key":"Flashbang"},{"floor":33,"key":"PowerPotion"},{"floor":35,"key":"Fire Potion"},{"floor":45,"key":"SpeedPotion"},{"floor":48,"key":"AttackPotion"}],"is_trial":false,"path_per_floor":["M","$","?","?","$","E","M","E","T","R","M","M","R","M","R","B",null,"M","?","$","M","M","R","M","$","T","$","?","R","M","M","R","B",null,"M","M","?","?","AVR","R","T","?","T","?","E","R","$","M","R_BF","B"],"character_chosen":"IRONCLAD","items_purchased":["Armaments+1","ReplayTheSpireMod:CursedCoin","ReplayTheSpireMod:Shallot","Inflame","BargainBundle","Ancient Tea Set","MerchantsRug"],"campfire_rested":5,"item_purchase_floors":[5,20,20,25,47,47,47],"current_hp_per_floor":[79,79,79,79,79,78,80,62,62,62,68,69,69,67,80,51,80,53,53,53,47,12,51,48,48,48,48,74,74,41,28,67,52,80,48,54,54,54,54,78,78,78,78,78,42,66,66,39,39,0,0],"gold":305,"neow_bonus":"RANDOM_COLORLESS","is_daily":false,"chose_seed":false,"campfire_upgraded":3,"win_rate":0.0,"timestamp":1608407880,"path_taken":["M","$","?","?","?","E","M","E","T","R","M","M","R","?","R","BOSS","M","?","$","?","M","R","M","$","T","?","?","R","?","M","R","BOSS","M","M","?","?","AVR","R","?","?","T","?","E","R","$","?","R_BF","BOSS"],"items_purchased_type":["Card","Relic","Relic","Card","Relic","Relic","Relic"],"build_version":"2020-12-13","purchased_purges":2,"victory":false,"max_hp_per_floor":[80,80,80,80,80,80,80,80,80,80,80,80,80,80,80,80,80,80,80,80,80,80,80,80,80,80,80,80,80,80,80,80,80,80,80,80,80,80,80,80,80,80,80,80,80,80,80,80,80,80,80],"card_choices":[{"not_picked":["expansioncontent:Hexaburn","expansioncontent:Chronoboost"],"picked":"ReplayTheSpireMod:Trickstab","floor":0},{"not_picked":["True Grit","Life Link","Reckless Charge"],"picked":"SKIP","floor":1},{"not_picked":["ReplayTheSpireMod:Strike From Hell","Perfected Strike"],"picked":"Twin Strike","floor":6},{"not_picked":["Fire Breathing","Flame Barrier"],"picked":"Thunderclap","floor":7},{"not_picked":["Run Through","Battle Trance"],"picked":"Barricade","floor":8},{"not_picked":["Perfected Strike","Twin Strike"],"picked":"Anger","floor":11},{"not_picked":["Thunderclap","Sword Boomerang"],"picked":"Pommel Strike","floor":12},{"not_picked":["Clothesline","Perfected Strike","Sentinel"],"picked":"SKIP","floor":14},{"not_picked":["Replay:Many Hands","Reaper"],"picked":"Juggernaut","floor":16},{"not_picked":["Sword Boomerang","Iron Wave"],"picked":"Intimidate+1","floor":18},{"not_picked":["Metallicize","Inflame"],"picked":"Entrench","floor":21},{"not_picked":["Havoc","Dropkick"],"picked":"Anger+1","floor":22},{"not_picked":["Heavy Blade","Clothesline"],"picked":"Flex","floor":24},{"not_picked":["Ghostly Armor","Rage"],"picked":"Entrench","floor":30},{"not_picked":["Armaments","Shockwave"],"picked":"ReplayTheSpireMod:Stacked","floor":31},{"not_picked":["Hemogenesis","Eclipse"],"picked":"Fiend Fire","floor":33},{"not_picked":["Flex","Warcry"],"picked":"ReplayReversal+1","floor":35},{"not_picked":["Defy Death+1","Anger+1","infinitespire:OneForAll+1"],"picked":"SKIP","floor":36},{"not_picked":["Combust","Heavy Blade+1"],"picked":"Replay:Undeath\u0027s Touch+1","floor":45},{"not_picked":["Warcry+1","Dark Embrace"],"picked":"Perfected Strike+1","floor":48}],"player_experience":589328,"relics_obtained":[{"floor":4,"key":"HornCleat"},{"floor":6,"key":"Regal Pillow"},{"floor":8,"key":"Smiling Mask"},{"floor":9,"key":"Matryoshka"},{"floor":26,"key":"Bronze Scales"},{"floor":26,"key":"Lantern"},{"floor":41,"key":"White Beast Statue"},{"floor":43,"key":"Mercury Hourglass"},{"floor":45,"key":"hubris:GlazedTorus"}],"event_choices":[{"damage_healed":0,"gold_gain":0,"player_choice":"Ignored","damage_taken":0,"max_hp_gain":0,"max_hp_loss":0,"event_name":"N\u0027loth","floor":19,"gold_loss":0},{"damage_healed":26,"gold_gain":0,"player_choice":"Heal","damage_taken":0,"max_hp_gain":0,"max_hp_loss":0,"event_name":"The Library","floor":28,"gold_loss":0},{"damage_healed":0,"gold_gain":0,"player_choice":"Ignored","damage_taken":0,"max_hp_gain":0,"max_hp_loss":0,"event_name":"Tomb of Lord Red Mask","floor":37,"gold_loss":0},{"damage_healed":0,"gold_gain":0,"player_choice":"Bought 0 Potions","damage_taken":0,"max_hp_gain":0,"max_hp_loss":0,"event_name":"The Woman in Blue","floor":44,"gold_loss":0}],"is_beta":false,"boss_relics":[{"not_picked":["Coffee Dripper","Cursed Key","Astrolabe"]},{"not_picked":["hubris:RunicObelisk","Runic Cube"],"picked":"infinitespire:Cupcake"}],"items_purged_floors":[20,47],"is_endless":false,"potions_floor_spawned":[8,14,16,24,30,33,35,45,48],"killed_by":"Replay:Hell Engine","ascension_level":3}}