{"host":"iphsb0ccnjx0pfn6","time":1608350985,"event":{"mods":["2.2 Compatiblity","AchievementEnabler","BaseMod","Colored Map","DeckTracker","Keyboard Shortcuts","Minty Spire (QoL Compilation)","Permanent Neow","Quick Restart","Relic Stats","StSLib","SuperFastMode","Uncapped","everything is the same but u backflip on backflip"],"gold_per_floor":[11,26,38,49,68,103,103,103,103],"floor_reached":8,"playtime":255,"items_purged":[],"score":120,"play_id":"3e68e472-753c-429c-8bdf-bae48226a151","local_time":"20201219130945","is_ascension_mode":true,"campfire_choices":[{"data":"Eruption","floor":7,"key":"SMITH"}],"circlet_count":0,"master_deck":["AscendersBane","Strike_P","Strike_P","Strike_P","Defend_P","Defend_P","Defend_P","Eruption+1","Vigilance","CrushJoints","Evaluate","SashWhip","Omniscience","Meditate","ConjureBlade"],"relics":["PureWater","Bag of Preparation"],"acts_visited":["Exordium"],"potions_floor_usage":[6],"damage_taken":[{"damage":0.0,"enemies":"Cultist","floor":1.0,"turns":2.0},{"damage":0.0,"enemies":"2 Louse","floor":2.0,"turns":2.0},{"damage":10.0,"enemies":"Small Slimes","floor":3.0,"turns":4.0},{"damage":1.0,"enemies":"Blue Slaver","floor":4.0,"turns":6.0},{"damage":3.0,"enemies":"Looter","floor":5.0,"turns":3.0},{"damage":16,"enemies":"Gremlin Nob","floor":6,"turns":3},{"damage":35,"enemies":"3 Sentries","floor":8,"turns":5}],"seed_played":"6495812687955312792","potions_obtained":[{"floor":2.0,"key":"Weak Potion"},{"floor":5.0,"key":"DuplicationPotion"},{"floor":6,"key":"LiquidMemories"}],"is_trial":false,"path_per_floor":["M","M","M","M","M","E","R","E"],"character_chosen":"WATCHER","items_purchased":[],"campfire_rested":0,"item_purchase_floors":[],"current_hp_per_floor":[61,61,51,50,47,31,31,0,0],"gold":103,"neow_bonus":"REMOVE_TWO","is_daily":false,"chose_seed":false,"campfire_upgraded":1,"win_rate":0.0,"timestamp":1608350985,"path_taken":["M","M","M","?","M","E","R","E"],"items_purchased_type":[],"build_version":"2020-12-13","purchased_purges":0,"victory":false,"max_hp_per_floor":[68,68,68,68,68,68,68,68,68],"relic_stats":{"counters":[7,25],"Bag of Preparation":[2],"obtain_stats":[{"Bag of Preparation":6,"PureWater":0},{"Bag of Preparation":6,"PureWater":0},{"Bag of Preparation":20,"PureWater":0}]},"card_choices":[{"not_picked":["CutThroughFate","Crescendo"],"picked":"CrushJoints","floor":1.0},{"not_picked":["Halt","Sanctity"],"picked":"Evaluate","floor":2.0},{"not_picked":["CrushJoints","CutThroughFate"],"picked":"SashWhip","floor":3.0},{"not_picked":["BowlingBash","Crescendo"],"picked":"Omniscience","floor":4.0},{"not_picked":["WreathOfFlame","LikeWater"],"picked":"Meditate","floor":5.0},{"not_picked":["Protect","LikeWater"],"picked":"ConjureBlade","floor":6}],"player_experience":1253061,"relics_obtained":[{"floor":6,"key":"Bag of Preparation"}],"event_choices":[],"is_beta":false,"boss_relics":[],"items_purged_floors":[],"is_endless":false,"potions_floor_spawned":[2,5,6],"killed_by":"3 Sentries","ascension_level":20}}