{"host":"f55lpzc7830gmx23","time":1608411884,"event":{"mods":["BaseMod","Better Note","Downfall","Hermit","Minty Spire (QoL Compilation)","StSLib","The Blackbeard","The Cursed","The Necromancer"],"gold_per_floor":[119,194,194,214,230,230,248,308,308,308,130,130,175,198,198,321,321,357,357,357,97,149,154,154,154],"floor_reached":23,"playtime":3217,"items_purged":[],"score":281,"play_id":"9ca54c96-9e22-49c1-b16c-66dc80ab512e","local_time":"20201219220444","is_ascension_mode":true,"campfire_choices":[{"floor":6,"key":"REST"},{"floor":10,"key":"REST"},{"floor":15,"key":"REST"}],"circlet_count":0,"master_deck":["AscendersBane","blackbeard:BlackbeardStrike+1","blackbeard:BlackbeardStrike+1","blackbeard:BlackbeardStrike+1","blackbeard:BlackbeardStrike+1","blackbeard:IntimidatingStrike","blackbeard:BlackbeardDefend+1","blackbeard:BlackbeardDefend+1","blackbeard:BlackbeardDefend+1","blackbeard:BlackbeardDefend+1","blackbeard:Cutlass+1","blackbeard:WeaponProficiency","blackbeard:Dagger","blackbeard:FinalBarrage","blackbeard:Bandana","blackbeard:DoubleBottom+1","blackbeard:DoubleCannonball","blackbeard:DoubleCannonball","blackbeard:RearmingStrike","blackbeard:Dagger","blackbeard:Halberd","blackbeard:CatONineTails","blackbeard:InfiniteBarrage","blackbeard:AgileStrike","blackbeard:ArmorUp+1"],"relics":["blackbeard:LoadTheCannons","blackbeard:CannonballsOfSteel","Dream Catcher","Bag of Preparation","War Paint","SlaversCollar","Sling","Red Mask"],"acts_visited":["Exordium","TheCity"],"potions_floor_usage":[16,18,22],"damage_taken":[{"damage":1,"enemies":"2 Louse","floor":1,"turns":2},{"damage":7,"enemies":"Jaw Worm","floor":4,"turns":3},{"damage":0,"enemies":"Small Slimes","floor":5,"turns":3},{"damage":11,"enemies":"2 Fungi Beasts","floor":7,"turns":4},{"damage":40,"enemies":"3 Sentries","floor":8,"turns":9},{"damage":0,"enemies":"Blue Slaver","floor":13,"turns":1},{"damage":11,"enemies":"The Guardian","floor":16,"turns":11},{"damage":22,"enemies":"Shell Parasite","floor":18,"turns":4},{"damage":32,"enemies":"Masked Bandits","floor":22,"turns":5},{"damage":39,"enemies":"Gremlin Leader","floor":23,"turns":2}],"seed_played":"6971974059128253551","potions_obtained":[{"floor":4,"key":"Weak Potion"},{"floor":7,"key":"Ancient Potion"},{"floor":16,"key":"ColorlessPotion"}],"is_trial":false,"path_per_floor":["M","?","?","M","M","R","M","E","T","R","$","?","M","T","R","B",null,"M","?","?","$","?","E"],"character_chosen":"BLACKBEARD_CLASS","items_purchased":["blackbeard:DoubleCannonball","FairyPotion","Sling","blackbeard:InfiniteBarrage","blackbeard:AgileStrike"],"campfire_rested":3,"item_purchase_floors":[11,11,21,21,21],"current_hp_per_floor":[67,56,56,49,49,71,60,20,20,42,42,42,42,42,64,53,70,48,48,48,48,16,0,0,0],"gold":154,"neow_bonus":"RANDOM_COMMON_RELIC","is_daily":false,"chose_seed":false,"campfire_upgraded":0,"win_rate":0.0,"timestamp":1608411884,"path_taken":["M","?","?","M","M","R","M","E","T","R","$","?","M","?","R","BOSS","M","?","?","$","?","E"],"items_purchased_type":["Card","Potion","Relic","Card","Card"],"build_version":"2020-12-13","purchased_purges":0,"victory":false,"max_hp_per_floor":[75,75,75,75,75,75,75,75,75,75,75,75,75,75,75,75,75,75,75,75,75,75,75,75,75],"card_choices":[{"not_picked":["blackbeard:Toast","blackbeard:FieryDefense"],"picked":"blackbeard:WeaponProficiency","floor":1},{"not_picked":["blackbeard:BuriedTreasure","blackbeard:Sharpening"],"picked":"blackbeard:Dagger","floor":4},{"not_picked":["blackbeard:RearmingStrike","blackbeard:DeadlyArsenal"],"picked":"blackbeard:FinalBarrage","floor":5},{"not_picked":["blackbeard:Anchor","blackbeard:SwordDance"],"picked":"blackbeard:Bandana","floor":7},{"not_picked":["blackbeard:DeadlyArsenal","blackbeard:Lifeboat"],"picked":"blackbeard:DoubleBottom","floor":8},{"not_picked":["blackbeard:Bandana","blackbeard:CaptainsCabin"],"picked":"blackbeard:DoubleCannonball","floor":10},{"not_picked":["blackbeard:GoldenDefense","blackbeard:DangerousBlow"],"picked":"blackbeard:RearmingStrike","floor":13},{"not_picked":["blackbeard:Sharpening","blackbeard:Rum"],"picked":"blackbeard:Dagger","floor":15},{"not_picked":["blackbeard:UndeadForm","blackbeard:CaptainsHat"],"picked":"blackbeard:Halberd","floor":16},{"not_picked":["blackbeard:PiratesWill+1","blackbeard:TacticalRetreat"],"picked":"blackbeard:CatONineTails","floor":18},{"not_picked":["blackbeard:GoldenStrike","blackbeard:Fencing"],"picked":"blackbeard:ArmorUp+1","floor":22}],"player_experience":428383,"relics_obtained":[{"floor":8,"key":"Dream Catcher"},{"floor":9,"key":"Bag of Preparation"},{"floor":14,"key":"War Paint"},{"floor":22,"key":"Red Mask"}],"event_choices":[{"damage_healed":0,"gold_gain":75,"player_choice":"Gather Gold","damage_taken":11,"max_hp_gain":0,"max_hp_loss":0,"event_name":"World of Goop","floor":2,"gold_loss":0},{"damage_healed":0,"gold_gain":0,"player_choice":"Grow","damage_taken":0,"max_hp_gain":0,"max_hp_loss":0,"event_name":"Living Wall","floor":3,"gold_loss":0,"cards_upgraded":["blackbeard:Cutlass"]},{"damage_healed":0,"gold_gain":0,"player_choice":"Ignored","damage_taken":0,"max_hp_gain":0,"max_hp_loss":0,"event_name":"Golden Wing","floor":12,"gold_loss":0},{"damage_healed":0,"gold_gain":0,"player_choice":"Ignored","damage_taken":0,"max_hp_gain":0,"max_hp_loss":0,"event_name":"betterNote:BetterNote","floor":19,"gold_loss":0,"cards_obtained":["blackbeard:BlackbeardStrike"]},{"damage_healed":0,"gold_gain":0,"player_choice":"Simplicity","damage_taken":0,"max_hp_gain":0,"max_hp_loss":0,"event_name":"Back to Basics","floor":20,"gold_loss":0,"cards_upgraded":["blackbeard:BlackbeardStrike","blackbeard:BlackbeardStrike","blackbeard:BlackbeardStrike","blackbeard:BlackbeardStrike","blackbeard:BlackbeardDefend","blackbeard:BlackbeardDefend","blackbeard:BlackbeardDefend"]},{"damage_healed":0,"gold_gain":0,"player_choice":"Fought Bandits","damage_taken":0,"max_hp_gain":0,"max_hp_loss":0,"event_name":"Masked Bandits","floor":22,"gold_loss":0}],"is_beta":false,"boss_relics":[{"not_picked":["Ectoplasm","Empty Cage"],"picked":"SlaversCollar"}],"items_purged_floors":[],"is_endless":false,"potions_floor_spawned":[4,7,13,16],"killed_by":"Gremlin Leader","ascension_level":10}}