{"host":"u2grshebrc5rdzdn","time":1608399944,"event":{"mods":["AchievementEnabler","BaseMod","Minty Spire (QoL Compilation)","StSLib"],"gold_per_floor":[17,30,43,43,64,64,88,106,406,444,444,444,477,477,477,477,477],"floor_reached":16,"playtime":783,"items_purged":[],"score":133,"play_id":"ae050348-8e36-48b4-9f85-5d3ad060e91f","local_time":"20201219184544","is_ascension_mode":true,"campfire_choices":[{"data":"1","floor":6,"key":"LIFT"},{"floor":12,"key":"REST"},{"floor":15,"key":"REST"}],"circlet_count":0,"master_deck":["Strike_G","Strike_G","Strike_G","Strike_G","Strike_G","Defend_G","Defend_G","Defend_G","Defend_G","Defend_G","Survivor","Neutralize","Dagger Throw","Blade Dance","Wraith Form v2+1","Poisoned Stab","Footwork"],"relics":["Ring of the Snake","Girya","Golden Idol","Old Coin","White Beast Statue","Ice Cream","Spirit Poop"],"acts_visited":["Exordium"],"potions_floor_usage":[10,13,16],"damage_taken":[{"damage":0,"enemies":"Cultist","floor":1,"turns":5},{"damage":25,"enemies":"Jaw Worm","floor":2,"turns":7},{"damage":1,"enemies":"2 Louse","floor":3,"turns":3},{"damage":7,"enemies":"2 Fungi Beasts","floor":5,"turns":3},{"damage":9,"enemies":"Red Slaver","floor":7,"turns":3},{"damage":0,"enemies":"Large Slime","floor":8,"turns":4},{"damage":22,"enemies":"3 Sentries","floor":10,"turns":9},{"damage":10,"enemies":"Lagavulin","floor":13,"turns":6},{"damage":41,"enemies":"Hexaghost","floor":16,"turns":13}],"seed_played":"-7978384991948968250","potions_obtained":[{"floor":2,"key":"ColorlessPotion"},{"floor":10,"key":"PowerPotion"},{"floor":13,"key":"EssenceOfSteel"}],"is_trial":false,"path_per_floor":["M","M","M","?","M","R","M","M","T","E","?","R","E","?","R","B"],"character_chosen":"THE_SILENT","items_purchased":[],"campfire_rested":2,"item_purchase_floors":[],"current_hp_per_floor":[70,45,44,44,37,37,28,28,28,6,6,27,17,17,38,0,0],"gold":477,"neow_bonus":"ONE_RARE_RELIC","is_daily":false,"chose_seed":false,"campfire_upgraded":0,"win_rate":0.0,"timestamp":1608399944,"path_taken":["M","M","?","?","M","R","M","M","T","E","?","R","E","?","R","BOSS"],"items_purchased_type":[],"build_version":"2020-12-13","purchased_purges":0,"victory":false,"max_hp_per_floor":[70,70,70,70,70,70,70,70,70,70,70,70,70,70,70,70,70],"card_choices":[{"not_picked":["Prepared","Sucker Punch","Bane"],"picked":"SKIP","floor":1},{"not_picked":["Sucker Punch","Deflect"],"picked":"Dagger Throw","floor":2},{"not_picked":["Outmaneuver","Acrobatics"],"picked":"Blade Dance","floor":3},{"not_picked":["Sucker Punch","Catalyst"],"picked":"Wraith Form v2","floor":5},{"not_picked":["Bane","Calculated Gamble","Slice"],"picked":"SKIP","floor":7},{"not_picked":["Quick Slash","Setup"],"picked":"Poisoned Stab","floor":8},{"not_picked":["Reflex","Tactician"],"picked":"Footwork","floor":10},{"not_picked":["Dagger Throw","Tactician","Distraction"],"picked":"SKIP","floor":13}],"player_experience":300436,"relics_obtained":[{"floor":9,"key":"Old Coin"},{"floor":10,"key":"White Beast Statue"},{"floor":13,"key":"Ice Cream"}],"event_choices":[{"damage_healed":0,"gold_gain":0,"player_choice":"Take Wound","damage_taken":0,"relics_obtained":["Golden Idol"],"max_hp_gain":0,"max_hp_loss":0,"event_name":"Golden Idol","floor":4,"gold_loss":0,"cards_obtained":["Injury"]},{"damage_healed":0,"gold_gain":0,"player_choice":"Grow","damage_taken":0,"max_hp_gain":0,"max_hp_loss":0,"event_name":"Living Wall","floor":11,"gold_loss":0,"cards_upgraded":["Wraith Form v2"]},{"cards_removed":["Injury"],"damage_healed":0,"gold_gain":0,"player_choice":"Offered Curse","damage_taken":0,"relics_obtained":["Spirit Poop"],"max_hp_gain":0,"max_hp_loss":0,"event_name":"Bonfire Elementals","floor":14,"gold_loss":0}],"is_beta":false,"boss_relics":[],"items_purged_floors":[],"is_endless":false,"potions_floor_spawned":[2,10,13],"killed_by":"Hexaghost","ascension_level":4}}