{"host":"athd8lg4sftw81ak","time":1608411014,"event":{"mods":["BaseMod","Downfall","Hermit","Jorbs\u0027s Wanderer Trilogy","Minty Spire (QoL Compilation)","StSLib"],"gold_per_floor":[99,99,125,125,135,168,244,262,362,362,362,381,8,27,47,152,152,152,168,268,368,379,389,415,73,108,33,53,6,17,17,36,139,139,64,74,128,128,128,146,170,197,122,147,158,171,91,91,104,104,104,133,23,23,23],"floor_reached":56,"playtime":5628,"items_purged":["champ:Execute","champ:HeavySlash"],"score":1412,"play_id":"c8041b65-a199-41d0-8b0e-8ea3e6f1dafd","local_time":"20201219155014","is_ascension_mode":false,"campfire_choices":[{"data":"champ:Taunt","floor":1.0,"key":"SMITH"},{"floor":10.0,"key":"REST"},{"floor":18.0,"key":"RECALL"},{"floor":27.0,"key":"REST"},{"floor":35.0,"key":"REST"},{"floor":38.0,"key":"DIG"},{"floor":43,"key":"DIG"},{"floor":54,"key":"DIG"}],"circlet_count":0,"master_deck":["champ:Strike+1","champ:Strike","champ:Defend","champ:Defend","champ:Defend","champ:Taunt+1","champ:Haymaker","champ:GladiatorsShout","champ:RisingSlash+1","champ:Improvising","champ:DefensiveStyle+1","champ:BringItOn","Dark Shackles","champ:ViciousMockery","champ:Backstep","champ:RapidStrikes","champ:IronFortress","champ:PreciseThrust+1","J.A.X.","champ:GladiatorsShout+1","champ:StanceDance","champ:CalledShot+1","champ:CrookedStrike","champ:Lariat+1","champ:FlashCut","champ:ShieldWall","expansioncontent:DecasProtection","champ:Lariat","champ:CrookedStrike","champ:CrookedStrike","champ:BladeFlurry+1","champ:HoldFirm","CurseOfTheBell","champ:DefensiveShout","champ:FocusedDefense","champ:DancingMaster+1","champ:Duel+1","champ:AdrenalArmor+1","champ:EnragedBash+1","champ:ShieldSlam","Panacea","champ:Circumvent"],"relics":["champ:ChampionCrown","downfall:HeartsMalice","Guardian:PocketSentry","Whetstone","Sundial","White Beast Statue","Fusion Hammer","MutagenicStrength","champ:BlackKnightHelmet","Blue Candle","Oddly Smooth Stone","Nunchaku","Strawberry","downfall:HeartBlessingGreen","HornCleat","Enchiridion","Calling Bell","MealTicket","The Courier","Bird Faced Urn","downfall:HeartBlessingRed","Shovel","champ:FightingForDummies","Frozen Egg 2","downfall:HeartBlessingBlue","Kunai","Dream Catcher","Pear","Ornamental Fan"],"acts_visited":["Exordium","TheCity","TheBeyond","TheEnding"],"potions_floor_usage":[40,42,44,45,50,55,55,55],"damage_taken":[{"damage":0.0,"enemies":"Jaw Worm","floor":2.0,"turns":1.0},{"damage":0.0,"enemies":"Gremlin Nob","floor":3.0,"turns":1.0},{"damage":0.0,"enemies":"Small Slimes","floor":4.0,"turns":1.0},{"damage":0.0,"enemies":"Cultist","floor":5.0,"turns":3.0},{"damage":29.0,"enemies":"Lagavulin","floor":6.0,"turns":8.0},{"damage":0.0,"enemies":"2 Fungi Beasts","floor":8.0,"turns":2.0},{"damage":49.0,"enemies":"downfall:Heads","floor":9.0,"turns":5.0},{"damage":11.0,"enemies":"Large Slime","floor":12.0,"turns":3.0},{"damage":16.0,"enemies":"downfall:FleeingMerchant","floor":13.0,"turns":4.0},{"damage":9.0,"enemies":"Lots of Slimes","floor":14.0,"turns":4.0},{"damage":2.0,"enemies":"Blue Slaver","floor":15.0,"turns":3.0},{"damage":42.0,"enemies":"downfall:Ironclad","floor":16.0,"turns":9.0},{"damage":12.0,"enemies":"Chosen","floor":19.0,"turns":4.0},{"damage":15.0,"enemies":"downfall:Augmenter","floor":20.0,"turns":5.0},{"damage":14.0,"enemies":"downfall:Augmenter","floor":21.0,"turns":8.0},{"damage":6.0,"enemies":"Snake Plant","floor":22.0,"turns":3.0},{"damage":11.0,"enemies":"Shelled Parasite and Fungi","floor":23.0,"turns":5.0},{"damage":3.0,"enemies":"downfall:FleeingMerchant","floor":25.0,"turns":4.0},{"damage":20.0,"enemies":"Slavers","floor":26.0,"turns":6.0},{"damage":14.0,"enemies":"Snecko","floor":28.0,"turns":4.0},{"damage":3.0,"enemies":"downfall:FleeingMerchant","floor":29.0,"turns":4.0},{"damage":0.0,"enemies":"Snake Plant","floor":30.0,"turns":4.0},{"damage":3.0,"enemies":"Chosen and Byrds","floor":32.0,"turns":4.0},{"damage":21.0,"enemies":"downfall:Watcher","floor":33.0,"turns":6.0},{"damage":9.0,"enemies":"Orb Walker","floor":36.0,"turns":3.0},{"damage":21.0,"enemies":"2 Orb Walkers","floor":37.0,"turns":4.0},{"damage":14,"enemies":"3 Darklings","floor":40,"turns":9},{"damage":20,"enemies":"Reptomancer","floor":42,"turns":9},{"damage":13,"enemies":"Giant Head","floor":44,"turns":10},{"damage":18,"enemies":"4 Shapes","floor":45,"turns":6},{"damage":14,"enemies":"Sphere and 2 Shapes","floor":46,"turns":6},{"damage":15,"enemies":"Spire Growth","floor":49,"turns":5},{"damage":21,"enemies":"downfall:Defect","floor":50,"turns":7},{"damage":52,"enemies":"downfall:CharBossMerchant","floor":52,"turns":9},{"damage":89,"enemies":"downfall:NeowBoss","floor":55,"turns":28}],"seed_played":"-3622865294642659813","potions_obtained":[{"floor":6.0,"key":"champ:CounterPotion"},{"floor":12.0,"key":"SteroidPotion"},{"floor":14.0,"key":"SkillPotion"},{"floor":15.0,"key":"Dexterity Potion"},{"floor":16.0,"key":"hexamod:EctoCoolerPotion"},{"floor":19.0,"key":"ColorlessPotion"},{"floor":21.0,"key":"hexamod:EctoCoolerPotion"},{"floor":22.0,"key":"Dexterity Potion"},{"floor":23.0,"key":"champ:CounterPotion"},{"floor":25.0,"key":"GamblersBrew"},{"floor":26.0,"key":"Block Potion"},{"floor":28.0,"key":"champ:CounterPotion"},{"floor":29.0,"key":"SteroidPotion"},{"floor":30.0,"key":"Weak Potion"},{"floor":32.0,"key":"Swift Potion"},{"floor":33.0,"key":"SkillPotion"},{"floor":40,"key":"Swift Potion"},{"floor":42,"key":"Dexterity Potion"},{"floor":44,"key":"Weak Potion"},{"floor":45,"key":"FearPotion"},{"floor":52,"key":"ColorlessPotion"}],"is_trial":false,"path_per_floor":["R","M","E","M","M","E","T","M","?","R","?","M","$","M","M","B",null,"R","M","?","?","M","M","T","$","E","R","M","$","M","?","M","B",null,"R","M","?","R","?","M","T","E","R","E","M","M","$","?","M","B",null,"E","$","R","B",null],"character_chosen":"THE_CHAMP","items_purchased":["White Beast Statue","champ:Backstep","BlessingOfTheForge","champ:ShieldWall","Nunchaku","expansioncontent:DecasProtection","champ:CrookedStrike","HornCleat","Panacea","champ:Circumvent"],"campfire_rested":3,"item_purchase_floors":[13,13,13,25,25,25,29,29,53,53],"current_hp_per_floor":[90,90,90,90,90,71,71,71,47,74,74,74,74,65,63,51,90,90,90,80,71,65,54,54,51,48,77,63,60,60,44,41,23,97,97,97,97,97,97,87,87,79,89,90,85,94,107,107,107,107,107,90,105,105,96],"gold":23,"neow_bonus":"THREE_ENEMY_KILL","is_daily":false,"chose_seed":false,"campfire_upgraded":1,"win_rate":0.0,"timestamp":1608411014,"path_taken":["R","M","E","M","M","E","T","M","?","R","?","M","$","M","M","BOSS","R","M","?","?","M","M","T","$","E","R","M","$","M","?","M","BOSS","R","M","?","R","?","M","T","E","R","E","?","M","$","?","M","BOSS","E","$","R","BOSS"],"items_purchased_type":["Relic","Card","Potion","Card","Relic","Card","Card","Relic","Card","Card"],"build_version":"2020-12-13","purchased_purges":2,"victory":true,"max_hp_per_floor":[90,90,90,90,90,90,90,90,90,90,90,90,90,90,90,90,90,90,90,90,90,90,90,90,90,97,97,97,97,97,97,97,97,97,97,97,97,97,97,97,97,97,107,107,107,107,107,107,107,107,107,117,117,117,117],"card_choices":[{"not_picked":["champ:FanOfKnives","champ:BringItOn"],"picked":"champ:Haymaker","floor":2.0},{"not_picked":["champ:DeathBlow","champ:FalseCounter"],"picked":"champ:GladiatorsShout","floor":3.0},{"not_picked":["champ:AdrenalArmor","champ:Encircle"],"picked":"champ:RisingSlash","floor":4.0},{"not_picked":["champ:StanceDance","champ:Circumvent"],"picked":"champ:Improvising","floor":5.0},{"not_picked":["champ:Encircle","champ:FanOfKnives"],"picked":"champ:PerfectedStrike","floor":6.0},{"not_picked":["champ:DeathBlow","champ:BerserkersShout","champ:FanOfKnives"],"picked":"SKIP","floor":8.0},{"not_picked":["champ:PerfectedStrike","champ:GladiatorsShout"],"picked":"champ:DefensiveStyle","floor":9.0},{"not_picked":["champ:EndlessRage","champ:FalseCounter"],"picked":"champ:ViciousMockery","floor":12.0},{"not_picked":["champ:BerserkersShout","champ:Shatter"],"picked":"champ:FocusedBerserking","floor":13.0},{"not_picked":["champ:DefensiveShout","champ:StanceDance"],"picked":"champ:RapidStrikes","floor":14.0},{"not_picked":["champ:GutPunch","champ:Encircle"],"picked":"champ:IronFortress","floor":15.0},{"not_picked":["champ:DancingMaster","champ:Improvising"],"picked":"champ:ShieldSlam","floor":16.0},{"not_picked":["champ:FightOn","champ:StanceDance"],"picked":"champ:PreciseThrust+1","floor":19.0},{"not_picked":[],"picked":"J.A.X.","floor":20.0},{"not_picked":["champ:EnragedBash","champ:TornadoPunch"],"picked":"champ:GladiatorsShout+1","floor":20.0},{"not_picked":["champ:EnGarde","champ:DeathBlow"],"picked":"champ:CalledShot+1","floor":21.0},{"not_picked":["champ:Improvising","champ:FanOfKnives"],"picked":"champ:CrookedStrike","floor":22.0},{"not_picked":["champ:Backstep+1","champ:FocusedGladiator+1"],"picked":"champ:Lariat+1","floor":23.0},{"not_picked":["champ:TornadoPunch","champ:Encircle+1"],"picked":"champ:FlashCut","floor":25.0},{"not_picked":["champ:FanOfKnives","champ:StanceDance","champ:Circumvent"],"picked":"SKIP","floor":26.0},{"not_picked":["champ:FlashCut","champ:EnGarde+1"],"picked":"champ:Lariat","floor":28.0},{"not_picked":["champ:ShieldThrow","champ:GladiatorsShout","champ:DeathBlow"],"picked":"SKIP","floor":29.0},{"not_picked":["champ:EndlessRage","champ:ViciousMockery"],"picked":"champ:CrookedStrike","floor":30.0},{"not_picked":["champ:Lariat","champ:FanOfKnives+1"],"picked":"champ:BladeFlurry+1","floor":32.0},{"not_picked":["champ:SwordThrow","champ:ShieldSlam"],"picked":"champ:HoldFirm","floor":33.0},{"not_picked":["champ:FaceSlap","champ:StanceDance"],"picked":"champ:DefensiveShout","floor":36.0},{"not_picked":["champ:Circumvent","champ:BringItOn+1"],"picked":"champ:FocusedDefense","floor":37.0},{"not_picked":["champ:DefensiveShout","champ:BerserkersShout","champ:CrookedStrike"],"picked":"SKIP","floor":40},{"not_picked":["champ:Shatter+1","champ:StanceDance+1"],"picked":"champ:DancingMaster+1","floor":42},{"not_picked":["champ:FightOn","champ:BerserkersShout+1"],"picked":"champ:Duel+1","floor":44},{"not_picked":["champ:StanceDance+1","champ:GladiatorStyle+1"],"picked":"champ:AdrenalArmor+1","floor":45},{"not_picked":["champ:Haymaker+1","champ:BerserkersShout+1"],"picked":"champ:EnragedBash+1","floor":46},{"not_picked":["champ:CrookedStrike+1","champ:BringItOn+1","champ:ArenaPreparation"],"picked":"SKIP","floor":49},{"not_picked":["champ:FlashCut","champ:GladiatorStyle+1"],"picked":"champ:ShieldSlam","floor":52}],"player_experience":558021,"relics_obtained":[{"floor":3.0,"key":"Guardian:PocketSentry"},{"floor":6.0,"key":"Whetstone"},{"floor":7.0,"key":"Sundial"},{"floor":20.0,"key":"MutagenicStrength"},{"floor":21.0,"key":"champ:BlackKnightHelmet"},{"floor":21.0,"key":"Blue Candle"},{"floor":24.0,"key":"Oddly Smooth Stone"},{"floor":26.0,"key":"Strawberry"},{"floor":31.0,"key":"Enchiridion"},{"floor":34.0,"key":"MealTicket"},{"floor":34.0,"key":"The Courier"},{"floor":34.0,"key":"Bird Faced Urn"},{"floor":37.0,"key":"Shovel"},{"floor":38.0,"key":"champ:FightingForDummies"},{"floor":42,"key":"Frozen Egg 2"},{"floor":43,"key":"Kunai"},{"floor":44,"key":"Dream Catcher"},{"floor":52,"key":"Pear"},{"floor":54,"key":"Ornamental Fan"}],"event_choices":[{"damage_healed":0.0,"max_hp_gain":0.0,"max_hp_loss":0.0,"gold_gain":0.0,"event_name":"Mysterious Sphere","player_choice":"Fight","floor":37.0,"gold_loss":0.0,"damage_taken":0.0},{"cards_removed":["champ:PerfectedStrike"],"damage_healed":5.0,"max_hp_gain":0.0,"max_hp_loss":0.0,"gold_gain":0.0,"event_name":"Bonfire Elementals","player_choice":"Offered Common","floor":39.0,"gold_loss":0.0,"damage_taken":0.0},{"cards_removed":["champ:PerfectedStrike"],"damage_healed":5.0,"max_hp_gain":0.0,"max_hp_loss":0.0,"gold_gain":0.0,"event_name":"Bonfire Elementals","player_choice":"Offered Special","floor":39.0,"gold_loss":0.0,"damage_taken":0.0},{"cards_removed":["champ:Strike"],"damage_healed":0,"gold_gain":0,"player_choice":"Purged","damage_taken":0,"max_hp_gain":0,"max_hp_loss":0,"event_name":"Purifier","floor":48,"gold_loss":0}],"is_beta":false,"boss_relics":[{"not_picked":["champ:ChampionCrownUpgraded","Tiny House"],"picked":"Fusion Hammer"},{"not_picked":["Runic Dome","Runic Pyramid"],"picked":"Calling Bell"}],"items_purged_floors":[29,47],"is_endless":false,"potions_floor_spawned":[6,12,14,15,16,19,21,22,23,25,26,28,29,30,32,33,36,37,40,42,44,45,46,49,52],"ascension_level":0}}