{"host":"foq4mrde4mssg7vt","time":1608400798,"event":{"mods":["AchievementEnabler","BaseMod","Colored Map","Colored Powertips","Highlight Path","Minty Spire (QoL Compilation)","Relic Stats","everything is the same but u backflip on backflip"],"gold_per_floor":[111,111,37,51,51,51,51,85,110,35,35,49,64,93,93,194,194,210,225,245,160,111,111,21,21,21,21,32,46,76,76,76,174,174,185,196,196,196,60,90,90,105,105,5,5,5],"floor_reached":45,"playtime":1702,"items_purged":["Strike_B","Strike_B"],"score":657,"play_id":"c19833a2-d6f5-4d09-ad5e-95072fb86c9d","local_time":"20201220015958","is_ascension_mode":true,"campfire_choices":[{"data":"Lockon","floor":6,"key":"SMITH"},{"data":"Barrage","floor":11,"key":"SMITH"},{"floor":15,"key":"REST"},{"floor":23,"key":"REST"},{"data":"Biased Cognition","floor":25,"key":"SMITH"},{"data":"Coolheaded","floor":27,"key":"SMITH"},{"floor":32,"key":"REST"}],"circlet_count":0,"master_deck":["Strike_B","Defend_B+1","Defend_B","Defend_B","Defend_B","Zap","Dualcast","Lockon+1","Cold Snap","Conserve Battery","Barrage+1","Sweeping Beam","Biased Cognition+1","Ball Lightning","Force Field","Coolheaded+1","Cold Snap","Genetic Algorithm+1","Skim+1","Stack+1","Fission","Go for the Eyes+1","Echo Form","Consume+1","Compile Driver"],"relics":["Sozu","Bronze Scales","Ancient Tea Set","Omamori","Calling Bell","Blood Vial","StrikeDummy","Ice Cream","Toy Ornithopter","Meat on the Bone","Dream Catcher","Lizard Tail","SlaversCollar","Question Card"],"acts_visited":["Exordium","TheCity","TheBeyond"],"potions_floor_usage":[],"damage_taken":[{"damage":0,"enemies":"Jaw Worm","floor":1,"turns":3},{"damage":2,"enemies":"Small Slimes","floor":4,"turns":3},{"damage":6,"enemies":"Lagavulin","floor":8,"turns":7},{"damage":0,"enemies":"Cultist","floor":12,"turns":3},{"damage":16,"enemies":"Exordium Thugs","floor":13,"turns":5},{"damage":27,"enemies":"Gremlin Nob","floor":14,"turns":5},{"damage":17,"enemies":"Hexaghost","floor":16,"turns":9},{"damage":7,"enemies":"Chosen","floor":18,"turns":4},{"damage":12,"enemies":"Shell Parasite","floor":19,"turns":4},{"damage":27,"enemies":"Cultist and Chosen","floor":20,"turns":6},{"damage":0,"enemies":"3 Cultists","floor":28,"turns":4},{"damage":15,"enemies":"Centurion and Healer","floor":29,"turns":7},{"damage":48,"enemies":"Slavers","floor":30,"turns":7},{"damage":79,"enemies":"Automaton","floor":33,"turns":12},{"damage":1,"enemies":"3 Shapes","floor":35,"turns":7},{"damage":5,"enemies":"Orb Walker","floor":36,"turns":4},{"damage":31,"enemies":"Nemesis","floor":40,"turns":13},{"damage":31,"enemies":"3 Darklings","floor":42,"turns":8},{"damage":29,"enemies":"4 Shapes","floor":45,"turns":3}],"seed_played":"6404290990896777566","potions_obtained":[],"is_trial":false,"path_per_floor":["M","?","$","M","?","R","$","E","T","$","R","M","M","E","R","B",null,"M","M","M","?","$","R","?","R","T","R","M","M","E","T","R","B",null,"M","M","?","?","$","E","?","M","T","$","M"],"character_chosen":"DEFECT","items_purchased":["Cold Snap","Gash","Cold Snap","Echo Form"],"campfire_rested":3,"item_purchase_floors":[3,3,22,39],"current_hp_per_floor":[68,73,73,71,71,71,71,65,65,65,65,65,49,22,46,29,67,62,52,27,27,27,51,51,51,51,51,53,52,18,18,42,38,70,71,68,68,68,68,39,44,27,27,27,0,0],"gold":5,"neow_bonus":"BOSS_RELIC","is_daily":false,"chose_seed":false,"campfire_upgraded":4,"win_rate":0.0,"timestamp":1608400798,"path_taken":["M","?","$","M","?","R","$","E","T","?","R","M","M","E","R","BOSS","M","?","M","?","$","R","?","R","T","R","?","M","E","?","R","BOSS","M","M","?","?","$","E","?","M","T","$","?"],"items_purchased_type":["Card","Card","Card","Card"],"build_version":"2020-12-13","purchased_purges":2,"victory":false,"max_hp_per_floor":[75,80,80,80,80,80,80,80,80,80,80,80,80,80,80,80,80,80,80,80,80,80,80,80,80,80,80,80,80,80,80,80,80,80,80,80,76,76,76,76,76,76,76,76,76,76],"relic_stats":{"Sozu":8,"Blood Vial":24,"Dream Catcher":1,"Lizard Tail":40,"counters":[19,114],"Bronze Scales":[326],"Question Card":1,"obtain_stats":[{"Ice Cream":17,"Omamori":14,"Ancient Tea Set":9,"Question Card":40,"Sozu":0,"Calling Bell":17,"Blood Vial":17,"SlaversCollar":34,"Dream Catcher":30,"Lizard Tail":31,"Bronze Scales":8,"Cracked Core":0,"StrikeDummy":17,"Toy Ornithopter":21,"Meat on the Bone":26},{"Ice Cream":7,"Omamori":6,"Ancient Tea Set":3,"Question Card":17,"Sozu":0,"Calling Bell":7,"Blood Vial":7,"SlaversCollar":14,"Dream Catcher":13,"Lizard Tail":13,"Bronze Scales":3,"Cracked Core":0,"StrikeDummy":7,"Toy Ornithopter":10,"Meat on the Bone":10},{"Ice Cream":35,"Omamori":26,"Ancient Tea Set":13,"Question Card":103,"Sozu":0,"Calling Bell":35,"Blood Vial":35,"SlaversCollar":79,"Dream Catcher":67,"Lizard Tail":67,"Bronze Scales":13,"Cracked Core":0,"StrikeDummy":35,"Toy Ornithopter":49,"Meat on the Bone":49}],"Toy Ornithopter":0,"Meat on the Bone":48},"card_choices":[{"not_picked":["White Noise","Double Energy"],"picked":"Lockon","floor":1},{"not_picked":["Barrage","Darkness"],"picked":"Conserve Battery","floor":4},{"not_picked":["Turbo","Rebound"],"picked":"Barrage","floor":8},{"not_picked":["Redo","Melter","Storm"],"picked":"SKIP","floor":12},{"not_picked":["Leap","Heatsinks"],"picked":"Sweeping Beam","floor":13},{"not_picked":["Consume","Sunder","Rebound"],"picked":"SKIP","floor":14},{"not_picked":["Echo Form","Seek"],"picked":"Biased Cognition","floor":16},{"not_picked":["Beam Cell","Streamline"],"picked":"Ball Lightning","floor":18},{"not_picked":["Turbo","Ball Lightning+1"],"picked":"Force Field","floor":19},{"not_picked":["Reinforced Body","Ball Lightning+1"],"picked":"Coolheaded","floor":20},{"not_picked":["BootSequence","Melter"],"picked":"Genetic Algorithm+1","floor":28},{"not_picked":["Tempest","Conserve Battery","Gash+1"],"picked":"SKIP","floor":29},{"not_picked":["Go for the Eyes","Hello World"],"picked":"Skim+1","floor":30},{"not_picked":["Aggregate","Redo+1"],"picked":"Stack+1","floor":32},{"not_picked":["Buffer","Electrodynamics"],"picked":"Fission","floor":33},{"not_picked":["Turbo+1","Skim+1"],"picked":"Go for the Eyes+1","floor":35},{"not_picked":["Beam Cell","Ball Lightning+1","Streamline+1"],"picked":"SKIP","floor":36},{"not_picked":["Recycle+1","Sweeping Beam"],"picked":"Consume+1","floor":40},{"not_picked":["Redo+1","Leap+1","Steam"],"picked":"Compile Driver","floor":42}],"player_experience":213322,"relics_obtained":[{"floor":8,"key":"Bronze Scales"},{"floor":9,"key":"Ancient Tea Set"},{"floor":14,"key":"Omamori"},{"floor":17,"key":"Blood Vial"},{"floor":17,"key":"StrikeDummy"},{"floor":17,"key":"Ice Cream"},{"floor":26,"key":"Meat on the Bone"},{"floor":30,"key":"Dream Catcher"},{"floor":31,"key":"Lizard Tail"},{"floor":40,"key":"Question Card"}],"event_choices":[{"damage_healed":0,"gold_gain":0,"player_choice":"Donut","damage_taken":0,"max_hp_gain":5,"max_hp_loss":0,"event_name":"Big Fish","floor":2,"gold_loss":0},{"damage_healed":0,"gold_gain":0,"player_choice":"Ignored","damage_taken":0,"max_hp_gain":0,"max_hp_loss":0,"event_name":"Liars Game","floor":5,"gold_loss":0},{"damage_healed":0,"gold_gain":0,"player_choice":"Obtained Relic","damage_taken":0,"relics_obtained":["Toy Ornithopter"],"max_hp_gain":0,"max_hp_loss":0,"event_name":"Addict","floor":21,"gold_loss":85},{"cards_removed":["Strike_B"],"damage_healed":0,"gold_gain":0,"player_choice":"Upgrade and Remove","damage_taken":0,"max_hp_gain":0,"max_hp_loss":0,"event_name":"Designer","floor":24,"gold_loss":90,"cards_upgraded":["Defend_B"]},{"damage_healed":0,"gold_gain":0,"player_choice":"Max HP","damage_taken":0,"max_hp_gain":0,"max_hp_loss":4,"event_name":"Winding Halls","floor":37,"gold_loss":0},{"damage_healed":0,"gold_gain":0,"player_choice":"Memory 1","damage_taken":0,"max_hp_gain":0,"max_hp_loss":0,"event_name":"SensoryStone","floor":38,"gold_loss":0},{"cards_removed":["Gash"],"damage_healed":5,"gold_gain":0,"player_choice":"Offered Common","damage_taken":0,"max_hp_gain":0,"max_hp_loss":0,"event_name":"Bonfire Elementals","floor":41,"gold_loss":0},{"cards_removed":["Gash"],"damage_healed":5,"gold_gain":0,"player_choice":"Offered Special","damage_taken":0,"max_hp_gain":0,"max_hp_loss":0,"event_name":"Bonfire Elementals","floor":41,"gold_loss":0}],"is_beta":false,"boss_relics":[{"not_picked":["SacredBark","Cursed Key"],"picked":"Calling Bell"},{"not_picked":["Snecko Eye","Runic Dome"],"picked":"SlaversCollar"}],"items_purged_floors":[10,44],"is_endless":false,"potions_floor_spawned":[1,13,16,18,29,33,35,36],"killed_by":"4 Shapes","ascension_level":8}}