{"host":"52jmisti11ysmja4","time":1608339623,"event":{"mods":["Aspiration","BaseMod","Better Third Choice","Hermit","Koishi","Minty Spire (QoL Compilation)","Remove Card Discount Mod","Shade Mod","StSLib","The Cursed","The Servant 0.9.4","The Vixen"],"gold_per_floor":[115,185,185,199,212,246,246,246,246],"floor_reached":8,"playtime":373,"items_purged":[],"score":87,"play_id":"39c0d456-227c-4fa6-988e-1987760e5717","local_time":"20201218170023","is_ascension_mode":true,"campfire_choices":[{"floor":7,"key":"REST"}],"circlet_count":0,"master_deck":["AscendersBane","Strike_B","Strike_B","Strike_B","Strike_B","Defend_B","Defend_B","Defend_B","Defend_B","Zap","Dualcast","Storm","Capacitor","Capacitor","Ball Lightning","Sweeping Beam"],"relics":["Cracked Core","NeowsBlessing","Prayer Wheel","Dream Catcher"],"acts_visited":["Exordium"],"potions_floor_usage":[8],"damage_taken":[{"damage":0,"enemies":"Jaw Worm","floor":1,"turns":1},{"damage":0,"enemies":"Small Slimes","floor":4,"turns":1},{"damage":0,"enemies":"Cultist","floor":5,"turns":1},{"damage":50,"enemies":"3 Sentries","floor":6,"turns":8},{"damage":50,"enemies":"Lagavulin","floor":8,"turns":5}],"seed_played":"2295305618652282124","potions_obtained":[{"floor":5,"key":"Strength Potion"}],"is_trial":false,"path_per_floor":["M","?","?","M","M","E","R","E"],"character_chosen":"DEFECT","items_purchased":[],"campfire_rested":1,"item_purchase_floors":[],"current_hp_per_floor":[68,68,68,68,68,18,40,0,0],"gold":246,"neow_bonus":"THREE_ENEMY_KILL","is_daily":false,"chose_seed":false,"campfire_upgraded":0,"win_rate":0.0,"timestamp":1608339623,"path_taken":["M","?","?","M","M","E","R","E"],"items_purchased_type":[],"build_version":"2020-12-13","purchased_purges":0,"victory":false,"max_hp_per_floor":[75,75,75,75,75,75,75,75,75],"card_choices":[{"not_picked":["Coolheaded","Rebound"],"picked":"Melter","floor":1},{"not_picked":["Redo","Heatsinks"],"picked":"Storm","floor":4},{"not_picked":["Aggregate","Undo","Reprogram"],"picked":"SKIP","floor":4},{"not_picked":["Conserve Battery","Barrage"],"picked":"Capacitor","floor":5},{"not_picked":["Rebound","Steam"],"picked":"Capacitor","floor":5},{"not_picked":["aspiration:Polymerization","Skim"],"picked":"Ball Lightning","floor":6},{"not_picked":["Steam Power","Steam"],"picked":"Sweeping Beam","floor":7}],"player_experience":599053,"relics_obtained":[{"floor":6,"key":"Dream Catcher"}],"event_choices":[{"damage_healed":0,"gold_gain":70,"player_choice":"Gained Gold","damage_taken":0,"max_hp_gain":0,"max_hp_loss":0,"event_name":"Golden Wing","floor":2,"gold_loss":0},{"cards_removed":["Melter"],"damage_healed":0,"gold_gain":0,"player_choice":"Gave Card","damage_taken":0,"relics_obtained":["Prayer Wheel"],"max_hp_gain":0,"max_hp_loss":0,"event_name":"WeMeetAgain","floor":3,"gold_loss":0}],"is_beta":false,"boss_relics":[],"items_purged_floors":[],"is_endless":false,"potions_floor_spawned":[5],"killed_by":"Lagavulin","ascension_level":11}}