{"host":"coame8l8goqx0svj","time":1608411107,"event":{"mods":["BaseMod","Downfall","Minty Spire (QoL Compilation)","StSLib"],"gold_per_floor":[99,127,52,227,227,227,227,227,260,260,410,425,443,463,478,574,574,574,170,202,33,33,51,51,67,67,92,92,107,107,107,123,219,219,219,219,254,268,268,193,219,231,243,255,286,298,437,451,468,468],"floor_reached":51,"playtime":2398,"items_purged":["Regret","Writhe"],"score":1530,"play_id":"ab6180eb-ba2d-47e3-b491-1e37cca8e3b7","local_time":"20201219215147","is_ascension_mode":true,"campfire_choices":[{"floor":1,"key":"RECALL"},{"data":"champ:Taunt","floor":3,"key":"SMITH"},{"floor":5,"key":"REST"},{"data":"champ:Defend","floor":8,"key":"SMITH"},{"data":"champ:BringItOn","floor":10,"key":"SMITH"},{"data":"champ:Improvising","floor":18,"key":"SMITH"},{"data":"champ:EnGarde","floor":22,"key":"SMITH"},{"data":"champ:Control","floor":26,"key":"SMITH"},{"data":"champ:VampiricStrike","floor":35,"key":"SMITH"},{"data":"champ:ArenaPreparation","floor":40,"key":"SMITH"},{"data":"champ:Duel","floor":42,"key":"SMITH"},{"data":"champ:EnchantShield","floor":44,"key":"SMITH"}],"circlet_count":0,"master_deck":["AscendersBane","champ:Strike+1","champ:Strike","champ:Strike+1","champ:Defend+1","champ:Defend","champ:Defend+1","champ:Execute+1","champ:Taunt+1","champ:BringItOn+1","champ:Improvising+1","champ:GutPunch","champ:Control+1","champ:Duel+1","champ:EnchantShield+1","champ:AdrenalArmor+1","champ:EnGarde+1","champ:DeathBlow+1","champ:BerserkerStyle","champ:DefensiveShout","champ:EnragedBash","champ:VampiricStrike+1","champ:Lariat+1","champ:ArenaPreparation+1","champ:HeartStrike","champ:SkillfulDodge+1","champ:EnGarde","champ:DefensiveShout+1","champ:ShieldSigil+1","champ:Encircle"],"relics":["expansioncontent:StudyCardRelic","Sundial","downfall:HeartBlessingRed","Kunai","Meat on the Bone","SlaversCollar","TungstenRod","Toy Ornithopter","Tiny Chest","Akabeko","War Paint","Mango","MutagenicStrength","Empty Cage","Pen Nib","downfall:HeartBlessingBlue","MawBank","Prayer Wheel","Membership Card"],"acts_visited":["Exordium","TheCity","TheBeyond"],"potions_floor_usage":[20,27,50,50],"damage_taken":[{"damage":48,"enemies":"3 Sentries","floor":2,"turns":9},{"damage":21,"enemies":"Gremlin Nob","floor":9,"turns":3},{"damage":10,"enemies":"2 Louse","floor":12,"turns":3},{"damage":9,"enemies":"Jaw Worm","floor":13,"turns":3},{"damage":2,"enemies":"Small Slimes","floor":14,"turns":2},{"damage":22,"enemies":"Gremlin Gang","floor":15,"turns":3},{"damage":39,"enemies":"downfall:Watcher","floor":16,"turns":6},{"damage":6,"enemies":"downfall:FleeingMerchant","floor":19,"turns":4},{"damage":21,"enemies":"Book of Stabbing","floor":20,"turns":5},{"damage":5,"enemies":"downfall:FleeingMerchant","floor":21,"turns":4},{"damage":4,"enemies":"Shell Parasite","floor":23,"turns":4},{"damage":45,"enemies":"Snake Plant","floor":25,"turns":3},{"damage":43,"enemies":"Slavers","floor":27,"turns":3},{"damage":38,"enemies":"Chosen and Byrds","floor":29,"turns":4},{"damage":31,"enemies":"3 Cultists","floor":32,"turns":4},{"damage":66,"enemies":"downfall:Silent","floor":33,"turns":6},{"damage":91,"enemies":"Giant Head","floor":37,"turns":7},{"damage":30,"enemies":"3 Shapes","floor":38,"turns":6},{"damage":0,"enemies":"Orb Walker","floor":45,"turns":3},{"damage":39,"enemies":"downfall:FleeingMerchant","floor":47,"turns":2},{"damage":72,"enemies":"Transient","floor":48,"turns":5},{"damage":22,"enemies":"Writhing Mass","floor":49,"turns":5},{"damage":39,"enemies":"downfall:Defect","floor":50,"turns":6}],"seed_played":"-591441845353010326","potions_obtained":[{"floor":2,"key":"Block Potion"},{"floor":14,"key":"SkillPotion"},{"floor":20,"key":"CultistPotion"},{"floor":27,"key":"Dexterity Potion"},{"floor":30,"key":"CultistPotion"}],"is_trial":false,"path_per_floor":["R","E","R","?","R","?","T","R","E","R","?","M","M","M","M","B",null,"R","$","E","$","R","M","T","M","R","E","?","M","?","?","M","B",null,"R","T","E","M","?","R","T","R","?","R","M","T","$","M","M","B",null],"character_chosen":"THE_CHAMP","items_purchased":["TungstenRod","Tiny Chest","Membership Card"],"campfire_rested":1,"item_purchase_floors":[19,21,47],"current_hp_per_floor":[81,43,43,43,70,70,70,70,54,54,54,56,52,50,48,39,77,77,76,90,90,90,90,90,87,87,75,89,95,95,95,101,88,100,100,100,67,104,104,114,114,114,114,114,114,114,114,114,114,114],"gold":468,"neow_bonus":"BOSS_RELIC","is_daily":false,"chose_seed":false,"campfire_upgraded":10,"win_rate":0.0,"timestamp":1608411107,"path_taken":["R","E","R","?","R","?","T","R","E","R","?","M","M","M","M","BOSS","R","$","E","$","R","M","T","M","R","E","?","M","?","?","M","BOSS","R","?","E","?","?","R","T","R","?","R","M","?","$","M","M","BOSS"],"items_purchased_type":["Relic","Relic","Relic"],"build_version":"2020-12-13","purchased_purges":2,"victory":true,"max_hp_per_floor":[90,90,90,90,90,90,90,90,90,90,90,90,90,90,90,90,90,90,90,90,90,90,90,90,90,90,90,104,104,104,104,104,104,104,104,104,104,104,104,114,114,114,114,114,114,114,114,114,114,114],"card_choices":[{"not_picked":["champ:Backstep","champ:SwordSigil","champ:ShieldSigil"],"picked":"SKIP","floor":2},{"not_picked":["champ:ShieldSigil","champ:HeartStrike"],"picked":"champ:BringItOn","floor":9},{"not_picked":["champ:TornadoPunch","champ:EndlessRage"],"picked":"champ:Improvising","floor":12},{"not_picked":["champ:Riposte","champ:Shatter"],"picked":"champ:GutPunch","floor":13},{"not_picked":["champ:Backstep","champ:Circumvent"],"picked":"champ:Control","floor":14},{"not_picked":["champ:GladiatorsShout","champ:FlashCut"],"picked":"champ:Duel","floor":15},{"not_picked":["champ:ShieldSlam","champ:Devastate"],"picked":"champ:EnchantShield","floor":16},{"not_picked":["champ:GladiatorsShout","champ:PerfectedStrike"],"picked":"champ:AdrenalArmor","floor":19},{"not_picked":["champ:BringItOn","champ:PreciseThrust"],"picked":"champ:EnGarde","floor":20},{"not_picked":["champ:RecklessLeap","champ:HeavySlash"],"picked":"champ:DeathBlow+1","floor":21},{"not_picked":["champ:BringItOn","champ:Aggression","champ:AdrenalArmor"],"picked":"SKIP","floor":23},{"not_picked":["champ:Duel","champ:GladiatorsShout"],"picked":"champ:BerserkerStyle","floor":25},{"not_picked":["champ:FocusedGladiator","champ:SwordSigil+1"],"picked":"champ:DefensiveShout","floor":27},{"not_picked":["champ:GladiatorsShout","champ:Devastate","champ:FlashCut"],"picked":"SKIP","floor":29},{"not_picked":["champ:Haymaker+1","champ:BerserkersShout"],"picked":"champ:EnragedBash","floor":32},{"not_picked":["champ:SwordThrow","champ:EnchantCrown"],"picked":"champ:VampiricStrike","floor":33},{"not_picked":["champ:DefensiveShout","champ:DancingMaster"],"picked":"champ:Lariat+1","floor":37},{"not_picked":["champ:Aggression","champ:SwordSigil"],"picked":"champ:ArenaPreparation","floor":38},{"not_picked":["champ:DefensiveShout","champ:FlashCut+1"],"picked":"champ:SkillfulDodge+1","floor":45},{"not_picked":["champ:Balance","champ:PerfectedStrike"],"picked":"champ:EnGarde","floor":47},{"not_picked":["champ:BerserkersShout","champ:GladiatorsShout"],"picked":"champ:DefensiveShout+1","floor":48},{"not_picked":["champ:FlashCut+1","champ:StanceDance","champ:BerserkersShout"],"picked":"SKIP","floor":48},{"not_picked":["champ:FlashCut+1","champ:StanceDance","champ:BerserkersShout"],"picked":"SKIP","floor":48},{"not_picked":["champ:FanOfKnives","champ:Circumvent"],"picked":"champ:ShieldSigil+1","floor":49},{"not_picked":["champ:Devastate","champ:TornadoPunch"],"picked":"champ:Encircle","floor":49}],"player_experience":1672421,"relics_obtained":[{"floor":2,"key":"Sundial"},{"floor":7,"key":"Kunai"},{"floor":9,"key":"Meat on the Bone"},{"floor":20,"key":"Toy Ornithopter"},{"floor":24,"key":"Akabeko"},{"floor":27,"key":"War Paint"},{"floor":37,"key":"Pen Nib"},{"floor":41,"key":"MawBank"},{"floor":46,"key":"Prayer Wheel"}],"event_choices":[{"damage_healed":0,"gold_gain":0,"player_choice":"Inject Mutagens","damage_taken":0,"relics_obtained":["MutagenicStrength"],"max_hp_gain":0,"max_hp_loss":0,"event_name":"Drug Dealer","floor":31,"gold_loss":0},{"cards_removed":["champ:Defend"],"damage_healed":0,"gold_gain":0,"player_choice":"Removed Skill","damage_taken":0,"max_hp_gain":0,"max_hp_loss":0,"event_name":"Falling","floor":39,"gold_loss":0},{"damage_healed":0,"gold_gain":0,"cards_transformed":["champ:Strike"],"player_choice":"Transformed","damage_taken":0,"max_hp_gain":0,"max_hp_loss":0,"event_name":"Transmorgrifier","floor":43,"gold_loss":0,"cards_obtained":["champ:HeartStrike"]}],"is_beta":false,"boss_relics":[{"not_picked":["Calling Bell","Black Star"],"picked":"SlaversCollar"},{"not_picked":["Sozu","Pandora\u0027s Box"],"picked":"Empty Cage"}],"items_purged_floors":[19,47],"is_endless":false,"potions_floor_spawned":[2,14,15,20,23,27,29,33,38,48,49],"ascension_level":12}}