{"host":"k6v1xkuzrj71f4ss","time":1608397008,"event":{"mods":["Act Like it!","BaseMod","Bestiary","BetterRewards","Block Reminder","Colored Map","Colored Powertips","Curses Come First","Hubris","Minty Spire (QoL Compilation)","Quick Restart","Relic Stats","Remove Card Discount Mod","Spicy Shops","StSLib","óô»ðÖ¸ÄÏ"],"gold_per_floor":[120,140,169,4448,4448,4481,4500,4500,4500,4500,4500,4514,4539,4549,4549,4645,4645,4659,4672,4012,4012,4012,4012,4038,4038,4038,4038,4050,4050,4097,4125,3705,3800,3800,3820,3820,3820,3844,3100,3127,3127,2732,2732,2732,2732,2762,2779,2829,2829,2829],"floor_reached":51,"playtime":6399,"items_purged":["hubris:Greed","hubris:Greed","Strike_R","Strike_R","Strike_R","Defend_R","Strike_R","Defend_R","Defend_R","Strike_R","Defend_R","Clothesline"],"score":949,"play_id":"592b9d09-837a-42a6-8131-d12cbd777365","local_time":"20201220005648","is_ascension_mode":true,"campfire_choices":[{"data":"Iron Wave","floor":8.0,"key":"SMITH"},{"data":"Dual Wield","floor":11.0,"key":"SMITH"},{"data":"Seeing Red","floor":15.0,"key":"SMITH"},{"data":"Feed","floor":23.0,"key":"SMITH"},{"data":"Anger","floor":25.0,"key":"SMITH"},{"data":"Rampage","floor":29.0,"key":"SMITH"},{"data":"hubris:DuctTapeCard","floor":49.0,"key":"SMITH"}],"circlet_count":0,"master_deck":["Infernal Blade+1","Bash","Iron Wave+1","Heavy Blade+1","Dual Wield+1","Feed+1","Anger+1","Offering","Blood for Blood+1","Sentinel+1","Iron Wave+1","Violence","Pommel Strike","Rampage+1","Shrug It Off","Rage","Exhume+1","Infernal Blade+1","Bandage Up","hubris:CleavingFinish+1","Sadistic Nature","Dark Shackles","Flex","Impervious","hubris:DuctTapeCard"],"relics":["Burning Blood","Strawberry","Pen Nib","Singing Bowl","HandDrill","Bag of Marbles","Ice Cream","Question Card","hubris:Backtick","Torii","Strange Spoon","Juzu Bracelet","hubris:CrystalStatue","Red Skull","Gambling Chip","hubris:SlimyHat","MealTicket","Shuriken","Toy Ornithopter","Black Star","Oddly Smooth Stone","Whetstone","Frozen Eye","hubris:ChampionShield","OrangePellets","Vajra","War Paint","Lee\u0027s Waffle","hubris:DuctTape","hubris:MysteriousPyramids","Lantern","Frozen Egg 2","Prayer Wheel"],"acts_visited":["Exordium","TheCity","TheBeyond"],"potions_floor_usage":[50,50],"damage_taken":[{"damage":10.0,"enemies":"Small Slimes","floor":1.0,"turns":3.0},{"damage":2.0,"enemies":"2 Louse","floor":2.0,"turns":2.0},{"damage":4.0,"enemies":"Cultist","floor":3.0,"turns":3.0},{"damage":0.0,"enemies":"Gremlin Nob","floor":6.0,"turns":2.0},{"damage":4.0,"enemies":"Exordium Thugs","floor":7.0,"turns":3.0},{"damage":4.0,"enemies":"Exordium Wildlife","floor":12.0,"turns":3.0},{"damage":6.0,"enemies":"Lagavulin","floor":13.0,"turns":4.0},{"damage":10.0,"enemies":"Lots of Slimes","floor":14.0,"turns":3.0},{"damage":53.0,"enemies":"Slime Boss","floor":16.0,"turns":10.0},{"damage":23.0,"enemies":"Spheric Guardian","floor":18.0,"turns":4.0},{"damage":2.0,"enemies":"Shell Parasite","floor":19.0,"turns":4.0},{"damage":37.0,"enemies":"Slavers","floor":24.0,"turns":4.0},{"damage":7.0,"enemies":"Shelled Parasite and Fungi","floor":28.0,"turns":3.0},{"damage":7.0,"enemies":"Gremlin Leader","floor":31.0,"turns":5.0},{"damage":6.0,"enemies":"Collector","floor":33.0,"turns":4.0},{"damage":8.0,"enemies":"3 Shapes","floor":35.0,"turns":4.0},{"damage":7.0,"enemies":"Giant Head","floor":40.0,"turns":6.0},{"damage":21.0,"enemies":"Reptomancer","floor":46.0,"turns":3.0},{"damage":1.0,"enemies":"Orb Walker","floor":47.0,"turns":2.0},{"damage":45.0,"enemies":"Mind Bloom Boss Battle","floor":48.0,"turns":4.0},{"damage":88,"enemies":"Awakened One","floor":50,"turns":9}],"seed_played":"9134171867954313797","potions_obtained":[{"floor":1.0,"key":"Strength Potion"},{"floor":12.0,"key":"PowerPotion"},{"floor":14.0,"key":"Swift Potion"},{"floor":24.0,"key":"Block Potion"},{"floor":31.0,"key":"SpeedPotion"},{"floor":33.0,"key":"Regen Potion"},{"floor":35.0,"key":"ColorlessPotion"}],"is_trial":false,"path_per_floor":["M","M","M","$","?","E","M","R","T","?","R","M","E","M","R","B",null,"M","M","$","?","?","R","E","R","T","?","M","R","T","E","R","B",null,"M","?","?","T","$","E","?","R","T","?","?","E","M","?","R","B",null],"character_chosen":"IRONCLAD","items_purchased":["Strawberry","Pen Nib","Singing Bowl","HandDrill","Strange Spoon","Juzu Bracelet","Sentinel","Iron Wave","Violence","Pommel Strike","Shuriken","Toy Ornithopter","Whetstone","Frozen Eye","hubris:ChampionShield","OrangePellets","Bandage Up","Lee\u0027s Waffle","hubris:DuctTape"],"campfire_rested":0,"item_purchase_floors":[4,4,4,4,20,20,20,20,20,20,32,32,39,39,39,39,39,42,42],"current_hp_per_floor":[92,96,96,103,103,103,103,103,103,103,103,103,106,107,107,63,114,97,106,106,106,106,106,79,79,79,79,82,82,82,87,87,92,133,133,133,133,133,135,138,125,146,146,139,131,126,131,101,101,37],"gold":2829,"neow_bonus":"TWENTY_PERCENT_HP_BONUS","is_daily":false,"chose_seed":false,"campfire_upgraded":7,"win_rate":0.0,"timestamp":1608397008,"path_taken":["M","M","M","$","?","E","M","R","T","?","R","M","E","M","R","BOSS","M","M","$","?","?","R","E","R","T","?","M","R","?","E","R","BOSS","M","?","?","?","$","E","?","R","T","?","?","E","M","?","R","BOSS"],"items_purchased_type":["Relic","Relic","Relic","Relic","Relic","Relic","Card","Card","Card","Card","Relic","Relic","Relic","Relic","Relic","Relic","Card","Relic","Relic"],"build_version":"2020-12-13","purchased_purges":12,"victory":true,"max_hp_per_floor":[96,96,96,103,103,103,103,103,103,103,103,103,106,111,111,114,114,114,119,119,119,119,119,123,123,123,123,127,127,127,133,133,133,133,135,135,135,135,135,139,139,146,146,139,141,147,147,147,147,147],"relic_stats":{"Lee\u0027s Waffle":21,"Singing Bowl":12,"Torii":25,"counters":[21,85],"Pen Nib":[21],"Juzu Bracelet":3,"Whetstone":["Heavy Blade","Iron Wave"],"War Paint":["Exhume","Sentinel"],"Question Card":17,"Burning Blood":114,"Strange Spoon":[36],"OrangePellets":[0],"Shuriken":[25],"Gambling Chip":[10],"MealTicket":2,"Prayer Wheel":0,"HandDrill":[18],"Black Star":2,"obtain_stats":[{"Ice Cream":9,"Lantern":46,"hubris:CrystalStatue":24,"Singing Bowl":4,"Torii":17,"Vajra":40,"Juzu Bracelet":20,"hubris:SlimyHat":30,"Whetstone":39,"hubris:MysteriousPyramids":43,"Burning Blood":0,"Frozen Eye":39,"hubris:Backtick":17,"Strawberry":4,"Gambling Chip":27,"MealTicket":31,"Prayer Wheel":48,"HandDrill":4,"hubris:ChampionShield":39,"Red Skull":26,"Lee\u0027s Waffle":42,"hubris:DuctTape":42,"Oddly Smooth Stone":38,"Pen Nib":4,"War Paint":40,"Frozen Egg 2":46,"Question Card":13,"Strange Spoon":20,"OrangePellets":39,"Shuriken":32,"Bag of Marbles":6,"Black Star":34,"Toy Ornithopter":32},{"Ice Cream":5,"Lantern":18,"hubris:CrystalStatue":12,"Singing Bowl":3,"Torii":9,"Vajra":17,"Juzu Bracelet":11,"hubris:SlimyHat":13,"Whetstone":16,"hubris:MysteriousPyramids":17,"Burning Blood":0,"Frozen Eye":16,"hubris:Backtick":9,"Strawberry":3,"Gambling Chip":12,"MealTicket":14,"Prayer Wheel":20,"HandDrill":3,"hubris:ChampionShield":16,"Red Skull":12,"Lee\u0027s Waffle":17,"hubris:DuctTape":17,"Oddly Smooth Stone":16,"Pen Nib":3,"War Paint":17,"Frozen Egg 2":18,"Question Card":7,"Strange Spoon":11,"OrangePellets":16,"Shuriken":14,"Bag of Marbles":4,"Black Star":15,"Toy Ornithopter":14},{"Ice Cream":13,"Lantern":70,"hubris:CrystalStatue":45,"Singing Bowl":8,"Torii":33,"Vajra":67,"Juzu Bracelet":41,"hubris:SlimyHat":48,"Whetstone":61,"hubris:MysteriousPyramids":67,"Burning Blood":0,"Frozen Eye":61,"hubris:Backtick":33,"Strawberry":8,"Gambling Chip":45,"MealTicket":53,"Prayer Wheel":76,"HandDrill":8,"hubris:ChampionShield":61,"Red Skull":45,"Lee\u0027s Waffle":67,"hubris:DuctTape":67,"Oddly Smooth Stone":61,"Pen Nib":8,"War Paint":67,"Frozen Egg 2":70,"Question Card":20,"Strange Spoon":41,"OrangePellets":61,"Shuriken":53,"Bag of Marbles":10,"Black Star":57,"Toy Ornithopter":53}],"Toy Ornithopter":20},"card_choices":[{"not_picked":["Burning Pact","Sword Boomerang"],"picked":"Iron Wave","floor":1.0},{"not_picked":["Warcry","Shockwave"],"picked":"Clothesline","floor":2.0},{"not_picked":["Rupture","hubris:CleavingFinish"],"picked":"Seeing Red","floor":3.0},{"not_picked":["Shockwave","Wild Strike"],"picked":"Seeing Red","floor":6.0},{"not_picked":["Headbutt","hubris:CleavingFinish"],"picked":"Heavy Blade","floor":7.0},{"not_picked":["Uppercut","Iron Wave"],"picked":"Feed","floor":12.0},{"not_picked":["Twin Strike","Fire Breathing"],"picked":"Anger","floor":13.0},{"not_picked":["Pommel Strike","Havoc","Perfected Strike","Headbutt"],"picked":"Singing Bowl","floor":14.0},{"not_picked":["Corruption","Immolate","Barricade"],"picked":"Offering","floor":16.0},{"not_picked":["Cleave","Clothesline","Dropkick"],"picked":"Blood for Blood+1","floor":18.0},{"not_picked":["Heavy Blade","Burning Pact+1","hubris:ReadiedAction","Power Through"],"picked":"Singing Bowl","floor":19.0},{"not_picked":["Sword Boomerang","Anger","Perfected Strike+1"],"picked":"Shrug It Off","floor":24.0},{"not_picked":["Rampage","Havoc+1","Flame Barrier+1"],"picked":"Rage","floor":28.0},{"not_picked":["Cleave","Clothesline+1","Fiend Fire","Headbutt"],"picked":"Singing Bowl","floor":31.0},{"not_picked":["Corruption","Offering","Bludgeon"],"picked":"Exhume","floor":33.0},{"not_picked":["Pommel Strike+1","Cleave","Searing Blow+1","Clash+1"],"picked":"Singing Bowl","floor":35.0},{"not_picked":["Pummel+1","Clothesline+1","Cleave"],"picked":"hubris:CleavingFinish+1","floor":40.0},{"not_picked":["Bandage Up","Violence","The Bomb"],"picked":"Sadistic Nature","floor":45.0},{"not_picked":["Jack Of All Trades","Enlightenment","hubris:Ssssneak","Good Instincts"],"picked":"Singing Bowl","floor":45.0},{"not_picked":["hubris:Insight","Flash of Steel","Purity"],"picked":"Dark Shackles","floor":45.0},{"not_picked":["True Grit+1","Heavy Blade","Perfected Strike","Power Through"],"picked":"Singing Bowl","floor":46.0},{"not_picked":["Fire Breathing+1","Carnage+1","True Grit"],"picked":"Flex","floor":47.0},{"not_picked":["Cleave","Heavy Blade","True Grit+1"],"picked":"Impervious","floor":48.0}],"player_experience":115787,"relics_obtained":[{"floor":6.0,"key":"Bag of Marbles"},{"floor":9.0,"key":"Ice Cream"},{"floor":13.0,"key":"Question Card"},{"floor":24.0,"key":"hubris:CrystalStatue"},{"floor":26.0,"key":"Red Skull"},{"floor":27.0,"key":"Gambling Chip"},{"floor":30.0,"key":"hubris:SlimyHat"},{"floor":31.0,"key":"MealTicket"},{"floor":38.0,"key":"Oddly Smooth Stone"},{"floor":40.0,"key":"Vajra"},{"floor":40.0,"key":"War Paint"},{"floor":43.0,"key":"hubris:MysteriousPyramids"},{"floor":46.0,"key":"Lantern"},{"floor":46.0,"key":"Frozen Egg 2"},{"floor":48.0,"key":"Prayer Wheel"}],"event_choices":[{"damage_healed":0.0,"max_hp_gain":0.0,"max_hp_loss":0.0,"gold_gain":0.0,"event_name":"Golden Idol","player_choice":"Ignored","floor":5.0,"gold_loss":0.0,"damage_taken":0.0},{"damage_healed":0.0,"max_hp_gain":0.0,"max_hp_loss":0.0,"gold_gain":0.0,"event_name":"The Library","player_choice":"Read","floor":21.0,"gold_loss":0.0,"damage_taken":0.0,"cards_obtained":["Rampage"]},{"damage_healed":0.0,"max_hp_gain":0.0,"max_hp_loss":0.0,"gold_gain":0.0,"event_name":"Match and Keep!","player_choice":"0 cards matched","floor":22.0,"gold_loss":0.0,"damage_taken":0.0,"cards_obtained":[]},{"damage_healed":0.0,"max_hp_gain":0.0,"max_hp_loss":0.0,"gold_gain":0.0,"event_name":"Match and Keep!","player_choice":"0 cards matched","floor":22.0,"gold_loss":0.0,"damage_taken":0.0,"cards_obtained":[]},{"damage_healed":0.0,"max_hp_gain":0.0,"max_hp_loss":0.0,"gold_gain":0.0,"event_name":"Wheel of Change","player_choice":"Relic","floor":27.0,"gold_loss":0.0,"damage_taken":0.0},{"damage_healed":0.0,"max_hp_gain":0.0,"max_hp_loss":0.0,"gold_gain":0.0,"event_name":"NoteForYourself","player_choice":"Ignored","floor":36.0,"gold_loss":0.0,"damage_taken":0.0},{"damage_healed":0.0,"max_hp_gain":0.0,"max_hp_loss":0.0,"gold_gain":0.0,"event_name":"Duplicator","player_choice":"Copied","floor":37.0,"gold_loss":0.0,"damage_taken":0.0,"cards_obtained":["Infernal Blade"]},{"damage_healed":0.0,"max_hp_gain":0.0,"max_hp_loss":0.0,"gold_gain":0.0,"event_name":"Wheel of Change","player_choice":"Damaged","floor":41.0,"gold_loss":0.0,"damage_taken":13.0},{"damage_healed":0.0,"max_hp_gain":0.0,"max_hp_loss":7.0,"gold_gain":0.0,"event_name":"Winding Halls","player_choice":"Max HP","floor":44.0,"gold_loss":0.0,"damage_taken":0.0},{"damage_healed":0.0,"max_hp_gain":0.0,"max_hp_loss":0.0,"gold_gain":0.0,"event_name":"SensoryStone","player_choice":"Memory 3","floor":45.0,"gold_loss":0.0,"damage_taken":10.0},{"damage_healed":0.0,"max_hp_gain":0.0,"max_hp_loss":0.0,"gold_gain":0.0,"event_name":"MindBloom","player_choice":"Fight","floor":48.0,"gold_loss":0.0,"damage_taken":0.0}],"is_beta":false,"boss_relics":[{"not_picked":["Fusion Hammer","hubris:CrackedHourglass"],"picked":"hubris:Backtick"},{"not_picked":["SlaversCollar","Snecko Eye"],"picked":"Black Star"}],"items_purged_floors":[4,4,4,4,4,4,4,20,20,20,32,39],"is_endless":false,"potions_floor_spawned":[1,12,14,16,24,31,33,35],"ascension_level":2}}