{"host":"u2grshebrc5rdzdn","time":1608392997,"event":{"mods":["AchievementEnabler","BaseMod","Minty Spire (QoL Compilation)","StSLib"],"gold_per_floor":[110,59,71,246,196,196,214,214,214,248,248,47,47,62,62,159,159,169,169,181,199,249,249,249,249],"floor_reached":24,"playtime":936,"items_purged":["Parasite"],"score":233,"play_id":"4d6531a8-34f5-406f-a113-dde45554d93c","local_time":"20201219164957","is_ascension_mode":true,"campfire_choices":[{"data":"Mayhem","floor":6,"key":"SMITH"},{"data":"Zap","floor":8,"key":"SMITH"},{"floor":15,"key":"REST"},{"floor":23,"key":"REST"}],"circlet_count":0,"master_deck":["Strike_B","Strike_B","Strike_B+1","Strike_B","Defend_B","Defend_B","Defend_B","Defend_B","Zap+1","Dualcast","Mayhem+1","Coolheaded","Ball Lightning","Electrodynamics+1","Storm","Force Field","Echo Form","Glacier"],"relics":["Cracked Core","StoneCalendar","Du-Vu Doll","Inserter"],"acts_visited":["Exordium","TheCity"],"potions_floor_usage":[16,24,24],"damage_taken":[{"damage":7,"enemies":"Jaw Worm","floor":1,"turns":3},{"damage":5,"enemies":"2 Louse","floor":3,"turns":2},{"damage":0,"enemies":"Small Slimes","floor":7,"turns":2},{"damage":22,"enemies":"3 Sentries","floor":10,"turns":7},{"damage":0,"enemies":"2 Fungi Beasts","floor":14,"turns":2},{"damage":23,"enemies":"Hexaghost","floor":16,"turns":7},{"damage":12,"enemies":"Shell Parasite","floor":18,"turns":4},{"damage":33,"enemies":"2 Thieves","floor":20,"turns":3},{"damage":9,"enemies":"Centurion and Healer","floor":21,"turns":7},{"damage":45,"enemies":"Slavers","floor":24,"turns":3}],"seed_played":"3465367611859002434","potions_obtained":[{"floor":14,"key":"Fire Potion"},{"floor":16,"key":"FocusPotion"},{"floor":20,"key":"GamblersBrew"}],"is_trial":false,"path_per_floor":["M","$","M","?","?","R","M","R","T","E","?","$","?","M","R","B",null,"M","?","M","M","?","R","E"],"character_chosen":"DEFECT","items_purchased":["Ball Lightning","Storm","Swift Potion"],"campfire_rested":2,"item_purchase_floors":[2,12,12],"current_hp_per_floor":[47,47,42,42,42,42,42,42,42,20,38,38,24,24,45,22,72,60,60,27,18,18,39,0,0],"gold":249,"neow_bonus":"RANDOM_COLORLESS_2","is_daily":false,"chose_seed":false,"campfire_upgraded":2,"win_rate":0.0,"timestamp":1608392997,"path_taken":["M","$","M","?","?","R","M","R","T","E","?","$","?","?","R","BOSS","M","?","M","M","?","R","E"],"items_purchased_type":["Card","Card","Potion"],"build_version":"2020-12-13","purchased_purges":1,"victory":false,"max_hp_per_floor":[75,75,75,75,75,75,75,75,75,75,75,72,72,72,72,72,72,72,72,72,72,72,72,72,72],"card_choices":[{"not_picked":["Apotheosis","Violence"],"picked":"Mayhem","floor":0},{"not_picked":["Stack","Leap"],"picked":"Coolheaded","floor":1},{"not_picked":["Compile Driver","Hologram","Steam"],"picked":"SKIP","floor":3},{"not_picked":["Aggregate","Beam Cell","Undo"],"picked":"SKIP","floor":7},{"not_picked":["Beam Cell","Hologram"],"picked":"Electrodynamics","floor":10},{"not_picked":["Hologram","Barrage"],"picked":"Force Field","floor":14},{"not_picked":["Machine Learning","Meteor Strike"],"picked":"Echo Form","floor":16},{"not_picked":["Fusion","Turbo","Cold Snap"],"picked":"SKIP","floor":18},{"not_picked":["Compile Driver+1","Beam Cell","Redo"],"picked":"SKIP","floor":20},{"not_picked":["Steam","Coolheaded","Genetic Algorithm"],"picked":"SKIP","floor":21}],"player_experience":293710,"relics_obtained":[{"floor":9,"key":"StoneCalendar"},{"floor":10,"key":"Du-Vu Doll"}],"event_choices":[{"damage_healed":0,"gold_gain":175,"player_choice":"AGREE","damage_taken":0,"max_hp_gain":0,"max_hp_loss":0,"event_name":"Liars Game","floor":4,"gold_loss":0,"cards_obtained":["Doubt"]},{"cards_removed":["Doubt"],"damage_healed":0,"gold_gain":0,"player_choice":"Card Removal","damage_taken":0,"max_hp_gain":0,"max_hp_loss":0,"event_name":"The Cleric","floor":5,"gold_loss":50},{"damage_healed":18,"gold_gain":0,"player_choice":"Healed and dodged fight","damage_taken":0,"max_hp_gain":0,"max_hp_loss":0,"event_name":"Mushrooms","floor":11,"gold_loss":0,"cards_obtained":["Parasite"]},{"damage_healed":0,"gold_gain":0,"player_choice":"Entered Light","damage_taken":14,"max_hp_gain":0,"max_hp_loss":0,"event_name":"Shining Light","floor":13,"gold_loss":0,"cards_upgraded":["Electrodynamics","Strike_B"]},{"damage_healed":0,"gold_gain":0,"player_choice":"Read","damage_taken":0,"max_hp_gain":0,"max_hp_loss":0,"event_name":"The Library","floor":19,"gold_loss":0,"cards_obtained":["Glacier"]},{"damage_healed":0,"gold_gain":100,"player_choice":"Bet on Murderer","damage_taken":0,"max_hp_gain":0,"max_hp_loss":0,"event_name":"The Joust","floor":22,"gold_loss":50}],"is_beta":false,"boss_relics":[{"not_picked":["Ectoplasm","Runic Dome"],"picked":"Inserter"}],"items_purged_floors":[12],"is_endless":false,"potions_floor_spawned":[14,16,20],"killed_by":"Slavers","ascension_level":4}}