{"host":"j49z5jz0n7e8vjox","time":1608401860,"event":{"mods":["AchievementEnabler","BaseMod","Bestiary","Colored Map","Colored Powertips","DeckTracker","Minty Spire (QoL Compilation)"],"gold_per_floor":[113,130,142,156,9,44,44,106,106,38,38,63,63,83,83,181,181,191,45,62,25,25,57,57,83,83,114,130,130,130,148,148,148,148],"floor_reached":33,"playtime":1765,"items_purged":[],"score":490,"play_id":"bcb506bf-f2c0-4305-af5e-223b1c3a29e7","local_time":"20201219121740","is_ascension_mode":true,"campfire_choices":[{"data":"Whirlwind","floor":7,"key":"SMITH"},{"floor":11,"key":"REST"},{"data":"Heavy Blade","floor":15,"key":"SMITH"},{"data":"Demon Form","floor":29,"key":"SMITH"},{"data":"Offering","floor":32,"key":"SMITH"}],"circlet_count":0,"master_deck":["Strike_R","Strike_R","Strike_R","Strike_R","Strike_R","Defend_R","Defend_R","Defend_R","Defend_R","Bash","Whirlwind+1","Flex","Armaments","Shrug It Off+1","Fire Breathing","Immolate","Battle Trance","Heavy Blade+1","Offering+1","Uppercut","Inflame","True Grit+1","Demon Form+1","Dropkick+1","Reaper","Spot Weakness","Shame","Intimidate+1","Perfected Strike"],"relics":["Burning Blood","Art of War","Prayer Wheel","Bottled Tornado","Gremlin Horn","Anchor","Juzu Bracelet","Sozu","War Paint","HornCleat","Singing Bowl","StrikeDummy","Vajra","Centennial Puzzle"],"acts_visited":["Exordium","TheCity"],"potions_floor_usage":[8,33,33],"damage_taken":[{"damage":13,"enemies":"Cultist","floor":1,"turns":6},{"damage":12,"enemies":"Small Slimes","floor":2,"turns":4},{"damage":10,"enemies":"2 Louse","floor":3,"turns":2},{"damage":0,"enemies":"Lots of Slimes","floor":4,"turns":1},{"damage":38,"enemies":"Lagavulin","floor":6,"turns":8},{"damage":18,"enemies":"Lagavulin Event","floor":8,"turns":5},{"damage":14,"enemies":"Gremlin Nob","floor":12,"turns":3},{"damage":6,"enemies":"Red Slaver","floor":14,"turns":3},{"damage":6,"enemies":"Slime Boss","floor":16,"turns":5},{"damage":6,"enemies":"Shell Parasite","floor":18,"turns":2},{"damage":2,"enemies":"Spheric Guardian","floor":20,"turns":3},{"damage":31,"enemies":"Gremlin Leader","floor":23,"turns":7},{"damage":13,"enemies":"Slavers","floor":25,"turns":2},{"damage":10,"enemies":"Gremlin Leader","floor":27,"turns":4},{"damage":8,"enemies":"Cultist and Chosen","floor":28,"turns":2},{"damage":6,"enemies":"Sentry and Sphere","floor":31,"turns":3},{"damage":73,"enemies":"Champ","floor":33,"turns":6}],"seed_played":"-3189959908847993217","potions_obtained":[{"floor":3,"key":"FearPotion"},{"floor":4,"key":"BloodPotion"},{"floor":12,"key":"EntropicBrew"},{"floor":16,"key":"GamblersBrew"}],"is_trial":false,"path_per_floor":["M","M","M","M","$","E","R","?","T","$","R","E","?","M","R","B",null,"M","$","M","$","?","E","$","E","T","E","M","R","?","M","R","B"],"character_chosen":"IRONCLAD","items_purchased":["Fire Breathing","Immolate","Offering","War Paint","Spot Weakness"],"campfire_rested":1,"item_purchase_floors":[5,5,10,19,21],"current_hp_per_floor":[65,59,55,61,61,29,29,17,17,17,41,33,33,33,33,33,68,68,68,72,72,72,76,76,69,69,84,82,82,66,70,70,0,0],"gold":148,"neow_bonus":"RANDOM_COMMON_RELIC","is_daily":false,"chose_seed":false,"campfire_upgraded":4,"win_rate":0.0,"timestamp":1608401860,"path_taken":["M","M","M","M","$","E","R","?","T","$","R","E","?","M","R","BOSS","M","?","M","$","?","E","$","E","T","E","M","R","?","M","R","BOSS"],"items_purchased_type":["Card","Card","Card","Relic","Card"],"build_version":"2020-12-13","purchased_purges":0,"victory":false,"max_hp_per_floor":[80,80,80,80,80,80,80,80,80,80,80,80,80,80,80,80,80,80,80,80,80,80,82,82,82,82,84,84,84,89,93,93,93,93],"card_choices":[{"not_picked":["Twin Strike","Rage"],"picked":"Whirlwind","floor":1},{"not_picked":["Cleave","Pommel Strike"],"picked":"Flex","floor":2},{"not_picked":["Burning Pact","Headbutt"],"picked":"Armaments","floor":3},{"not_picked":["Pommel Strike","Heavy Blade"],"picked":"Shrug It Off","floor":4},{"not_picked":["Heavy Blade","Intimidate"],"picked":"Battle Trance","floor":6},{"not_picked":["Clothesline","Armaments"],"picked":"Heavy Blade","floor":8},{"not_picked":["Dropkick","Clash"],"picked":"Uppercut","floor":12},{"not_picked":["Carnage","Wild Strike"],"picked":"Inflame","floor":14},{"not_picked":["Havoc","Bludgeon"],"picked":"True Grit","floor":14},{"not_picked":["Berserk","Exhume"],"picked":"Demon Form","floor":16},{"not_picked":["Pommel Strike+1","Dark Embrace"],"picked":"Dropkick+1","floor":18},{"not_picked":["Cleave","Twin Strike+1","Hemokinesis"],"picked":"SKIP","floor":18},{"not_picked":["Warcry+1","Armaments"],"picked":"Reaper","floor":20},{"not_picked":["Heavy Blade","Iron Wave","Ghostly Armor+1"],"picked":"SKIP","floor":20},{"not_picked":["Rage+1","Anger","Pummel"],"picked":"Singing Bowl","floor":23},{"not_picked":["Second Wind+1","Cleave"],"picked":"Intimidate+1","floor":25},{"not_picked":["Armaments+1","Havoc","Cleave"],"picked":"Singing Bowl","floor":27},{"not_picked":["Hemokinesis","Wild Strike"],"picked":"Perfected Strike","floor":28},{"not_picked":["Clothesline","Heavy Blade","Evolve"],"picked":"SKIP","floor":28},{"not_picked":["Rupture","Second Wind","Heavy Blade"],"picked":"Singing Bowl","floor":31},{"not_picked":["Wild Strike+1","Clash+1","Blood for Blood+1"],"picked":"Singing Bowl","floor":31}],"player_experience":708514,"relics_obtained":[{"floor":6,"key":"Prayer Wheel"},{"floor":8,"key":"Bottled Tornado"},{"floor":9,"key":"Gremlin Horn"},{"floor":12,"key":"Anchor"},{"floor":23,"key":"Singing Bowl"},{"floor":25,"key":"StrikeDummy"},{"floor":26,"key":"Vajra"},{"floor":27,"key":"Centennial Puzzle"}],"event_choices":[{"damage_healed":0,"gold_gain":30,"player_choice":"Searched \u00272\u0027 times","damage_taken":0,"max_hp_gain":0,"max_hp_loss":0,"event_name":"Dead Adventurer","floor":8,"gold_loss":0},{"damage_healed":0,"gold_gain":0,"player_choice":"Gave Potion","damage_taken":0,"relics_obtained":["Juzu Bracelet"],"max_hp_gain":0,"max_hp_loss":0,"event_name":"WeMeetAgain","floor":13,"gold_loss":0},{"damage_healed":0,"gold_gain":0,"player_choice":"Stole Relic","damage_taken":0,"relics_obtained":["HornCleat"],"max_hp_gain":0,"max_hp_loss":0,"event_name":"Addict","floor":22,"gold_loss":0,"cards_obtained":["Shame"]},{"damage_healed":0,"gold_gain":0,"player_choice":"Shed Blood","damage_taken":21,"max_hp_gain":5,"max_hp_loss":0,"event_name":"Forgotten Altar","floor":30,"gold_loss":0}],"is_beta":false,"boss_relics":[{"not_picked":["Runic Dome","Velvet Choker"],"picked":"Sozu"}],"items_purged_floors":[],"is_endless":false,"potions_floor_spawned":[3,4,12,16,18,31],"killed_by":"Champ","ascension_level":7}}