{"host":"7t8rqoeeopyy0nh0","time":1608391210,"event":{"mods":["AchievementEnabler","BaseMod","Better Third Choice","BetterRewards","Colored Map","Colored Powertips","Downfall","Hubris","Infinite Spire","Minty Spire (QoL Compilation)","Replay The Spire","StSLib"],"gold_per_floor":[118,132,132,147,147,172,172,202,229,260,270,270,284,209,209,309,309,329,329,348,368,42,42,71,85,85,85,103,103,103,116,116,217,217,234,254,554,565,578,578,604,604,631,651,664,664,664],"floor_reached":46,"playtime":2543,"items_purged":["Strike_B","Strike_B","hubris:Prefetch","Hologram"],"score":833,"play_id":"5f969e7b-9222-493d-89b9-69c6a4a7468a","local_time":"20201219102010","is_ascension_mode":true,"campfire_choices":[{"floor":7,"key":"REST"},{"data":"Zap","floor":12,"key":"SMITH"},{"data":"ReplayTheSpireMod:Calculation Training","floor":15,"key":"SMITH"},{"data":"ReplayTheSpireMod:Calculation Training","floor":23,"key":"SMITH"},{"data":"Reboot","floor":27,"key":"SMITH"},{"floor":30,"key":"REST"},{"data":"Static Discharge","floor":32,"key":"SMITH"},{"data":"Barrage","floor":40,"key":"SMITH"}],"circlet_count":0,"master_deck":["Zap+1","Dualcast","Genetic Algorithm+1","Cold Snap","ReplayTheSpireMod:Calculation Training+1","ReplayTheSpireMod:Calculation Training+1","Leap","Sweeping Beam","Reboot+1","expansioncontent:Flail","Static Discharge+1","Cold Snap","Coolheaded","Cold Snap+1","Turbo","Self Repair","Ball Lightning+1","Barrage+1","BasicCrystalCard+1","Leap","Barrage+1","Coolheaded","Blizzard","Loop+1","Heatsinks+1","Defragment+1","Ball Lightning+1"],"relics":["Cracked Core","Blue Doll","Runic Capacitor","MealTicket","hubris:BottledRain","Orichalcum","Mercury Hourglass","Snecko Eye","Prayer Wheel","Omamori","Carrot","Dream Catcher","Pandora\u0027s Box","hubris:Spice","Painkiller Herb","infinitespire:WardingShard","Replay:Wax Seal","Vajra"],"acts_visited":["Exordium","TheCity","TheBeyond"],"potions_floor_usage":[16,24,25,33,39,46],"damage_taken":[{"damage":9,"enemies":"Small Slimes","floor":1,"turns":2},{"damage":3,"enemies":"2 Louse","floor":2,"turns":3},{"damage":1,"enemies":"Cultist","floor":4,"turns":3},{"damage":10,"enemies":"Lagavulin","floor":6,"turns":8},{"damage":10,"enemies":"3 Sentries","floor":8,"turns":5},{"damage":2,"enemies":"Replay:BlueRogue","floor":10,"turns":6},{"damage":2,"enemies":"Looter","floor":11,"turns":3},{"damage":1,"enemies":"Blue Slaver","floor":13,"turns":3},{"damage":0,"enemies":"The Guardian","floor":16,"turns":10},{"damage":14,"enemies":"3 Byrds","floor":18,"turns":3},{"damage":0,"enemies":"Chosen","floor":20,"turns":5},{"damage":6,"enemies":"Snecko","floor":21,"turns":6},{"damage":24,"enemies":"Book of Stabbing","floor":24,"turns":8},{"damage":4,"enemies":"Centurion and Healer","floor":25,"turns":6},{"damage":33,"enemies":"Shelled Parasite and Fungi","floor":28,"turns":5},{"damage":6,"enemies":"Snake Plant","floor":31,"turns":4},{"damage":28,"enemies":"Collector","floor":33,"turns":10},{"damage":0,"enemies":"3 Darklings","floor":35,"turns":3},{"damage":5,"enemies":"Orb Walker","floor":36,"turns":3},{"damage":22,"enemies":"4 Shapes","floor":38,"turns":6},{"damage":16,"enemies":"Jaw Worm Horde","floor":39,"turns":4},{"damage":6,"enemies":"Giant Head","floor":41,"turns":8},{"damage":7,"enemies":"Maw","floor":44,"turns":6},{"damage":33,"enemies":"4 Shapes","floor":45,"turns":4},{"damage":20,"enemies":"R_Hoarder","floor":46,"turns":2}],"seed_played":"8516418077221041791","potions_obtained":[{"floor":2,"key":"Explosive Potion"},{"floor":8,"key":"Fire Potion"},{"floor":13,"key":"PowerPotion"},{"floor":16,"key":"Swift Potion"},{"floor":21,"key":"Elixir"},{"floor":28,"key":"Block Potion"},{"floor":33,"key":"Languid Potion"},{"floor":38,"key":"SteroidPotion"},{"floor":41,"key":"Milkshake"}],"is_trial":false,"path_per_floor":["M","M","?","M","?","E","R","E","T","E","M","R","M","$","R","B",null,"M","?","M","M","$","R","E","M","T","R","M","AVR","R","M","R","B",null,"?","?","?","?","?","T","E","AVR","T","?","?","E"],"character_chosen":"DEFECT","items_purchased":["Blue Doll","Runic Capacitor","Genetic Algorithm+1","Cold Snap","ReplayTheSpireMod:Calculation Training","Self Repair","Omamori"],"campfire_rested":2,"item_purchase_floors":[0,0,0,0,0,22,22],"current_hp_per_floor":[42,39,32,31,31,21,43,33,33,31,29,29,28,43,43,43,75,61,61,61,55,70,70,53,56,56,56,23,31,55,56,56,35,83,83,83,83,61,45,45,46,46,46,46,13,0,0],"gold":664,"neow_bonus":"","is_daily":false,"chose_seed":false,"campfire_upgraded":6,"win_rate":0.0,"timestamp":1608391210,"path_taken":["M","M","?","M","?","E","R","E","T","E","?","R","M","$","R","BOSS","M","?","M","M","$","R","E","M","T","R","M","AVR","R","M","R","BOSS","?","?","?","?","?","T","E","AVR","T","?","?","E"],"items_purchased_type":["Relic","Relic","Card","Card","Card","Card","Relic"],"build_version":"2020-12-13","purchased_purges":4,"victory":false,"max_hp_per_floor":[75,75,75,75,75,75,75,75,75,75,75,75,75,75,75,75,75,75,75,75,75,75,75,75,75,75,75,75,83,83,83,83,83,83,83,83,83,83,83,83,83,83,83,83,83,83,83],"card_choices":[{"not_picked":["Storm","Hologram"],"picked":"Sweeping Beam","floor":1},{"not_picked":["Hello World","Sweeping Beam"],"picked":"Hologram","floor":2},{"not_picked":["Steam Power","Scrape"],"picked":"Reboot","floor":4},{"not_picked":["Ball Lightning","Gash"],"picked":"Static Discharge","floor":6},{"not_picked":["ReplayGash","Beam Cell"],"picked":"Cold Snap","floor":8},{"not_picked":["Skim","Core Surge"],"picked":"Coolheaded","floor":10},{"not_picked":["Steam","ReplayTheSpireMod:Calculation Training","Sweeping Beam"],"picked":"SKIP","floor":11},{"not_picked":["Scrape","Chaos","Tempest"],"picked":"SKIP","floor":13},{"not_picked":["ReplayRNGCard","hubris:DoWhile"],"picked":"ReplayTheSpireMod:Fabricate Wheel","floor":16},{"not_picked":["Lockon+1","Reinforced Body"],"picked":"Cold Snap+1","floor":18},{"not_picked":["Coolheaded","Steam","Stack"],"picked":"SKIP","floor":18},{"not_picked":["Compile Driver","Panic Button+1"],"picked":"Turbo","floor":20},{"not_picked":["BootSequence+1","Go for the Eyes","BasicCrystalCard"],"picked":"SKIP","floor":20},{"not_picked":["Double Energy","Tempest","Lockon"],"picked":"SKIP","floor":21},{"not_picked":["Blizzard","ReplayTheSpireMod:Repulse","Cold Snap"],"picked":"SKIP","floor":21},{"not_picked":["Capacitor","hubris:DoWhile"],"picked":"Ball Lightning+1","floor":24},{"not_picked":["Auto Shields","Rebound+1"],"picked":"Barrage+1","floor":25},{"not_picked":["Compile Driver","Aggregate","Streamline"],"picked":"SKIP","floor":25},{"not_picked":["Redo","Hologram"],"picked":"BasicCrystalCard+1","floor":28},{"not_picked":["Chaos","hubris:Ukulele","All For One"],"picked":"SKIP","floor":28},{"not_picked":["Gash","Beam Cell+1","ReplaySort"],"picked":"SKIP","floor":31},{"not_picked":["Turbo","Leap","Streamline"],"picked":"SKIP","floor":31},{"not_picked":["Redo+1","ReplayGash+1"],"picked":"Loop+1","floor":35},{"not_picked":["Gash","Scrape+1","Conserve Battery+1"],"picked":"SKIP","floor":35},{"not_picked":["Gash","Scrape+1","Conserve Battery+1"],"picked":"SKIP","floor":35},{"not_picked":["FIFO Queue+1","Compile Driver"],"picked":"Heatsinks+1","floor":36},{"not_picked":["ReplayTheSpireMod:Reroute Power","Aggregate","Streamline"],"picked":"SKIP","floor":36},{"not_picked":["Stack","BasicCrystalCard+1","Chill"],"picked":"SKIP","floor":38},{"not_picked":["Blizzard+1","Skim+1","Beam Cell+1"],"picked":"SKIP","floor":38},{"not_picked":["Cold Snap+1","Steam","Beam Cell+1"],"picked":"SKIP","floor":39},{"not_picked":["Core Surge","Cold Snap+1","Conserve Battery"],"picked":"SKIP","floor":39},{"not_picked":["Hologram+1","Barrage"],"picked":"Defragment+1","floor":41},{"not_picked":["Tempest","Time Bomb+1","Conserve Battery+1"],"picked":"SKIP","floor":44},{"not_picked":["Go for the Eyes","Turbo","Panic Button+1"],"picked":"SKIP","floor":44},{"not_picked":["Go for the Eyes","Rebound+1"],"picked":"Ball Lightning+1","floor":45},{"not_picked":["Rebound+1","Turbo+1","Ball Lightning"],"picked":"SKIP","floor":45}],"player_experience":338572,"relics_obtained":[{"floor":6,"key":"hubris:BottledRain"},{"floor":8,"key":"Orichalcum"},{"floor":10,"key":"Mercury Hourglass"},{"floor":24,"key":"Carrot"},{"floor":26,"key":"Dream Catcher"},{"floor":41,"key":"infinitespire:WardingShard"},{"floor":43,"key":"Vajra"}],"event_choices":[{"damage_healed":0,"gold_gain":0,"player_choice":"Relic ","damage_taken":7,"max_hp_gain":0,"max_hp_loss":0,"event_name":"betterThird:BetterScrap","floor":3,"gold_loss":0,"cards_obtained":["ReplayTheSpireMod:From All Sides"]},{"damage_healed":0,"gold_gain":0,"player_choice":"1 cards matched","damage_taken":0,"max_hp_gain":0,"max_hp_loss":0,"event_name":"Match and Keep!","floor":5,"gold_loss":0,"cards_obtained":["expansioncontent:Flail"]},{"damage_healed":0,"gold_gain":0,"player_choice":"1 cards matched","damage_taken":0,"max_hp_gain":0,"max_hp_loss":0,"event_name":"Match and Keep!","floor":5,"gold_loss":0,"cards_obtained":["expansioncontent:Flail"]},{"cards_removed":["Strike_B"],"damage_healed":0,"gold_gain":0,"player_choice":"Elegance","damage_taken":0,"max_hp_gain":0,"max_hp_loss":0,"event_name":"betterThird:BetterWriting","floor":19,"gold_loss":0},{"damage_healed":0,"gold_gain":300,"player_choice":"Gold","damage_taken":0,"max_hp_gain":0,"max_hp_loss":0,"event_name":"Wheel of Change","floor":37,"gold_loss":0}],"is_beta":false,"boss_relics":[{"not_picked":["Calling Bell","hubris:Backtick"],"picked":"Snecko Eye"},{"not_picked":["hubris:ScarierMask","Honey Jar"],"picked":"Painkiller Herb"}],"items_purged_floors":[14,22,29,42],"is_endless":false,"potions_floor_spawned":[2,8,13,16,21,28,33,38,41,44,45],"killed_by":"R_Hoarder","ascension_level":4}}