{"host":"6gzy6nvr8uokwcne","time":1608349943,"event":{"mods":["2.2 Compatiblity","AchievementEnabler","BaseMod","Marisa????????","Minty Spire (QoL Compilation)","Quick Restart","StSLib","The Alterego","The Cursed","The Disciple","The Dragon Tamer","The Necromancer","The Servant 0.9.4"],"gold_per_floor":[111,122,23,41,61,93,93,103,103,119,150,160,160,176,176,273,273,291,291,390,390,400,410,410,163,188,138,138,138,168,200,200,295,295,312,362,362,381,381,393,124,139,139,139,155,1,12,26,26,124,124,143,161,35,35,54,87,87,87,132,142,142,155,189,202,202,332,332,353,23,23,23,0,0,19,50,84,32,51,94,115,131,131,254,254,268,293,45,70,84,124,142,142,185,198,97,97,122,31,31,31,31,31],"floor_reached":101,"playtime":11671,"items_purged":["Parasite","Regret","Writhe","Injury"],"score":1857,"play_id":"79884c07-f75e-4466-a9b6-9f37a9b4b8fd","local_time":"20201218205223","daily_mods":["Heirloom"],"is_ascension_mode":false,"metric_token":851,"campfire_choices":[{"floor":15.0,"key":"REST"},{"data":"DTMod:ResonanceForm","floor":24.0,"key":"SMITH"},{"data":"DTMod:SwitchingTactic","floor":28.0,"key":"SMITH"},{"floor":32.0,"key":"REST"},{"data":"DTMod:CrossStep","floor":44.0,"key":"SMITH"},{"floor":49.0,"key":"REST"},{"data":"DTMod:InvisibleFlame","floor":58.0,"key":"SMITH"},{"floor":66.0,"key":"REST"},{"data":"DTMod:WarmUp","floor":74.0,"key":"SMITH"},{"data":"DTMod:CrossStep","floor":83,"key":"SMITH"},{"floor":93,"key":"REST"},{"floor":97,"key":"REST"},{"floor":100,"key":"REST"}],"dtmod_dragon_data":[30,50,3,3,14,3],"circlet_count":0,"master_deck":["DTMod:Strike+1","DTMod:Strike+1","DTMod:Strike+1","DTMod:Strike+1","DTMod:DoubleHit+1","DTMod:TargetDefense+1","DTMod:TargetDefense+1","DTMod:TargetDefense+1","DTMod:SwitchingTactic+1","DTMod:FlameSlash","DTMod:Adaptation","DTMod:BizarreTactic","DTMod:BuildUp","DTMod:Training","DTMod:ShieldDrain","DTMod:BalancedStrike+1","DTMod:TagTeam","DTMod:CleansingStrike","DTMod:MasterPlan","DTMod:ShieldDrain","DTMod:PurifyingFlame","DTMod:MagiciansMark","DTMod:ResonanceForm+1","DTMod:MagicField","DTMod:InvisibleFlame+1","DTMod:Observe","DTMod:InvisibleFlame","DTMod:QuickFly","DTMod:Hide","DTMod:Training","DTMod:RepeatStrike","DTMod:Cover+1","DTMod:Harmonize+1","DTMod:BlueScale+1","DTMod:Training","DTMod:CrossStep+1","DTMod:Conduct","DTMod:WarmUp+1","DTMod:CrossStep+1","DTMod:Harmonize","DTMod:HeatWave","DTMod:HeatWave","DTMod:BlazingStrike","DTMod:QuickFly","DTMod:FlameSlash","DTMod:DragonDance"],"relics":["DTMod:PactStone","TungstenRod","Unceasing Top","Potion Belt","Meat on the Bone","Whetstone","Busted Crown","Necronomicon","DollysMirror","Anchor","Prayer Wheel","Red Mask","Astrolabe","Unceasing Top","Regal Pillow","DTMod:DragonFood","Bag of Preparation","Runic Pyramid","DTMod:BasicTextbook","Dream Catcher","Golden Idol","Cursed Key","Mummified Hand","Ancient Tea Set","Fusion Hammer","Nunchaku"],"acts_visited":["Exordium","TheCity","TheBeyond","Exordium","TheCity","TheBeyond"],"potions_floor_usage":[79,80,82,84,89,91,91,94,95,101,101,101,101],"damage_taken":[{"damage":0.0,"enemies":"Cultist","floor":1.0,"turns":4.0},{"damage":0.0,"enemies":"Jaw Worm","floor":2.0,"turns":5.0},{"damage":0.0,"enemies":"2 Louse","floor":4.0,"turns":2.0},{"damage":0.0,"enemies":"2 Fungi Beasts","floor":5.0,"turns":4.0},{"damage":9.0,"enemies":"Lagavulin","floor":6.0,"turns":8.0},{"damage":0.0,"enemies":"Large Slime","floor":8.0,"turns":6.0},{"damage":0.0,"enemies":"3 Louse","floor":10.0,"turns":4.0},{"damage":34.0,"enemies":"Gremlin Nob","floor":11.0,"turns":6.0},{"damage":0.0,"enemies":"Exordium Wildlife","floor":12.0,"turns":4.0},{"damage":4.0,"enemies":"Large Slime","floor":14.0,"turns":5.0},{"damage":23.0,"enemies":"The Guardian","floor":16.0,"turns":16.0},{"damage":0.0,"enemies":"3 Byrds","floor":18.0,"turns":3.0},{"damage":0.0,"enemies":"Spheric Guardian","floor":22.0,"turns":1.0},{"damage":0.0,"enemies":"Centurion and Healer","floor":23.0,"turns":6.0},{"damage":28.0,"enemies":"Gremlin Leader","floor":30.0,"turns":6.0},{"damage":0.0,"enemies":"Masked Bandits","floor":31.0,"turns":4.0},{"damage":46.0,"enemies":"Automaton","floor":33.0,"turns":10.0},{"damage":0.0,"enemies":"3 Shapes","floor":35.0,"turns":4.0},{"damage":0.0,"enemies":"Mind Bloom Boss Battle","floor":36.0,"turns":6.0},{"damage":0.0,"enemies":"Orb Walker","floor":38.0,"turns":4.0},{"damage":0.0,"enemies":"Transient","floor":40.0,"turns":5.0},{"damage":0.0,"enemies":"3 Darklings","floor":42.0,"turns":3.0},{"damage":0.0,"enemies":"Jaw Worm Horde","floor":45.0,"turns":6.0},{"damage":12.0,"enemies":"Transient","floor":47.0,"turns":5.0},{"damage":0.0,"enemies":"Writhing Mass","floor":48.0,"turns":5.0},{"damage":81.0,"enemies":"Donu and Deca","floor":50.0,"turns":11.0},{"damage":0.0,"enemies":"Jaw Worm","floor":52.0,"turns":2.0},{"damage":0.0,"enemies":"Small Slimes","floor":53.0,"turns":3.0},{"damage":0.0,"enemies":"2 Louse","floor":56.0,"turns":2.0},{"damage":0.0,"enemies":"Gremlin Nob","floor":57.0,"turns":3.0},{"damage":6.0,"enemies":"Blue Slaver","floor":61.0,"turns":3.0},{"damage":0.0,"enemies":"Exordium Thugs","floor":63.0,"turns":4.0},{"damage":0.0,"enemies":"Lagavulin","floor":64.0,"turns":5.0},{"damage":0.0,"enemies":"Looter","floor":65.0,"turns":2.0},{"damage":1.0,"enemies":"Hexaghost","floor":67.0,"turns":9.0},{"damage":0.0,"enemies":"Spheric Guardian","floor":69.0,"turns":2.0},{"damage":0.0,"enemies":"3 Byrds","floor":75.0,"turns":4.0},{"damage":0.0,"enemies":"Slavers","floor":76.0,"turns":4.0},{"damage":0.0,"enemies":"Gremlin Leader","floor":77.0,"turns":5.0},{"damage":0,"enemies":"Cultist and Chosen","floor":79,"turns":5},{"damage":1,"enemies":"Book of Stabbing","floor":80,"turns":5},{"damage":8,"enemies":"Snecko","floor":81,"turns":4},{"damage":0,"enemies":"Centurion and Healer","floor":82,"turns":5},{"damage":10,"enemies":"Collector","floor":84,"turns":8},{"damage":46,"enemies":"3 Darklings","floor":86,"turns":4},{"damage":0,"enemies":"Orb Walker","floor":87,"turns":3},{"damage":0,"enemies":"Spire Growth","floor":89,"turns":5},{"damage":0,"enemies":"Sphere and 2 Shapes","floor":90,"turns":4},{"damage":0,"enemies":"Nemesis","floor":91,"turns":7},{"damage":0,"enemies":"Writhing Mass","floor":92,"turns":4},{"damage":0,"enemies":"Giant Head","floor":94,"turns":6},{"damage":0,"enemies":"3 Darklings","floor":95,"turns":2},{"damage":0,"enemies":"Transient","floor":98,"turns":5},{"damage":58,"enemies":"Awakened One","floor":101,"turns":4}],"seed_played":"7331227448758165275","potions_obtained":[{"floor":1.0,"key":"FearPotion"},{"floor":5.0,"key":"SpeedPotion"},{"floor":8.0,"key":"FearPotion"},{"floor":12.0,"key":"BlessingOfTheForge"},{"floor":22.0,"key":"ColorlessPotion"},{"floor":31.0,"key":"Ancient Potion"},{"floor":36.0,"key":"FearPotion"},{"floor":40.0,"key":"Explosive Potion"},{"floor":48.0,"key":"EssenceOfSteel"},{"floor":50.0,"key":"AttackPotion"},{"floor":56.0,"key":"EssenceOfSteel"},{"floor":64.0,"key":"SpeedPotion"},{"floor":65.0,"key":"Weak Potion"},{"floor":67.0,"key":"Fire Potion"},{"floor":77.0,"key":"LiquidMemories"},{"floor":79,"key":"Strength Potion"},{"floor":80,"key":"Ancient Potion"},{"floor":81,"key":"AttackPotion"},{"floor":87,"key":"GamblersBrew"},{"floor":89,"key":"Dexterity Potion"},{"floor":90,"key":"BlessingOfTheForge"},{"floor":92,"key":"Explosive Potion"},{"floor":98,"key":"CultistPotion"}],"is_trial":true,"path_per_floor":["M","M","$","M","M","E","?","M","T","M","E","M","?","M","R","B",null,"M","?","?","?","M","M","R","$","T","$","R","?","E","?","R","B",null,"M","?","?","M","?","M","$","M","T","R","M","$","M","M","R","B",null,"M","M","$","?","M","E","R","?","T","M","?","M","E","M","R","B",null,"M","$","?","?","$","R","M","E","E","$","M","E","M","M","R","B",null,"M","M","$","M","M","E","M","R","E","M","$","R","M","?","R","B"],"character_chosen":"THE_DT","items_purchased":["DTMod:BizarreTactic","DTMod:BuildUp","DTMod:InvisibleFlame","DTMod:Observe","DollysMirror","DTMod:QuickFly","Regal Pillow","DuplicationPotion","Fire Potion","Bag of Preparation","PowerPotion","Mummified Hand","DuplicationPotion","Swift Potion","PowerPotion","DTMod:HeatWave","DuplicationPotion","DTMod:FlameSlash"],"campfire_rested":7,"item_purchase_floors":[3,3,25,25,25,27,41,41,41,46,54,70,70,78,88,88,96,96],"current_hp_per_floor":[45,45,45,45,45,36,45,45,45,45,23,23,23,31,44,33,45,45,33,33,33,33,33,33,33,33,33,33,33,17,29,42,30,45,45,45,45,45,45,45,45,45,45,45,45,45,33,33,45,18,45,45,45,42,42,42,42,42,42,42,36,36,36,36,36,42,41,42,42,42,42,42,42,42,42,42,42,42,42,41,33,33,33,23,42,25,25,25,25,25,25,25,42,42,42,42,42,42,42,42,0,0,0],"gold":31,"neow_bonus":"","is_daily":false,"chose_seed":false,"campfire_upgraded":6,"win_rate":0.0,"timestamp":1608349943,"path_taken":["M","M","$","M","M","E","?","M","T","M","E","M","?","M","R","BOSS","M","?","?","?","M","M","R","$","T","$","R","?","E","?","R","BOSS","M","?","?","M","?","M","$","M","T","R","M","$","M","M","R","BOSS","M","M","$","?","?","E","R","?","T","M","?","?","?","M","R","BOSS","M","$","?","?","$","R","M","E","E","$","M","E","M","?","R","BOSS","M","M","$","M","M","E","M","R","E","M","$","R","M","?","R","BOSS"],"items_purchased_type":["Card","Card","Card","Card","Relic","Card","Relic","Potion","Potion","Relic","Potion","Relic","Potion","Potion","Potion","Card","Potion","Card"],"build_version":"2020-12-13","purchased_purges":4,"victory":false,"max_hp_per_floor":[45,45,45,45,45,45,45,45,45,45,45,45,45,45,45,45,45,45,45,45,45,45,45,45,45,45,45,45,45,45,45,45,45,45,45,45,45,45,45,45,45,45,45,45,45,45,45,45,45,45,45,45,45,42,42,42,42,42,42,42,42,42,42,42,42,42,42,42,42,42,42,42,42,42,42,42,42,42,42,42,42,42,42,42,42,42,42,42,42,42,42,42,42,42,42,42,42,42,42,42,42,42,42],"card_choices":[{"not_picked":["DTMod:PurifyingFlame","DTMod:HeatWave"],"picked":"DTMod:FlameSlash","floor":1.0},{"not_picked":["DTMod:Punisher","DTMod:Weaken"],"picked":"DTMod:Adaptation","floor":2.0},{"not_picked":["DTMod:HeatWave","DTMod:BreakAttack"],"picked":"DTMod:Training","floor":4.0},{"not_picked":["DTMod:Feint","DTMod:MasterPlan","DTMod:DeepFocus"],"picked":"SKIP","floor":5.0},{"not_picked":["DTMod:Threaten","DTMod:BuildUp"],"picked":"DTMod:ShieldDrain","floor":6.0},{"not_picked":["DTMod:BreakAttack","DTMod:BlazingStrike"],"picked":"DTMod:BalancedStrike","floor":8.0},{"not_picked":["DTMod:HeatWave","DTMod:BlazingStrike"],"picked":"DTMod:Cover","floor":10.0},{"not_picked":["DTMod:SneakAttack","DTMod:BurningForce"],"picked":"DTMod:TagTeam","floor":11.0},{"not_picked":["DTMod:StarRain","DTMod:MasterPlan"],"picked":"DTMod:CleansingStrike","floor":12.0},{"not_picked":["DTMod:DeepFocus","DTMod:BlazingStrike"],"picked":"DTMod:MagiciansMark","floor":14.0},{"not_picked":["DTMod:TriAttack","DTMod:SealedStrike"],"picked":"DTMod:ResonanceForm","floor":16.0},{"not_picked":["DTMod:LowKick"],"picked":"SKIP","floor":18.0},{"not_picked":[],"picked":"DTMod:MagicField","floor":22.0},{"not_picked":["DTMod:Feint+1"],"picked":"SKIP","floor":23.0},{"not_picked":[],"picked":"DTMod:Hide","floor":30.0},{"not_picked":[],"picked":"DTMod:Training","floor":31.0},{"not_picked":[],"picked":"DTMod:RepeatStrike","floor":33.0},{"not_picked":[],"picked":"DTMod:Training","floor":35.0},{"not_picked":["DTMod:RecklessFlurry"],"picked":"SKIP","floor":35.0},{"not_picked":[],"picked":"DTMod:CrossStep","floor":38.0},{"not_picked":["DTMod:Punisher"],"picked":"SKIP","floor":38.0},{"not_picked":["DTMod:HeatWave+1"],"picked":"SKIP","floor":40.0},{"not_picked":["DTMod:LastStand"],"picked":"SKIP","floor":40.0},{"not_picked":[],"picked":"DTMod:BizarreTactic","floor":42.0},{"not_picked":["DTMod:BreakAttack"],"picked":"SKIP","floor":42.0},{"not_picked":[],"picked":"DTMod:Conduct","floor":45.0},{"not_picked":["DTMod:MagiciansMark+1"],"picked":"SKIP","floor":45.0},{"not_picked":["DTMod:BurningEnergy+1"],"picked":"SKIP","floor":47.0},{"not_picked":["DTMod:CalculatedDefense"],"picked":"SKIP","floor":47.0},{"not_picked":["DTMod:Astonish+1"],"picked":"SKIP","floor":48.0},{"not_picked":["DTMod:Cover+1"],"picked":"SKIP","floor":48.0},{"not_picked":["DTMod:Hide"],"picked":"SKIP","floor":52.0},{"not_picked":["DTMod:WarmUp"],"picked":"SKIP","floor":52.0},{"not_picked":["DTMod:Astonish"],"picked":"SKIP","floor":53.0},{"not_picked":["DTMod:BlueScale"],"picked":"SKIP","floor":53.0},{"not_picked":["DTMod:Training"],"picked":"SKIP","floor":56.0},{"not_picked":["DTMod:CleansingStrike"],"picked":"SKIP","floor":56.0},{"not_picked":["DTMod:DarkBreath"],"picked":"SKIP","floor":57.0},{"not_picked":["DTMod:Weaken"],"picked":"SKIP","floor":61.0},{"not_picked":["DTMod:Astonish"],"picked":"SKIP","floor":61.0},{"not_picked":["DTMod:MasterPlan"],"picked":"SKIP","floor":63.0},{"not_picked":["DTMod:Threaten"],"picked":"SKIP","floor":63.0},{"not_picked":["DTMod:Feint"],"picked":"SKIP","floor":64.0},{"not_picked":["DTMod:BuildUp"],"picked":"SKIP","floor":65.0},{"not_picked":["DTMod:LowKick"],"picked":"SKIP","floor":65.0},{"not_picked":[],"picked":"DTMod:WarmUp","floor":66.0},{"not_picked":["DTMod:Weaken+1"],"picked":"SKIP","floor":69.0},{"not_picked":["DTMod:BurningEnergy"],"picked":"SKIP","floor":69.0},{"not_picked":["DTMod:Shift+1"],"picked":"SKIP","floor":75.0},{"not_picked":["DTMod:BlueScale"],"picked":"SKIP","floor":75.0},{"not_picked":["DTMod:SneakAttack"],"picked":"SKIP","floor":76.0},{"not_picked":["DTMod:SneakAttack"],"picked":"SKIP","floor":77.0},{"not_picked":["DTMod:BreakAttack"],"picked":"SKIP","floor":79},{"not_picked":["DTMod:HeatWave"],"picked":"SKIP","floor":79},{"not_picked":["DTMod:Punisher"],"picked":"SKIP","floor":80},{"not_picked":[],"picked":"DTMod:CrossStep","floor":81},{"not_picked":["DTMod:BuildUp"],"picked":"SKIP","floor":81},{"not_picked":["DTMod:Hide"],"picked":"SKIP","floor":82},{"not_picked":["DTMod:LastStand+1"],"picked":"SKIP","floor":82},{"not_picked":[],"picked":"DTMod:Harmonize","floor":84},{"not_picked":["DTMod:BuildUp"],"picked":"SKIP","floor":86},{"not_picked":["DTMod:LastStand"],"picked":"SKIP","floor":86},{"not_picked":["DTMod:Weaken"],"picked":"SKIP","floor":87},{"not_picked":["DTMod:MagicField"],"picked":"SKIP","floor":87},{"not_picked":["DTMod:MasterPlan"],"picked":"SKIP","floor":89},{"not_picked":["DTMod:WarmUp"],"picked":"SKIP","floor":89},{"not_picked":["DTMod:BalancedStrike+1"],"picked":"SKIP","floor":90},{"not_picked":["DTMod:Overwhelm+1"],"picked":"SKIP","floor":90},{"not_picked":["DTMod:Hide"],"picked":"SKIP","floor":91},{"not_picked":[],"picked":"DTMod:HeatWave","floor":92},{"not_picked":["DTMod:Cover+1"],"picked":"SKIP","floor":92},{"not_picked":[],"picked":"DTMod:BlazingStrike","floor":93},{"not_picked":[],"picked":"DTMod:QuickFly","floor":94},{"not_picked":["DTMod:Feint+1"],"picked":"SKIP","floor":95},{"not_picked":["DTMod:Feint+1"],"picked":"SKIP","floor":95},{"not_picked":[],"picked":"DTMod:DragonDance","floor":97},{"not_picked":["DTMod:Hide"],"picked":"SKIP","floor":98},{"not_picked":["DTMod:Cover"],"picked":"SKIP","floor":98}],"player_experience":428798,"relics_obtained":[{"floor":6.0,"key":"Potion Belt"},{"floor":9.0,"key":"Meat on the Bone"},{"floor":11.0,"key":"Whetstone"},{"floor":19.0,"key":"Necronomicon"},{"floor":26.0,"key":"Anchor"},{"floor":30.0,"key":"Prayer Wheel"},{"floor":31.0,"key":"Red Mask"},{"floor":36.0,"key":"Unceasing Top"},{"floor":43.0,"key":"DTMod:DragonFood"},{"floor":60.0,"key":"Dream Catcher"}],"event_choices":[{"damage_healed":15.0,"max_hp_gain":0.0,"max_hp_loss":0.0,"gold_gain":0.0,"event_name":"Big Fish","player_choice":"Banana","floor":7.0,"gold_loss":0.0,"damage_taken":0.0},{"damage_healed":0.0,"max_hp_gain":0.0,"max_hp_loss":0.0,"gold_gain":0.0,"event_name":"Cursed Tome","player_choice":"Obtained Book","floor":19.0,"gold_loss":0.0,"damage_taken":16.0},{"damage_healed":0.0,"max_hp_gain":0.0,"max_hp_loss":0.0,"gold_gain":99.0,"event_name":"Nest","player_choice":"Stole From Cult","floor":20.0,"gold_loss":0.0,"damage_taken":0.0},{"damage_healed":0.0,"max_hp_gain":0.0,"max_hp_loss":0.0,"gold_gain":0.0,"event_name":"Ghosts","player_choice":"Ignored","floor":21.0,"gold_loss":0.0,"damage_taken":0.0},{"damage_healed":0.0,"max_hp_gain":0.0,"max_hp_loss":0.0,"gold_gain":0.0,"event_name":"Back to Basics","player_choice":"Simplicity","floor":29.0,"gold_loss":0.0,"damage_taken":0.0,"cards_upgraded":["DTMod:Strike","DTMod:Strike","DTMod:Strike","DTMod:Strike","DTMod:TargetDefense","DTMod:TargetDefense","DTMod:TargetDefense","DTMod:TargetDefense"]},{"damage_healed":0.0,"max_hp_gain":0.0,"max_hp_loss":0.0,"gold_gain":0.0,"event_name":"Masked Bandits","player_choice":"Fought Bandits","floor":31.0,"gold_loss":0.0,"damage_taken":0.0},{"damage_healed":0.0,"max_hp_gain":0.0,"max_hp_loss":0.0,"gold_gain":0.0,"event_name":"MindBloom","player_choice":"Fight","floor":36.0,"gold_loss":0.0,"damage_taken":0.0},{"cards_removed":["DTMod:TargetDefense"],"damage_healed":0.0,"max_hp_gain":0.0,"max_hp_loss":0.0,"gold_gain":0.0,"event_name":"Falling","player_choice":"Removed Skill","floor":37.0,"gold_loss":0.0,"damage_taken":0.0},{"damage_healed":0.0,"max_hp_gain":0.0,"max_hp_loss":0.0,"gold_gain":0.0,"event_name":"SecretPortal","player_choice":"Ignored","floor":39.0,"gold_loss":0.0,"damage_taken":0.0},{"cards_removed":["DTMod:BizarreTactic"],"damage_healed":5.0,"max_hp_gain":0.0,"max_hp_loss":0.0,"gold_gain":0.0,"event_name":"Bonfire Elementals","player_choice":"Offered Common","floor":55.0,"gold_loss":0.0,"damage_taken":0.0},{"cards_removed":["DTMod:BizarreTactic"],"damage_healed":5.0,"max_hp_gain":0.0,"max_hp_loss":0.0,"gold_gain":0.0,"event_name":"Bonfire Elementals","player_choice":"Offered Special","floor":55.0,"gold_loss":0.0,"damage_taken":0.0},{"damage_healed":0.0,"max_hp_gain":0.0,"max_hp_loss":0.0,"gold_gain":0.0,"event_name":"Big Fish","player_choice":"Box","floor":59.0,"gold_loss":0.0,"damage_taken":0.0,"relics_obtained":["DTMod:BasicTextbook"],"cards_obtained":["Regret"]},{"damage_healed":0.0,"max_hp_gain":0.0,"max_hp_loss":0.0,"gold_gain":0.0,"event_name":"Golden Idol","player_choice":"Take Wound","floor":62.0,"gold_loss":0.0,"damage_taken":0.0,"relics_obtained":["Golden Idol"],"cards_obtained":["Injury"]},{"damage_healed":0.0,"max_hp_gain":0.0,"max_hp_loss":0.0,"gold_gain":0.0,"event_name":"The Mausoleum","player_choice":"Opened","floor":71.0,"gold_loss":0.0,"damage_taken":0.0,"relics_obtained":["Ancient Tea Set"],"cards_obtained":["Writhe"]},{"damage_healed":0.0,"max_hp_gain":0.0,"max_hp_loss":0.0,"gold_gain":0.0,"event_name":"Transmorgrifier","player_choice":"Ignored","floor":72.0,"gold_loss":0.0,"damage_taken":0.0},{"damage_healed":0,"gold_gain":0,"player_choice":"Paid Gold","damage_taken":0,"relics_obtained":["Nunchaku"],"max_hp_gain":0,"max_hp_loss":0,"event_name":"WeMeetAgain","floor":99,"gold_loss":91}],"is_beta":false,"boss_relics":[{"not_picked":["Velvet Choker","SacredBark"],"picked":"Busted Crown"},{"not_picked":["Coffee Dripper","Empty Cage"],"picked":"Astrolabe"},{"not_picked":["Snecko Eye","Runic Dome"],"picked":"Runic Pyramid"},{"not_picked":["Runic Dome","Black Star"],"picked":"Cursed Key"},{"not_picked":["SlaversCollar","Snecko Eye"],"picked":"Fusion Hammer"}],"items_purged_floors":[54,70,73,88],"is_endless":true,"potions_floor_spawned":[1,5,8,12,22,31,36,40,48,50,56,64,65,67,77,79,80,81,87,89,90,92,98],"killed_by":"Awakened One","ascension_level":0}}