{"host":"k5j3culymg4irp71","time":1608354407,"event":{"mods":["2.2 Compatiblity","Act Like it!","Art Attack!","Aspiration","Astrologer","Bard","BaseMod","Bestiary","Better Match","BetterRewards","Block Reminder","CCEM","Colored Map","Colored Powertips","Conspire","Downfall","Emptier Cage","Energized Spire","GifTheSpireLib","Halation","Hallownest","Hermit","Hubris","Infinite Spire","Ironclad Rager","Minty Spire (QoL Compilation)","Pale of the Ancients","Quarter Circle Forward PUNCH!","Rare Cards Sparkle","Replay The Spire","Shade Mod","Shop Mod","Spikes Relics","StSLib","Stuff the Spire","The Animator","The Blackbeard","The Bladedancer","The Blue Laboratory","The Cursed","The Druid","The Forsaken","The Gatherer","The Hayseed","The Hierophant","The Juggle","The Runesmith","The Servant 0.9.4","TheArtist","Waifu the Spire","Wandering Minibosses","slay the spire mod where everything is the same but ironclad has a cowboy hat","vexMod"],"gold_per_floor":[99,130,142,142,167,98,148,148,165,192,209,184,202,202,220,321,321,246,246,258,272,282,282,328,328,65,65,76,76,176,193,210,257,257,182,191,191,218,313,330,353,353,353],"floor_reached":42,"playtime":3679,"items_purged":["animator:Curse_Greed"],"score":516,"play_id":"50adb6f2-52dc-421b-8120-54a245700738","local_time":"20201218210647","is_ascension_mode":false,"campfire_choices":[{"floor":8,"key":"REST"},{"data":"sneckomod:Transmogrify","floor":18,"key":"SMITH"},{"floor":23,"key":"REST"},{"data":"sneckomod:MorePower","floor":25,"key":"SMITH"},{"floor":27,"key":"RECALL"},{"data":"sneckomod:Transmogrify","floor":35,"key":"SMITH"},{"data":"sneckomod:Transmogrify","floor":37,"key":"SMITH"}],"circlet_count":0,"master_deck":["sneckomod:Strike","sneckomod:Strike","sneckomod:Defend","sneckomod:Defend","sneckomod:Defend","sneckomod:TailWhip","sneckomod:SnekBite","sneckomod:Unknown","sneckomod:Unknown+1","sneckomod:QuickBite","sneckomod:UnknownBlock","sneckomod:UnknownStrike+1","sneckomod:MorePower+1","sneckomod:UnknownRarePower+1","sneckomod:QuickBite","sneckomod:UnknownClassORANGE+1","sneckomod:UnknownX","sneckomod:DiceCrush+1","sneckomod:UnknownDexterity+1","sneckomod:Unknown1Cost","Regret","sneckomod:UnknownClassDEFAULT_GRAY_COLOR+1","sneckomod:UnknownClassORANGE","sneckomod:Unknown2Cost+1","sneckomod:Transmogrify+1","sneckomod:UnknownBlock","sneckomod:UnknownWeak","sneckomod:QuickBite+1","sneckomod:UnknownEthereal+1","sneckomod:Unknown1Cost+1","sneckomod:UnknownRarePower","sneckomod:UnknownClassORANGE+1","sneckomod:RainOfDice+1","sneckomod:UnknownDexterity+1","sneckomod:UnknownBlock","sneckomod:UnknownUncommonAttack+1","sneckomod:DiceBlock+1","sneckomod:UnknownUncommonPower+1","sneckomod:Transmogrify+1","sneckomod:UnknownEthereal+1","sneckomod:Transmogrify+1","sneckomod:MasterEye+1","sneckomod:UnknownStrike+1","sneckomod:UnknownDexterity+1","sneckomod:QuickMove+1","sneckomod:Unknown1Cost+1","sneckomod:UnknownVulnerable+1"],"relics":["sneckomod:SneckoSoul","MerchantsRug","vexMod:FocusSash","downfall:HeartBlessingGreen","downfall:CloakOfManyFaces","CultistMask","FaceOfCleric","NlothsMask","GremlinMask","SsserpentHead","PreservedInsect","hubris:Backtick","downfall:HeartBlessingRed","ReplayTheSpireMod:CursedCoin","ReplayTheSpireMod:Ninjato","infinitespire:Lucky Rock","conspire:RoyalGoblet"],"acts_visited":["Exordium","TheCity","TheBeyond"],"potions_floor_usage":[16,16,32],"damage_taken":[{"damage":8,"enemies":"Lagavulin","floor":2,"turns":7},{"damage":11,"enemies":"Jaw Worm","floor":3,"turns":3},{"damage":27,"enemies":"3 Sentries","floor":5,"turns":5},{"damage":10,"enemies":"downfall:FleeingMerchant","floor":6,"turns":4},{"damage":0,"enemies":"Small Slimes","floor":9,"turns":3},{"damage":23,"enemies":"Gremlin Nob","floor":10,"turns":4},{"damage":0,"enemies":"Cultist","floor":11,"turns":2},{"damage":36,"enemies":"Large Slime","floor":13,"turns":7},{"damage":6,"enemies":"Blue Slaver","floor":15,"turns":3},{"damage":8,"enemies":"downfall:Watcher","floor":16,"turns":6},{"damage":5,"enemies":"Shell Parasite","floor":20,"turns":4},{"damage":20,"enemies":"Centurion and Healer","floor":21,"turns":7},{"damage":3,"enemies":"Snecko","floor":22,"turns":3},{"damage":0,"enemies":"downfall:FleeingMerchant","floor":26,"turns":4},{"damage":8,"enemies":"Cultist and Chosen","floor":28,"turns":4},{"damage":0,"enemies":"downfall:FaceTrader","floor":30,"turns":4},{"damage":3,"enemies":"Centurion and Healer","floor":31,"turns":8},{"damage":22,"enemies":"Sentry and Sphere","floor":32,"turns":6},{"damage":25,"enemies":"downfall:Defect","floor":33,"turns":9},{"damage":15,"enemies":"downfall:FleeingMerchant","floor":36,"turns":4},{"damage":28,"enemies":"3 Darklings","floor":38,"turns":4},{"damage":54,"enemies":"2 Orb Walkers","floor":39,"turns":5},{"damage":24,"enemies":"Orb Walker","floor":40,"turns":4},{"damage":38,"enemies":"3 Darklings","floor":42,"turns":4}],"seed_played":"-3766531054309293146","potions_obtained":[{"floor":3,"key":"blueLaboratory:FrostheartPotion"},{"floor":5,"key":"FearPotion"},{"floor":9,"key":"sneckomod:MuddlingPotion"},{"floor":13,"key":"DistilledChaos"},{"floor":30,"key":"Weak Potion"}],"is_trial":false,"path_per_floor":["R_BF","E","M","?","E","$","T","R","M","E","M","?","M","?","M","B",null,"R","?","M","M","M","R","T","R","$","R","M","?","?","M","M","B",null,"R","$","R","M","?","M","T","M"],"character_chosen":"THE_SNECKO","items_purchased":["MerchantsRug","hubris:Spice","ReplayTheSpireMod:CursedCoin","sneckomod:MasterEye+1"],"campfire_rested":2,"item_purchase_floors":[6,26,36,36],"current_hp_per_floor":[99,91,81,86,60,50,50,81,82,63,63,63,29,29,25,18,114,114,114,99,80,86,123,123,123,135,135,128,128,130,129,117,93,143,143,130,130,104,52,31,31,0,0],"gold":353,"neow_bonus":"TEN_PERCENT_HP_BONUS","is_daily":false,"chose_seed":false,"campfire_upgraded":4,"win_rate":0.0,"timestamp":1608354407,"path_taken":["R_BF","E","M","?","E","$","T","R","M","E","M","?","M","?","M","BOSS","R","?","M","M","M","R","T","R","$","R","M","?","?","M","M","BOSS","R","$","R","M","?","M","T","M"],"items_purchased_type":["Relic","Relic","Relic","Card"],"build_version":"2020-12-13","purchased_purges":1,"victory":false,"max_hp_per_floor":[99,99,100,105,106,106,106,106,107,109,109,109,111,111,113,114,114,114,114,115,116,125,125,125,125,135,135,128,128,130,132,142,143,143,143,145,145,147,149,152,152,152,152],"card_choices":[{"not_picked":["sneckomod:PureSnecko","sneckomod:UnknownBlock"],"picked":"sneckomod:QuickBite","floor":2},{"not_picked":["sneckomod:SnekBeam","sneckomod:QuickMove"],"picked":"sneckomod:UnknownBlock","floor":3},{"not_picked":["sneckomod:SoulDraw","sneckomod:Nope"],"picked":"sneckomod:UnknownStrike","floor":5},{"not_picked":["sneckomod:UnknownStrike","sneckomod:DiceBlock"],"picked":"sneckomod:MorePower","floor":6},{"not_picked":["sneckomod:UnknownClassSHADE_COLOR+1","sneckomod:UnknownClassEV_BLUE_COLOR+1"],"picked":"sneckomod:UnknownRarePower+1","floor":9},{"not_picked":["sneckomod:SoulRoll","sneckomod:UnknownVulnerable"],"picked":"sneckomod:QuickBite","floor":9},{"not_picked":["sneckomod:UnknownClassBLACKBEARD_BLACK+1","sneckomod:UnknownClassTHE_CHAMP_GRAY+1"],"picked":"sneckomod:UnknownClassORANGE+1","floor":10},{"not_picked":["sneckomod:Nope","sneckomod:SlitherStrike"],"picked":"sneckomod:UnknownX","floor":10},{"not_picked":["sneckomod:IronFang","sneckomod:WideSting"],"picked":"sneckomod:DiceCrush","floor":11},{"not_picked":["sneckomod:UnknownClassGATHERER_LIME+1","sneckomod:UnknownClassDEFAULT_GRAY_COLOR+1"],"picked":"sneckomod:UnknownDexterity+1","floor":13},{"not_picked":["sneckomod:UnknownClassTHE_ANIMATOR","sneckomod:UnknownWeak"],"picked":"sneckomod:Unknown1Cost","floor":13},{"not_picked":["sneckomod:UnknownClassINFINITE_BLACK+1","sneckomod:UnknownClassPALE_SHOWMAN_PURPLE_COLOR+1"],"picked":"sneckomod:UnknownClassDEFAULT_GRAY_COLOR+1","floor":15},{"not_picked":["sneckomod:UnknownStrike","sneckomod:UnknownClassRUNESMITH_BEIGE"],"picked":"sneckomod:UnknownClassORANGE","floor":15},{"not_picked":["sneckomod:UnknownCommonSkill+1","sneckomod:UnknownStrike+1"],"picked":"sneckomod:Unknown2Cost+1","floor":16},{"not_picked":["sneckomod:UnknownRarePower","sneckomod:UnknownRareAttack"],"picked":"sneckomod:Transmogrify","floor":16},{"not_picked":["sneckomod:DefensiveFlair+1","sneckomod:DiceCrush"],"picked":"sneckomod:UnknownBlock","floor":20},{"not_picked":["sneckomod:SoulDraw","sneckomod:UnknownExhaust+1"],"picked":"sneckomod:UnknownWeak","floor":21},{"not_picked":["sneckomod:UnknownClassBLADEMASTER_GRAY+1","sneckomod:UnknownClassFORSAKEN_GOLD_COLOR+1","sneckomod:UnknownClassRED+1"],"picked":"SKIP","floor":21},{"not_picked":["sneckomod:DiceCrush","sneckomod:UnknownClassTHE_SIMPLETON_BLUE"],"picked":"sneckomod:QuickBite+1","floor":22},{"not_picked":["sneckomod:UnknownClassTHE_ANIMATOR+1","sneckomod:UnknownClassBLACKBEARD_BLACK+1"],"picked":"sneckomod:UnknownEthereal+1","floor":22},{"not_picked":["sneckomod:UnknownClassTHE_SIMPLETON_BLUE+1","sneckomod:UnknownClassGREEN+1"],"picked":"sneckomod:Unknown1Cost+1","floor":26},{"not_picked":["sneckomod:UnknownStrike","sneckomod:SlitherStrike"],"picked":"sneckomod:UnknownRarePower","floor":26},{"not_picked":["sneckomod:UnknownClassTHE_UNNAMED+1","sneckomod:UnknownClassASTROLOGER+1"],"picked":"sneckomod:UnknownClassORANGE+1","floor":28},{"not_picked":["sneckomod:Unknown1Cost+1","sneckomod:SoulDraw"],"picked":"sneckomod:RainOfDice+1","floor":28},{"not_picked":["sneckomod:UnknownClassRED+1","sneckomod:UnknownUncommonSkill+1"],"picked":"sneckomod:UnknownDexterity+1","floor":30},{"not_picked":["hubris:SpiceAddiction","sneckomod:UnknownClassBLADEMASTER_GRAY"],"picked":"sneckomod:UnknownBlock","floor":30},{"not_picked":["sneckomod:UnknownClassTHE_SIMPLETON_BLUE+1","sneckomod:UnknownClassRED+1"],"picked":"sneckomod:UnknownUncommonAttack+1","floor":31},{"not_picked":["sneckomod:UnknownClassGATHERER_LIME","sneckomod:SoulRoll+1"],"picked":"sneckomod:DiceBlock+1","floor":31},{"not_picked":["sneckomod:Unknown0Cost+1","sneckomod:UnknownCommonSkill+1"],"picked":"sneckomod:UnknownUncommonPower+1","floor":32},{"not_picked":["sneckomod:IronFang+1","sneckomod:UnknownClassTHE_CHAMP_GRAY","sneckomod:DiceBoulder"],"picked":"SKIP","floor":32},{"not_picked":["sneckomod:UnknownRarePower","sneckomod:UnknownRareSkill"],"picked":"sneckomod:Transmogrify","floor":33},{"not_picked":["sneckomod:UnknownClassDEFAULT_GRAY_COLOR+1","sneckomod:UnknownClassGATHERER_LIME+1"],"picked":"sneckomod:UnknownEthereal+1","floor":36},{"not_picked":["hubris:SpiceAddiction","sneckomod:RainOfDice+1"],"picked":"sneckomod:Transmogrify","floor":36},{"not_picked":["sneckomod:UnknownClassRED+1","sneckomod:UnknownUncommonSkill+1"],"picked":"sneckomod:UnknownStrike+1","floor":38},{"not_picked":["sneckomod:UnknownVulnerable+1","sneckomod:UnknownClassTHE_CHAMP_GRAY+1"],"picked":"sneckomod:UnknownDexterity+1","floor":39},{"not_picked":["hubris:SpiceAddiction","sneckomod:UnknownClassBLUE"],"picked":"sneckomod:QuickMove+1","floor":39},{"not_picked":["sneckomod:UnknownClassARTIST_RAINBOW_COLOR+1","sneckomod:UnknownClassTHE_CHAMP_GRAY+1"],"picked":"sneckomod:Unknown1Cost+1","floor":40},{"not_picked":["sneckomod:UnknownClassGATHERER_LIME+1","sneckomod:Rotation+1"],"picked":"sneckomod:UnknownVulnerable+1","floor":40}],"player_experience":39614,"relics_obtained":[{"floor":2,"key":"infinitespire:Lucky Rock"},{"floor":5,"key":"conspire:Flyswatter"},{"floor":7,"key":"Lantern"},{"floor":10,"key":"aspiration:ChemicalBlood"},{"floor":20,"key":"infinitespire:Lucky Rock"},{"floor":21,"key":"PreservedInsect"},{"floor":22,"key":"hubris:Backtick"},{"floor":24,"key":"aspiration:Lifesprig"},{"floor":26,"key":"PreservedInsect"},{"floor":28,"key":"hubris:Spice"},{"floor":30,"key":"downfall:CloakOfManyFaces"},{"floor":31,"key":"PreservedInsect"},{"floor":32,"key":"hubris:Spice"},{"floor":33,"key":"hubris:Backtick"},{"floor":36,"key":"ReplayTheSpireMod:Ninjato"},{"floor":39,"key":"ReplayTheSpireMod:Ninjato"},{"floor":39,"key":"infinitespire:Lucky Rock"},{"floor":40,"key":"conspire:RoyalGoblet"}],"event_choices":[{"damage_healed":0,"gold_gain":0,"player_choice":"Donut","damage_taken":0,"max_hp_gain":5,"max_hp_loss":0,"event_name":"Big Fish","floor":4,"gold_loss":0},{"damage_healed":0,"gold_gain":0,"player_choice":"Leave","damage_taken":0,"max_hp_gain":0,"max_hp_loss":0,"event_name":"conspire:Investor","floor":19,"gold_loss":0},{"damage_healed":0,"gold_gain":0,"player_choice":"Fight","damage_taken":0,"max_hp_gain":0,"max_hp_loss":0,"event_name":"Mysterious Sphere","floor":39,"gold_loss":0}],"is_beta":false,"boss_relics":[{"not_picked":["Ring of Chaos","Replay:Ancient Bell"],"picked":"halation:SmartPhone"},{"not_picked":["halation:LoveArrow","energizedSpire:StickyHand"],"picked":"conspire:RoyalGoblet"}],"items_purged_floors":[36],"is_endless":false,"potions_floor_spawned":[3,5,9,13,15,30],"killed_by":"3 Darklings","ascension_level":0}}