{"host":"q387i5o1hp66091u","time":1608360643,"event":{"mods":["2.2 Compatiblity","BaseMod","Minty Spire (QoL Compilation)","Rare Cards Sparkle"],"gold_per_floor":[117,130,141,151,167,202,219,253,253,218,233,258,278,288,288,390,390,403,403,320,340,360,387,387,412,412,412,247,261,261,261],"floor_reached":30,"playtime":2178,"items_purged":[],"score":363,"play_id":"e736bb5f-0f6f-44f8-a9f5-60fe6c87ea3c","local_time":"20201219155043","is_ascension_mode":true,"campfire_choices":[{"data":"Eruption","floor":15,"key":"SMITH"},{"floor":27,"key":"REST"}],"circlet_count":0,"master_deck":["Strike_P","Strike_P","Strike_P","Strike_P","Defend_P","Defend_P","Defend_P","Eruption+1","Vigilance","FollowUp","ThirdEye","TalkToTheHand","CarveReality","TalkToTheHand","CutThroughFate","Conclude","Nirvana","FearNoEvil","Indignation","Adaptation+1","JustLucky","Establishment+1","CurseOfTheBell","Evaluate","Panacea","Halt+1","Perseverance","FlyingSleeves","Sanctity","LikeWater+1","CarveReality","Crescendo","Perseverance"],"relics":["PureWater","Ancient Tea Set","Centennial Puzzle","Frozen Egg 2","Kunai","Calling Bell","PreservedInsect","StrikeDummy","GoldenEye","Pantograph","Bronze Scales","Matryoshka"],"acts_visited":["Exordium","TheCity"],"potions_floor_usage":[6,8,12,22,23,25,25,30],"damage_taken":[{"damage":0,"enemies":"Small Slimes","floor":1,"turns":2},{"damage":2,"enemies":"Cultist","floor":2,"turns":3},{"damage":0,"enemies":"Jaw Worm","floor":3,"turns":3},{"damage":7,"enemies":"3 Louse","floor":4,"turns":5},{"damage":6,"enemies":"Red Slaver","floor":5,"turns":4},{"damage":6,"enemies":"Gremlin Nob","floor":6,"turns":3},{"damage":7,"enemies":"Lots of Slimes","floor":7,"turns":5},{"damage":0,"enemies":"Lagavulin","floor":8,"turns":4},{"damage":0,"enemies":"2 Fungi Beasts","floor":11,"turns":2},{"damage":0,"enemies":"Gremlin Nob","floor":12,"turns":2},{"damage":0,"enemies":"Looter","floor":13,"turns":2},{"damage":11,"enemies":"Exordium Wildlife","floor":14,"turns":2},{"damage":20,"enemies":"Hexaghost","floor":16,"turns":6},{"damage":19,"enemies":"Shell Parasite","floor":18,"turns":7},{"damage":1,"enemies":"Spheric Guardian","floor":21,"turns":5},{"damage":8,"enemies":"Cultist and Chosen","floor":22,"turns":4},{"damage":16,"enemies":"Gremlin Leader","floor":23,"turns":4},{"damage":30,"enemies":"Slavers","floor":25,"turns":5},{"damage":10,"enemies":"Snecko","floor":29,"turns":6},{"damage":21,"enemies":"Gremlin Leader","floor":30,"turns":4}],"seed_played":"4312374365103205801","potions_obtained":[{"floor":1,"key":"FearPotion"},{"floor":3,"key":"FearPotion"},{"floor":4,"key":"FearPotion"},{"floor":6,"key":"BottledMiracle"},{"floor":12,"key":"EssenceOfSteel"},{"floor":13,"key":"BlessingOfTheForge"},{"floor":22,"key":"PowerPotion"},{"floor":23,"key":"GamblersBrew"}],"is_trial":false,"path_per_floor":["M","M","M","M","M","E","M","E","T","?","M","E","M","M","R","B",null,"M","?","$","M","M","E","$","E","T","R","$","M","E"],"character_chosen":"WATCHER","items_purchased":["Panacea","LikeWater+1","CarveReality","Crescendo"],"campfire_rested":1,"item_purchase_floors":[20,28,28,28],"current_hp_per_floor":[79,77,77,70,64,58,51,51,51,70,70,70,70,59,59,39,79,60,60,60,59,51,35,35,5,5,28,28,18,0,0],"gold":261,"neow_bonus":"TEN_PERCENT_HP_BONUS","is_daily":false,"chose_seed":false,"campfire_upgraded":1,"win_rate":0.0,"timestamp":1608360643,"path_taken":["M","M","M","M","M","E","M","E","T","?","M","E","M","M","R","BOSS","M","?","$","M","M","E","?","E","T","R","$","M","E"],"items_purchased_type":["Card","Card","Card","Card"],"build_version":"2020-12-13","purchased_purges":0,"victory":false,"max_hp_per_floor":[79,79,79,79,79,79,79,79,79,79,79,79,79,79,79,79,79,79,79,79,79,79,79,79,79,79,79,79,79,79,79],"card_choices":[{"not_picked":["WreathOfFlame","FlurryOfBlows"],"picked":"FollowUp","floor":1},{"not_picked":["Conclude","WreathOfFlame"],"picked":"ThirdEye","floor":2},{"not_picked":["ClearTheMind","JustLucky"],"picked":"TalkToTheHand","floor":3},{"not_picked":["ClearTheMind","WaveOfTheHand"],"picked":"CarveReality","floor":4},{"not_picked":["EmptyBody","EmptyFist"],"picked":"TalkToTheHand","floor":5},{"not_picked":["PathToVictory","Evaluate"],"picked":"CutThroughFate","floor":6},{"not_picked":["Worship","Halt"],"picked":"Conclude","floor":7},{"not_picked":["Adaptation","Evaluate"],"picked":"Nirvana","floor":8},{"not_picked":["Prostrate","Protect"],"picked":"FearNoEvil","floor":11},{"not_picked":["Brilliance","Crescendo"],"picked":"Indignation","floor":12},{"not_picked":["CarveReality","Evaluate"],"picked":"Adaptation+1","floor":13},{"not_picked":["Collect","EmptyMind"],"picked":"JustLucky","floor":14},{"not_picked":["Alpha","Ragnarok"],"picked":"Establishment+1","floor":16},{"not_picked":["Halt","JustLucky"],"picked":"Evaluate","floor":18},{"not_picked":["SashWhip","ForeignInfluence"],"picked":"Halt+1","floor":21},{"not_picked":["TalkToTheHand","Conclude+1"],"picked":"Perseverance","floor":22},{"not_picked":["CrushJoints","Vault"],"picked":"FlyingSleeves","floor":23},{"not_picked":["Consecrate","EmptyBody"],"picked":"Sanctity","floor":25},{"not_picked":["Crescendo","EmptyFist"],"picked":"Perseverance","floor":29}],"player_experience":555239,"relics_obtained":[{"floor":6,"key":"Ancient Tea Set"},{"floor":8,"key":"Centennial Puzzle"},{"floor":9,"key":"Frozen Egg 2"},{"floor":12,"key":"Kunai"},{"floor":17,"key":"PreservedInsect"},{"floor":17,"key":"StrikeDummy"},{"floor":17,"key":"GoldenEye"},{"floor":23,"key":"Pantograph"},{"floor":25,"key":"Bronze Scales"},{"floor":26,"key":"Matryoshka"}],"event_choices":[{"damage_healed":19,"gold_gain":0,"player_choice":"Healed","damage_taken":0,"max_hp_gain":0,"max_hp_loss":0,"event_name":"The Cleric","floor":10,"gold_loss":35},{"cards_removed":["Defend_P"],"damage_healed":0,"gold_gain":0,"player_choice":"Purged","damage_taken":0,"max_hp_gain":0,"max_hp_loss":0,"event_name":"Purifier","floor":19,"gold_loss":0}],"is_beta":false,"boss_relics":[{"not_picked":["SacredBark","HolyWater"],"picked":"Calling Bell"}],"items_purged_floors":[],"is_endless":false,"potions_floor_spawned":[1,3,4,6,12,13,14,22,23],"killed_by":"Gremlin Leader","ascension_level":1}}