{"host":"k6v1xkuzrj71f4ss","time":1608358127,"event":{"mods":["Act Like it!","BaseMod","Bestiary","BetterRewards","Block Reminder","Colored Map","Colored Powertips","Curses Come First","Hubris","Minty Spire (QoL Compilation)","Quick Restart","Relic Stats","Remove Card Discount Mod","Spicy Shops","StSLib","óô»ðÖ¸ÄÏ"],"gold_per_floor":[109,8888,7685,7685,7122,7151,6280,6308,6331,6364,6364,6364,6379,6353,6353,6450,6450,6450,6450],"floor_reached":18,"playtime":1713,"items_purged":["Strike_R","Strike_R","Strike_R","Defend_R","Strike_R"],"score":219,"play_id":"841eb3cc-4870-4fdf-ad49-cbf47fafb625","local_time":"20201219140847","is_ascension_mode":true,"campfire_choices":[{"data":"hubris:DuctTapeCard","floor":15,"key":"SMITH"}],"circlet_count":0,"master_deck":["Strike_R+1","Defend_R","Defend_R","Defend_R","Bash","Feed","Rage","Bloodletting","Trip+1","Wild Strike","Seeing Red","Sword Boomerang","Whirlwind","Twin Strike","Limit Break+1","hubris:DuctTapeCard+2","Pommel Strike","Double Tap"],"relics":["Burning Blood","Toy Ornithopter","Happy Flower","Strange Spoon","Bag of Marbles","hubris:EmptyBottle","Bottled Flame","TheAbacus","hubris:TinFlute","hubris:ChampionShield","Potion Belt","Centennial Puzzle","Strawberry","DollysMirror","Omamori","Nunchaku","hubris:DuctTape","FaceOfCleric","Snecko Eye"],"acts_visited":["Exordium","TheCity"],"potions_floor_usage":[6],"damage_taken":[{"damage":6.0,"enemies":"2 Louse","floor":1.0,"turns":3.0},{"damage":7.0,"enemies":"Small Slimes","floor":2.0,"turns":3.0},{"damage":25,"enemies":"3 Sentries","floor":6,"turns":6},{"damage":8,"enemies":"Lagavulin","floor":8,"turns":4},{"damage":4,"enemies":"Gremlin Nob","floor":10,"turns":3},{"damage":0,"enemies":"Cultist","floor":13,"turns":3},{"damage":6,"enemies":"Hexaghost","floor":16,"turns":6},{"damage":101,"enemies":"Shell Parasite","floor":18,"turns":9}],"seed_played":"5163340179141256670","potions_obtained":[{"floor":2.0,"key":"EssenceOfSteel"},{"floor":13,"key":"DuplicationPotion"},{"floor":16,"key":"SpeedPotion"}],"is_trial":false,"path_per_floor":["M","M","$","?","$","E","R","E","T","E","?","?","M","?","R","B",null,"M"],"character_chosen":"IRONCLAD","items_purchased":["Trip","Toy Ornithopter","Happy Flower","Strange Spoon","Bag of Marbles","hubris:EmptyBottle","Wild Strike","Bottled Flame","Seeing Red","TheAbacus","hubris:EnhanceAbility","Sword Boomerang","hubris:ChampionShield","Potion Belt","Centennial Puzzle","Strawberry","Twin Strike","DollysMirror"],"campfire_rested":0,"item_purchase_floors":[3,3,3,3,3,3,3,3,5,5,5,5,7,7,7,7,7,7],"current_hp_per_floor":[83,85,85,68,68,57,64,62,62,64,64,64,71,71,71,72,98,0,0],"gold":6450,"neow_bonus":"ONE_RANDOM_RARE_CARD","is_daily":false,"chose_seed":false,"campfire_upgraded":1,"win_rate":0.0,"timestamp":1608358127,"path_taken":["M","M","$","?","$","E","R","E","T","E","?","?","?","?","R","BOSS","M"],"items_purchased_type":["Card","Relic","Relic","Relic","Relic","Relic","Card","Relic","Card","Relic","Card","Card","Relic","Relic","Relic","Relic","Card","Relic"],"build_version":"2020-12-13","purchased_purges":5,"victory":false,"max_hp_per_floor":[83,86,86,86,86,89,96,96,96,96,96,96,97,97,97,98,98,98,98],"relic_stats":{"Strange Spoon":[3],"Centennial Puzzle":[12],"Nunchaku":[2],"TheAbacus":[42],"Happy Flower":[10],"FaceOfCleric":2,"counters":[8,37],"Snecko Eye":[14,14,11,23],"obtain_stats":[{"Potion Belt":7,"Happy Flower":3,"hubris:DuctTape":10,"Omamori":8,"hubris:EmptyBottle":3,"Burning Blood":0,"Strange Spoon":3,"Bottled Flame":3,"Centennial Puzzle":7,"Nunchaku":9,"TheAbacus":5,"FaceOfCleric":12,"DollysMirror":7,"Strawberry":7,"Snecko Eye":17,"Bag of Marbles":3,"hubris:ChampionShield":7,"Toy Ornithopter":3,"hubris:TinFlute":6},{"Potion Belt":3,"Happy Flower":2,"hubris:DuctTape":5,"Omamori":4,"hubris:EmptyBottle":2,"Burning Blood":0,"Strange Spoon":2,"Bottled Flame":2,"Centennial Puzzle":3,"Nunchaku":4,"TheAbacus":2,"FaceOfCleric":5,"DollysMirror":3,"Strawberry":3,"Snecko Eye":7,"Bag of Marbles":2,"hubris:ChampionShield":3,"Toy Ornithopter":2,"hubris:TinFlute":3},{"Potion Belt":12,"Happy Flower":6,"hubris:DuctTape":19,"Omamori":16,"hubris:EmptyBottle":6,"Burning Blood":0,"Strange Spoon":6,"Bottled Flame":6,"Centennial Puzzle":12,"Nunchaku":16,"TheAbacus":6,"FaceOfCleric":19,"DollysMirror":12,"Strawberry":12,"Snecko Eye":28,"Bag of Marbles":6,"hubris:ChampionShield":12,"Toy Ornithopter":6,"hubris:TinFlute":12}],"Burning Blood":42,"Toy Ornithopter":5},"card_choices":[{"not_picked":["Pommel Strike","Shrug It Off"],"picked":"Rage","floor":1.0},{"not_picked":["Wild Strike","Inflame"],"picked":"Bloodletting","floor":2.0},{"not_picked":["Anger","Dual Wield"],"picked":"Whirlwind","floor":6},{"not_picked":["Hemokinesis","Flame Barrier"],"picked":"Limit Break","floor":8},{"not_picked":["Dark Embrace","Rage","Heavy Blade"],"picked":"SKIP","floor":10},{"not_picked":["Dark Embrace","Rage","Heavy Blade"],"picked":"SKIP","floor":10},{"not_picked":["Wild Strike","Shockwave"],"picked":"Pommel Strike","floor":13},{"not_picked":["Impervious","Feed"],"picked":"Double Tap","floor":16}],"player_experience":99872,"relics_obtained":[{"floor":6,"key":"hubris:TinFlute"},{"floor":8,"key":"Omamori"},{"floor":9,"key":"Nunchaku"},{"floor":10,"key":"hubris:DuctTape"}],"event_choices":[{"damage_healed":0,"gold_gain":0,"player_choice":"Entered Light","damage_taken":17,"max_hp_gain":0,"max_hp_loss":0,"event_name":"Shining Light","floor":4,"gold_loss":0,"cards_upgraded":["Trip","Strike_R"]},{"damage_healed":0,"gold_gain":0,"player_choice":"Grow","damage_taken":0,"max_hp_gain":0,"max_hp_loss":0,"event_name":"Living Wall","floor":11,"gold_loss":0,"cards_upgraded":["Limit Break"]},{"damage_healed":0,"gold_gain":0,"player_choice":"Trade","damage_taken":0,"relics_obtained":["FaceOfCleric"],"max_hp_gain":0,"max_hp_loss":0,"event_name":"FaceTrader","floor":12,"gold_loss":0},{"damage_healed":0,"gold_gain":0,"player_choice":"Left Gold","damage_taken":0,"max_hp_gain":0,"max_hp_loss":0,"event_name":"World of Goop","floor":14,"gold_loss":26}],"is_beta":false,"boss_relics":[{"not_picked":["Fusion Hammer","hubris:GrandSneckoEye"],"picked":"Snecko Eye"}],"items_purged_floors":[5,5,5,5,7],"is_endless":false,"potions_floor_spawned":[2,13,16],"killed_by":"Shell Parasite","ascension_level":2}}