{"host":"1ewc6jxpaqi263j3","time":1608381305,"event":{"mods":["Act Like it!","BaseMod","Better Vampires","Better-Laid Plans","BetterRewards","Card Forge","Colored Map","Elementarium","Gensokyo","Hallownest","HololiveMod","Luminous","Menagerie","Minty Spire (QoL Compilation)","Quick Restart","Rare Cards Sparkle","Shop Mod","StSLib","The Animator","The Bug Knight","UnlockEverythingMod"],"gold_per_floor":[114,40,50,50,50,97,97,115,115,115,125,24,24,0,0,117,117,128,150,1,1,1,1,12,34,107,107,107],"floor_reached":27,"playtime":1000,"items_purged":["animator:Strike"],"score":236,"play_id":"edc181c8-d662-42b1-8585-ccb341dd278a","local_time":"20201219203505","is_ascension_mode":false,"campfire_choices":[{"data":"animator:DolaSchwi","floor":7.0,"key":"SMITH"},{"data":"animator:Vanir","floor":13.0,"key":"SMITH"},{"data":"animator:HigakiRinne","floor":15.0,"key":"SMITH"},{"data":"animator:DolaRiku","floor":23,"key":"SMITH"}],"circlet_count":0,"master_deck":["animator:Strike_NoGameNoLife","animator:Defend_NoGameNoLife","animator:Defend","animator:Defend","animator:DolaSchwi+1","animator:DolaCouronne","animator:Sebas","animator:Megumin+9","animator:Mitsurugi","animator:YunYun","animator:Mitsurugi","animator:Jibril","animator:DolaCouronne","animator:HigakiRinne+1","animator:Vanir+1","animator:DolaCouronne","animator:MadokaKaname","animator:Verdia","animator:ElricEdward","animator:Rimuru","animator:DolaRiku+1","animator:OrikoMikuni","animator:YuiTsuruno"],"relics":["animator:LivingPicture","animator:TheMissingPiece","Hammer of Thor","Seething Fire","Anvil of the Gods","NeowsBlessing","Boot","Letter Opener","animator:RacePiece","Toolbox","Pantograph","Frozen Eye"],"acts_visited":["Exordium","Gensokyo:Gensokyo"],"potions_floor_usage":[],"damage_taken":[{"damage":0.0,"enemies":"Gensokyo:Gryphon","floor":1.0,"turns":1.0},{"damage":0.0,"enemies":"Gensokyo:3_Fairies","floor":3.0,"turns":1.0},{"damage":0.0,"enemies":"Gensokyo:Aya","floor":6.0,"turns":1.0},{"damage":0.0,"enemies":"Gensokyo:2_Kodama","floor":8.0,"turns":2.0},{"damage":11.0,"enemies":"Gensokyo:CorruptedTreant","floor":11.0,"turns":3.0},{"damage":31,"enemies":"Gensokyo:Reimu","floor":16,"turns":11},{"damage":14,"enemies":"Gensokyo:CosmicMonolith","floor":18,"turns":3},{"damage":2,"enemies":"Gensokyo:2_Gloops","floor":19,"turns":4},{"damage":0,"enemies":"Gensokyo:Wraith","floor":24,"turns":2},{"damage":26,"enemies":"Gensokyo:Slime_Group","floor":25,"turns":4},{"damage":39,"enemies":"Gensokyo:Koishi","floor":27,"turns":4}],"seed_played":"2719783886252236804","potions_obtained":[{"floor":8.0,"key":"ColorlessPotion"},{"floor":11.0,"key":"Weak Potion"},{"floor":18,"key":"Dexterity Potion"},{"floor":25,"key":"DuplicationPotion"}],"is_trial":false,"path_per_floor":["M","$","M","?","?","E","R","M","T","?","M","$","R","$","R","B",null,"M","M","$","?","?","R","M","M","T","E"],"character_chosen":"THE_ANIMATOR","items_purchased":["animator:Megumin","animator:Vanir","animator:DolaCouronne","Toolbox"],"campfire_rested":0,"item_purchase_floors":[2,12,14,20],"current_hp_per_floor":[66,66,66,66,72,72,72,72,72,72,61,61,61,61,61,30,72,58,58,58,58,58,58,59,33,33,0,0],"gold":107,"neow_bonus":"THREE_ENEMY_KILL","is_daily":false,"chose_seed":false,"campfire_upgraded":4,"win_rate":0.0,"timestamp":1608381305,"path_taken":["M","$","M","?","?","E","R","?","T","?","M","$","R","$","R","BOSS","M","M","$","?","?","R","?","?","T","E"],"items_purchased_type":["Card","Card","Card","Relic"],"build_version":"2020-12-13","purchased_purges":1,"victory":false,"max_hp_per_floor":[66,66,66,66,72,72,72,72,72,72,72,72,72,72,72,72,72,72,72,72,72,72,72,73,73,73,73,73],"card_choices":[{"not_picked":["animator:Shuna","animator:Azekura"],"picked":"animator:Sebas","floor":1.0},{"not_picked":["animator:YuiTsuruno","animator:Emonzaemon"],"picked":"animator:Mitsurugi","floor":3.0},{"not_picked":["animator:MamiTomoe","animator:Entoma"],"picked":"animator:YunYun","floor":4.0},{"not_picked":["animator:IrohaTamaki","animator:Kazuma"],"picked":"animator:Mitsurugi","floor":4.0},{"not_picked":["animator:ElricAlphonse","animator:Cocytus"],"picked":"animator:Jibril","floor":6.0},{"not_picked":["animator:Jibril","animator:FielNirvalen"],"picked":"animator:DolaCouronne","floor":8.0},{"not_picked":["animator:Hakurou","animator:WinryRockbell"],"picked":"animator:HigakiRinne","floor":11.0},{"not_picked":["animator:Albedo","animator:Shizu"],"picked":"animator:MadokaKaname","floor":16},{"not_picked":["animator:ChlammyZell+1","animator:Sloth","animator:DolaCouronne"],"picked":"SKIP","floor":18},{"not_picked":["animator:GazelDwargon","animator:DolaCouronne"],"picked":"animator:ElricEdward","floor":19},{"not_picked":["animator:KyokoSakura","animator:MamiTomoe"],"picked":"animator:OrikoMikuni","floor":24},{"not_picked":["animator:Shuna","animator:Azekura+1"],"picked":"animator:YuiTsuruno","floor":25}],"player_experience":218149,"relics_obtained":[{"floor":6.0,"key":"Boot"},{"floor":9.0,"key":"Letter Opener"},{"floor":26,"key":"Pantograph"}],"event_choices":[],"is_beta":false,"boss_relics":[{"not_picked":["Fusion Hammer","animator:VividPicture"],"picked":"animator:RacePiece"}],"items_purged_floors":[12],"is_endless":false,"potions_floor_spawned":[8,11,18,25],"killed_by":"Gensokyo:Koishi","ascension_level":0}}