{"host":"x1qj4d8ympd5jdqh","time":1608387880,"event":{"mods":["AchievementEnabler","AlwaysNeverKeys","BaseMod","Colored Map","Custom Start","DeckTracker","Highlight Path","Minty Spire (QoL Compilation)","StSLib","SuperFastMode"],"gold_per_floor":[115,127,147,147,162,162,188,188,237,263,77,90,90,105,105,182,182,201,201,201],"floor_reached":19,"playtime":448,"items_purged":["Strike_R"],"score":458,"play_id":"385457ee-d0cd-4bcc-96fd-b5899f22aa96","local_time":"20201219232440","is_ascension_mode":true,"campfire_choices":[{"data":"Inflame","floor":6,"key":"SMITH"},{"data":"Blood for Blood","floor":8,"key":"SMITH"},{"floor":13,"key":"REST"},{"data":"Armaments","floor":15,"key":"SMITH"}],"circlet_count":0,"master_deck":["AscendersBane","Strike_R","Strike_R","Strike_R","Strike_R","Defend_R","Defend_R","Defend_R","Defend_R","Bash","Twin Strike","Anger","Inflame+1","Sword Boomerang","Blood for Blood+1","Barricade","Shrug It Off","Armaments+1","Second Wind","Juggernaut","Body Slam"],"relics":["Burning Blood","Gremlin Horn","Ancient Tea Set","Vajra"],"acts_visited":["Exordium","TheCity"],"potions_floor_usage":[7,10,16,16,16,18],"damage_taken":[{"damage":13,"enemies":"2 Louse","floor":1,"turns":3},{"damage":6,"enemies":"Cultist","floor":2,"turns":3},{"damage":7,"enemies":"Jaw Worm","floor":3,"turns":3},{"damage":0,"enemies":"Large Slime","floor":5,"turns":4},{"damage":22,"enemies":"3 Sentries","floor":7,"turns":8},{"damage":32,"enemies":"Gremlin Nob","floor":10,"turns":4},{"damage":7,"enemies":"Looter","floor":12,"turns":3},{"damage":0,"enemies":"Blue Slaver","floor":14,"turns":1},{"damage":0,"enemies":"The Guardian","floor":16,"turns":16},{"damage":58,"enemies":"2 Thieves","floor":18,"turns":5},{"damage":13,"enemies":"3 Byrds","floor":19,"turns":2}],"seed_played":"-6640977812342552551","potions_obtained":[{"floor":2,"key":"SneckoOil"},{"floor":4,"key":"Dexterity Potion"},{"floor":4,"key":"HeartOfIron"},{"floor":7,"key":"Regen Potion"},{"floor":10,"key":"Fire Potion"},{"floor":12,"key":"EntropicBrew"},{"floor":16,"key":"SpeedPotion"}],"is_trial":false,"path_per_floor":["M","M","M","?","M","R","E","R","T","E","$","M","R","M","R","B",null,"M","M"],"character_chosen":"IRONCLAD","items_purchased":["Shrug It Off","Armaments"],"campfire_rested":1,"item_purchase_floors":[11,11],"current_hp_per_floor":[61,61,60,60,66,66,50,50,50,29,29,28,50,56,56,62,72,32,19,19],"gold":201,"neow_bonus":"THREE_CARDS","is_daily":false,"chose_seed":false,"campfire_upgraded":3,"win_rate":0.0,"timestamp":1608387880,"path_taken":["M","M","M","?","M","R","E","R","T","E","$","M","R","M","R","BOSS","M","?"],"items_purchased_type":["Card","Card"],"build_version":"2020-12-13","purchased_purges":1,"victory":false,"max_hp_per_floor":[75,75,75,75,75,75,75,75,75,75,75,75,75,75,75,75,75,75,75,75],"card_choices":[{"not_picked":["Havoc","Cleave"],"picked":"Twin Strike","floor":0},{"not_picked":["True Grit","Dark Embrace"],"picked":"Anger","floor":1},{"not_picked":["Flex","Armaments"],"picked":"Inflame","floor":2},{"not_picked":["Perfected Strike","Intimidate"],"picked":"Sword Boomerang","floor":3},{"not_picked":["Iron Wave","Flex","Twin Strike"],"picked":"SKIP","floor":5},{"not_picked":["Twin Strike","Sentinel"],"picked":"Blood for Blood","floor":7},{"not_picked":["Warcry","Shockwave"],"picked":"Barricade","floor":10},{"not_picked":["Perfected Strike","Hemokinesis"],"picked":"Second Wind","floor":12},{"not_picked":["Iron Wave","Perfected Strike","Rupture"],"picked":"SKIP","floor":14},{"not_picked":["Brutality","Feed"],"picked":"Juggernaut","floor":16},{"not_picked":["Shockwave","Anger"],"picked":"Body Slam","floor":18}],"player_experience":1249015,"relics_obtained":[{"floor":7,"key":"Gremlin Horn"},{"floor":9,"key":"Ancient Tea Set"},{"floor":10,"key":"Vajra"}],"event_choices":[{"damage_healed":0,"gold_gain":0,"player_choice":"Got Potions","damage_taken":0,"max_hp_gain":0,"max_hp_loss":0,"event_name":"Lab","floor":4,"gold_loss":0}],"is_beta":false,"boss_relics":[{"not_picked":["Ectoplasm","Runic Dome","Velvet Choker"]}],"items_purged_floors":[11],"is_endless":false,"potions_floor_spawned":[2,7,10,12,14,16],"killed_by":"3 Byrds","ascension_level":20}}