{"host":"pjgcdp3h1plnbocs","time":1608405780,"event":{"mods":["AchievementEnabler","BaseMod","Colored Map","Highlight Path","Minty Spire (QoL Compilation)"],"gold_per_floor":[114,124,135,147,165,195,195,195,195],"floor_reached":8,"playtime":222,"items_purged":[],"score":78,"play_id":"d45a9b1e-f043-4118-a376-525319e42a15","local_time":"20201219202300","is_ascension_mode":true,"campfire_choices":[{"floor":7,"key":"REST"}],"circlet_count":0,"master_deck":["Strike_G","Strike_G","Strike_G","Strike_G","Strike_G","Defend_G","Defend_G","Defend_G","Defend_G","Defend_G","Survivor","Neutralize","Blade Dance","Backflip","Deadly Poison","Noxious Fumes","Die Die Die"],"relics":["Ring of the Snake","NeowsBlessing","Pantograph"],"acts_visited":["Exordium"],"potions_floor_usage":[],"damage_taken":[{"damage":0,"enemies":"Cultist","floor":1,"turns":1},{"damage":0,"enemies":"Small Slimes","floor":2,"turns":1},{"damage":0,"enemies":"Jaw Worm","floor":3,"turns":1},{"damage":0,"enemies":"2 Fungi Beasts","floor":4,"turns":4},{"damage":15,"enemies":"Exordium Wildlife","floor":5,"turns":6},{"damage":45,"enemies":"Gremlin Nob","floor":6,"turns":5},{"damage":17,"enemies":"Lagavulin","floor":8,"turns":6}],"seed_played":"5621244162861131910","potions_obtained":[{"floor":2,"key":"Energy Potion"}],"is_trial":false,"path_per_floor":["M","M","M","M","M","E","R","E"],"character_chosen":"THE_SILENT","items_purchased":[],"campfire_rested":1,"item_purchase_floors":[],"current_hp_per_floor":[63,63,63,63,48,3,24,7,7],"gold":195,"neow_bonus":"THREE_ENEMY_KILL","is_daily":false,"chose_seed":false,"campfire_upgraded":0,"win_rate":0.0,"timestamp":1608405780,"path_taken":["M","M","M","M","M","E","R","E"],"items_purchased_type":[],"build_version":"2020-12-13","purchased_purges":0,"victory":false,"max_hp_per_floor":[70,70,70,70,70,70,70,70,70],"card_choices":[{"not_picked":["Slice","Dodge and Roll","Choke"],"picked":"SKIP","floor":1},{"not_picked":["Flying Knee","Endless Agony"],"picked":"Blade Dance","floor":2},{"not_picked":["Prepared","Underhanded Strike"],"picked":"Backflip","floor":3},{"not_picked":["Crippling Poison","Slice"],"picked":"Deadly Poison","floor":4},{"not_picked":["Dodge and Roll","Dagger Throw"],"picked":"Noxious Fumes","floor":5},{"not_picked":["Grand Finale","Caltrops"],"picked":"Die Die Die","floor":6}],"player_experience":118034,"relics_obtained":[{"floor":6,"key":"Pantograph"}],"event_choices":[],"is_beta":false,"boss_relics":[],"items_purged_floors":[],"is_endless":false,"potions_floor_spawned":[2],"killed_by":"Lagavulin","ascension_level":6}}