{"host":"egyxg9lnjq7g2hmw","time":1608352738,"event":{"mods":["AchievementEnabler","BaseMod","Block Reminder","Colored Map","Colored Powertips","Highlight Path","Minty Spire (QoL Compilation)","Rare Cards Sparkle","StSLib"],"gold_per_floor":[113,113,113,126,139,11,11,29,99,99,119,134,34,67,67,67,67],"floor_reached":16,"playtime":662,"items_purged":["Pain","Strike_G"],"score":200,"play_id":"b5de6c3a-8ddc-4921-bcf5-1d26cb6916cb","local_time":"20201218203858","is_ascension_mode":true,"campfire_choices":[{"data":"Neutralize","floor":7.0,"key":"SMITH"},{"data":"Deadly Poison","floor":10,"key":"SMITH"},{"floor":15,"key":"REST"}],"circlet_count":0,"master_deck":["AscendersBane","Strike_G","Strike_G","Strike_G","Strike_G","Defend_G","Defend_G","Defend_G","Defend_G","Defend_G","Survivor","Neutralize+1","Poisoned Stab","Dagger Spray","Deadly Poison+1","Setup"],"relics":["Ring of the Snake","WarpedTongs","InkBottle","Odd Mushroom","Regal Pillow"],"acts_visited":["Exordium"],"potions_floor_usage":[14,16],"damage_taken":[{"damage":3.0,"enemies":"Cultist","floor":1.0,"turns":5.0},{"damage":6.0,"enemies":"2 Louse","floor":4.0,"turns":3.0},{"damage":2.0,"enemies":"Jaw Worm","floor":5.0,"turns":3.0},{"damage":4,"enemies":"Looter","floor":8,"turns":3},{"damage":13,"enemies":"The Mushroom Lair","floor":11,"turns":4},{"damage":0,"enemies":"Red Slaver","floor":12,"turns":3},{"damage":20,"enemies":"Lagavulin","floor":14,"turns":5},{"damage":60,"enemies":"Slime Boss","floor":16,"turns":10}],"seed_played":"7917179197920578008","potions_obtained":[{"floor":1.0,"key":"PowerPotion"},{"floor":14,"key":"LiquidMemories"}],"is_trial":false,"path_per_floor":["M","?","?","M","M","$","R","M","T","R","?","M","$","E","R","B"],"character_chosen":"THE_SILENT","items_purchased":["Deadly Poison"],"campfire_rested":1,"item_purchase_floors":[6],"current_hp_per_floor":[62,62,62,56,54,54,54,50,50,50,37,37,37,17,53,0,0],"gold":67,"neow_bonus":"TEN_PERCENT_HP_BONUS","is_daily":false,"chose_seed":false,"campfire_upgraded":2,"win_rate":0.0,"timestamp":1608352738,"path_taken":["M","?","?","M","?","$","R","M","T","R","?","M","$","E","R","BOSS"],"items_purchased_type":["Card"],"build_version":"2020-12-13","purchased_purges":2,"victory":false,"max_hp_per_floor":[72,72,72,72,72,72,72,72,72,72,72,72,72,72,72,72,72],"card_choices":[{"not_picked":["Concentrate","Distraction","Prepared"],"picked":"SKIP","floor":1.0},{"not_picked":["PiercingWail","Underhanded Strike"],"picked":"Poisoned Stab","floor":4.0},{"not_picked":["Leg Sweep","Quick Slash"],"picked":"Dagger Spray","floor":5.0},{"not_picked":["Sucker Punch","Slice","Predator"],"picked":"SKIP","floor":8},{"not_picked":["Predator","Dodge and Roll","Sucker Punch"],"picked":"SKIP","floor":12},{"not_picked":["Predator","Dodge and Roll","Sucker Punch"],"picked":"SKIP","floor":12},{"not_picked":["Skewer","PiercingWail"],"picked":"Setup","floor":14}],"player_experience":526667,"relics_obtained":[{"floor":9,"key":"InkBottle"},{"floor":11,"key":"Odd Mushroom"},{"floor":14,"key":"Regal Pillow"}],"event_choices":[{"damage_healed":0.0,"max_hp_gain":0.0,"max_hp_loss":0.0,"gold_gain":0.0,"event_name":"Liars Game","player_choice":"Ignored","floor":2.0,"gold_loss":0.0,"damage_taken":0.0},{"damage_healed":0.0,"max_hp_gain":0.0,"max_hp_loss":0.0,"gold_gain":0.0,"event_name":"Accursed Blacksmith","player_choice":"Rummage","floor":3.0,"gold_loss":0.0,"damage_taken":0.0,"relics_obtained":["WarpedTongs"],"cards_obtained":["Pain"]},{"damage_healed":0,"gold_gain":0,"player_choice":"Fought Mushrooms","damage_taken":0,"max_hp_gain":0,"max_hp_loss":0,"event_name":"Mushrooms","floor":11,"gold_loss":0}],"is_beta":false,"boss_relics":[],"items_purged_floors":[6,13],"is_endless":false,"potions_floor_spawned":[1,14],"killed_by":"Slime Boss","ascension_level":20}}