{"host":"n4f6h2mlrt4e12he","time":1608407004,"event":{"mods":["2.2 Compatiblity","BaseMod","Colored Map","Downfall","Highlight Path","Hubris","Minty Spire (QoL Compilation)","Shop Mod","StSLib"],"gold_per_floor":[99,99,24,24,24,43,43,72,82,7,27,47,66,81,101,101,101],"floor_reached":16,"playtime":1661,"items_purged":[],"score":104,"play_id":"f1a7224e-f8a9-481d-aa43-d4790312dca6","local_time":"20201219144324","is_ascension_mode":false,"campfire_choices":[{"floor":1,"key":"RECALL"},{"data":"champ:Taunt","floor":3,"key":"SMITH"},{"data":"champ:DefensiveShout","floor":10,"key":"SMITH"}],"circlet_count":0,"master_deck":["champ:Strike","champ:Strike","champ:Strike","champ:Strike","champ:Defend","champ:Defend","champ:Defend","champ:Defend","champ:Execute","champ:Taunt+1","champ:SkillfulDodge","champ:IronFortress","champ:PreciseThrust","champ:TornadoPunch","champ:DefensiveShout+1","champ:FlashCut","champ:FanOfKnives","champ:CheapShot","champ:Backstep","champ:PerfectedStrike","champ:CrookedStrike"],"relics":["champ:ChampionCrown","downfall:HeartsMalice","downfall:HeartBlessingRed","Bottled Lightning","downfall:HeartBlessingGreen"],"acts_visited":["Exordium"],"potions_floor_usage":[8,14,15],"damage_taken":[{"damage":0,"enemies":"Cultist","floor":2,"turns":1},{"damage":0,"enemies":"Jaw Worm","floor":4,"turns":1},{"damage":0,"enemies":"downfall:FleeingMerchant","floor":5,"turns":1},{"damage":0,"enemies":"2 Louse","floor":6,"turns":4},{"damage":45,"enemies":"3 Sentries","floor":8,"turns":12},{"damage":14,"enemies":"Exordium Wildlife","floor":9,"turns":3},{"damage":8,"enemies":"3 Louse","floor":11,"turns":2},{"damage":0,"enemies":"Red Slaver","floor":12,"turns":2},{"damage":0,"enemies":"2 Fungi Beasts","floor":13,"turns":2},{"damage":13,"enemies":"Lots of Slimes","floor":14,"turns":4},{"damage":9,"enemies":"Exordium Thugs","floor":15,"turns":4},{"damage":68,"enemies":"downfall:Defect","floor":16,"turns":6}],"seed_played":"-5045836005024113137","potions_obtained":[{"floor":6,"key":"Regen Potion"},{"floor":8,"key":"Slimebound:ThreeZeroPotion"},{"floor":12,"key":"Slimebound:ThreeZeroPotion"},{"floor":13,"key":"BlessingOfTheForge"},{"floor":14,"key":"Regen Potion"}],"is_trial":false,"path_per_floor":["R","M","R","M","$","M","T","E","M","R","M","M","M","M","M","B"],"character_chosen":"THE_CHAMP","items_purchased":[],"campfire_rested":0,"item_purchase_floors":[],"current_hp_per_floor":[90,90,90,90,90,90,90,70,61,61,53,53,53,50,60,0,0],"gold":101,"neow_bonus":"THREE_ENEMY_KILL","is_daily":false,"chose_seed":false,"campfire_upgraded":2,"win_rate":0.0,"timestamp":1608407004,"path_taken":["R","M","R","M","$","M","T","E","M","R","M","?","?","M","M","BOSS"],"items_purchased_type":[],"build_version":"2020-12-13","purchased_purges":0,"victory":false,"max_hp_per_floor":[90,90,90,90,90,90,90,90,90,90,90,90,90,90,90,90,90],"card_choices":[{"not_picked":["champ:CrookedStrike","champ:Circumvent"],"picked":"champ:SkillfulDodge","floor":2},{"not_picked":["champ:EnGarde","champ:Lariat"],"picked":"champ:IronFortress","floor":4},{"not_picked":["champ:CrookedStrike","champ:ShieldWall"],"picked":"champ:PreciseThrust","floor":5},{"not_picked":["champ:IronFortress","champ:Haymaker"],"picked":"champ:TornadoPunch","floor":6},{"not_picked":["champ:PerfectedStrike","champ:TornadoPunch"],"picked":"champ:DefensiveShout","floor":8},{"not_picked":["champ:DeathBlow","champ:EnGarde"],"picked":"champ:FlashCut","floor":9},{"not_picked":["champ:EndlessRage","champ:BladeFlurry"],"picked":"champ:FanOfKnives","floor":11},{"not_picked":["champ:FlashCut","champ:BladeFlurry"],"picked":"champ:CheapShot","floor":12},{"not_picked":["champ:DefensiveShout","champ:PerfectedStrike"],"picked":"champ:Backstep","floor":13},{"not_picked":["champ:TornadoPunch","champ:Backstep"],"picked":"champ:PerfectedStrike","floor":14},{"not_picked":["champ:SkillfulDodge","champ:PerfectedStrike"],"picked":"champ:CrookedStrike","floor":15}],"player_experience":1337671,"relics_obtained":[{"floor":8,"key":"Bottled Lightning"}],"event_choices":[],"is_beta":false,"boss_relics":[],"items_purged_floors":[],"is_endless":false,"potions_floor_spawned":[6,8,12,13,14],"killed_by":"downfall:Defect","ascension_level":0}}