{"host":"2o3sockympbxxanu","time":1608377290,"event":{"mods":["BaseMod","Colored Map","Colored Powertips","Downfall","Marisa£®ÏF”Í°°ƒß¿Ì…≥£©","Minty Spire (QoL Compilation)","StSLib"],"gold_per_floor":[110,130,130,142,161,191,191,266,290,290,301,301,174,190,190,289,289,304,304,320,320,338,338,349,349,423,448,461,461,472,488,488,488,488],"floor_reached":33,"playtime":1915,"items_purged":["Defend_G"],"score":285,"play_id":"154ab8ca-7e08-4fea-bf9e-e46830878179","local_time":"20201219192810","is_ascension_mode":true,"campfire_choices":[{"data":"Bouncing Flask","floor":7.0,"key":"SMITH"},{"data":"Bane","floor":10.0,"key":"SMITH"},{"data":"Terror","floor":12.0,"key":"SMITH"},{"floor":15.0,"key":"REST"},{"data":"Corpse Explosion","floor":23.0,"key":"SMITH"},{"floor":25.0,"key":"REST"},{"data":"Envenom","floor":29.0,"key":"SMITH"},{"floor":32.0,"key":"REST"}],"circlet_count":0,"master_deck":["Strike_G","Strike_G","Strike_G","Strike_G","Defend_G","Defend_G","Defend_G","Defend_G","Survivor","Neutralize","Slice","Poisoned Stab+1","Bane+1","Bouncing Flask+1","Terror+1","Blade Dance","Cloak And Dagger","Venomology","Outmaneuver","Caltrops","Corpse Explosion+1","Deflect","Envenom+1","Bouncing Flask","Deadly Poison+1","Backstab","Acrobatics"],"relics":["Ring of the Snake","NeowsBlessing","Potion Belt","WristBlade","Nloth\u0027s Gift","Bottled Lightning","Boot"],"acts_visited":["Exordium","TheCity"],"potions_floor_usage":[33,33,33],"damage_taken":[{"damage":0.0,"enemies":"Jaw Worm","floor":1.0,"turns":1.0},{"damage":0.0,"enemies":"Cultist","floor":2.0,"turns":1.0},{"damage":0.0,"enemies":"2 Louse","floor":4.0,"turns":1.0},{"damage":3.0,"enemies":"Exordium Wildlife","floor":5.0,"turns":3.0},{"damage":15.0,"enemies":"Gremlin Nob","floor":6.0,"turns":4.0},{"damage":6.0,"enemies":"Lots of Slimes","floor":11.0,"turns":4.0},{"damage":2.0,"enemies":"Looter","floor":14.0,"turns":2.0},{"damage":28.0,"enemies":"The Guardian","floor":16.0,"turns":8.0},{"damage":0.0,"enemies":"Spheric Guardian","floor":18.0,"turns":2.0},{"damage":15.0,"enemies":"Shell Parasite","floor":20.0,"turns":3.0},{"damage":18.0,"enemies":"Shelled Parasite and Fungi","floor":22.0,"turns":2.0},{"damage":4.0,"enemies":"Centurion and Healer","floor":24.0,"turns":6.0},{"damage":32.0,"enemies":"Gremlin Leader","floor":27.0,"turns":5.0},{"damage":0.0,"enemies":"Chosen and Byrds","floor":28.0,"turns":4.0},{"damage":16.0,"enemies":"Snake Plant","floor":30.0,"turns":3.0},{"damage":12.0,"enemies":"Centurion and Healer","floor":31.0,"turns":2.0},{"damage":28,"enemies":"Collector","floor":33,"turns":3}],"seed_played":"-7469976101825617848","potions_obtained":[{"floor":5.0,"key":"LiquidMemories"},{"floor":6.0,"key":"Weak Potion"},{"floor":11.0,"key":"SpeedPotion"},{"floor":16.0,"key":"AttackPotion"},{"floor":18.0,"key":"Strength Potion"},{"floor":22.0,"key":"champ:CounterPotion"},{"floor":24.0,"key":"hexamod:EctoCoolerPotion"},{"floor":27.0,"key":"Guardian:BlockOnCardUsePotion"},{"floor":30.0,"key":"SteroidPotion"}],"is_trial":false,"path_per_floor":["M","M","?","M","M","E","R","?","T","R","M","R","$","M","R","B",null,"M","?","M","?","M","R","M","R","T","E","M","R","M","M","R","B"],"character_chosen":"THE_SILENT","items_purchased":["Blade Dance"],"campfire_rested":3,"item_purchase_floors":[13],"current_hp_per_floor":[70,70,70,70,67,52,52,41,41,41,35,35,35,33,54,26,70,70,70,55,55,37,37,33,54,54,31,31,31,15,3,24,0,0],"gold":488,"neow_bonus":"THREE_ENEMY_KILL","is_daily":false,"chose_seed":false,"campfire_upgraded":5,"win_rate":0.0,"timestamp":1608377290,"path_taken":["M","M","?","M","?","E","R","?","T","R","M","R","$","M","R","BOSS","M","?","?","?","M","R","M","R","T","E","M","R","?","M","R","BOSS"],"items_purchased_type":["Card"],"build_version":"2020-12-13","purchased_purges":1,"victory":false,"max_hp_per_floor":[70,70,70,70,70,70,70,70,70,70,70,70,70,70,70,70,70,70,70,70,70,70,70,70,70,70,70,70,70,70,70,70,70,70],"card_choices":[{"not_picked":["Underhanded Strike","Outmaneuver"],"picked":"Slice","floor":1.0},{"not_picked":["Well Laid Plans","Prepared"],"picked":"Poisoned Stab","floor":2.0},{"not_picked":["Predator","Acrobatics"],"picked":"Bane","floor":4.0},{"not_picked":["Bullet Time","Concentrate"],"picked":"Bouncing Flask","floor":5.0},{"not_picked":["Calculated Gamble","Footwork"],"picked":"Terror","floor":6.0},{"not_picked":["Expertise","Setup","Quick Slash"],"picked":"SKIP","floor":11.0},{"not_picked":["Backflip","Tactician"],"picked":"Cloak And Dagger","floor":14.0},{"not_picked":["Glass Knife","Bullet Time"],"picked":"Venomology","floor":16.0},{"not_picked":["Slice","Backflip"],"picked":"Outmaneuver","floor":18.0},{"not_picked":["Sucker Punch","Acrobatics"],"picked":"Corpse Explosion","floor":20.0},{"not_picked":["Quick Slash+1","Prepared+1"],"picked":"Deflect","floor":22.0},{"not_picked":["PiercingWail","Acrobatics+1"],"picked":"Envenom","floor":24.0},{"not_picked":["Tactician","Envenom"],"picked":"Bouncing Flask","floor":27.0},{"not_picked":["Acrobatics+1","Expertise+1"],"picked":"Deadly Poison+1","floor":28.0},{"not_picked":["Prepared","Dodge and Roll"],"picked":"Backstab","floor":30.0},{"not_picked":["Poisoned Stab","Slice"],"picked":"Acrobatics","floor":31.0}],"player_experience":242922,"relics_obtained":[{"floor":6.0,"key":"Toy Ornithopter"},{"floor":9.0,"key":"Potion Belt"},{"floor":26.0,"key":"Bottled Lightning"},{"floor":27.0,"key":"Boot"}],"event_choices":[{"damage_healed":0.0,"max_hp_gain":0.0,"max_hp_loss":0.0,"gold_gain":0.0,"event_name":"Upgrade Shrine","player_choice":"Upgraded","floor":3.0,"gold_loss":0.0,"damage_taken":0.0,"cards_upgraded":["Poisoned Stab"]},{"damage_healed":0.0,"max_hp_gain":0.0,"max_hp_loss":0.0,"gold_gain":75.0,"event_name":"World of Goop","player_choice":"Gather Gold","floor":8.0,"gold_loss":0.0,"damage_taken":11.0},{"damage_healed":0.0,"max_hp_gain":0.0,"max_hp_loss":0.0,"gold_gain":0.0,"cards_transformed":["Strike_G"],"event_name":"Transmorgrifier","player_choice":"Transformed","floor":19.0,"gold_loss":0.0,"damage_taken":0.0,"cards_obtained":["Caltrops"]},{"damage_healed":0.0,"max_hp_gain":0.0,"max_hp_loss":0.0,"gold_gain":0.0,"event_name":"N\u0027loth","player_choice":"Traded Relic","floor":21.0,"relics_lost":["Toy Ornithopter"],"gold_loss":0.0,"damage_taken":0.0,"relics_obtained":["Nloth\u0027s Gift"]}],"is_beta":false,"boss_relics":[{"not_picked":["Calling Bell","Sozu"],"picked":"WristBlade"}],"items_purged_floors":[13],"is_endless":false,"potions_floor_spawned":[5,6,11,16,18,22,24,27,30],"killed_by":"Collector","ascension_level":1}}