{"host":"aqym1xxr3lb31d9m","time":1608401093,"event":{"mods":["BaseMod","Block Reminder","Colored Map","Colored Powertips","DeckTracker","Highlight Path","Minty Spire (QoL Compilation)","Practice Mode","Quick Restart","Random Character Button","StSLib","SuperFastMode"],"gold_per_floor":[113,38,38,12,25,25,59,59,59,77,112,112,169,183,183,260,260,280,220,220,89,89,139,139,170,197,197,5,5,33,40,40,117,117,135,135,135],"floor_reached":36,"playtime":1391,"items_purged":["Strike_B"],"score":858,"play_id":"c22e582c-8536-4eea-bb20-efedbbc4e425","local_time":"20201220030453","is_ascension_mode":true,"campfire_choices":[{"data":"Beam Cell","floor":6,"key":"SMITH"},{"data":"Reinforced Body","floor":8,"key":"SMITH"},{"data":"Doom and Gloom","floor":12,"key":"SMITH"},{"data":"Glacier","floor":15,"key":"SMITH"},{"data":"Fission","floor":24,"key":"SMITH"},{"floor":27,"key":"REST"},{"data":"Chaos","floor":32,"key":"SMITH"}],"circlet_count":0,"master_deck":["AscendersBane","Strike_B","Strike_B","Defend_B","Defend_B","Defend_B","Defend_B","Zap","Dualcast","Ball Lightning+1","Beam Cell+1","Reinforced Body+1","Compile Driver","Doom and Gloom+1","Glacier","Glacier+1","Fission+1","Writhe","Chaos+1","Creative AI","Machine Learning","Go for the Eyes","Electrodynamics"],"relics":["Cracked Core","NeowsBlessing","Peace Pipe","Omamori","HornCleat","The Courier","Calling Bell","Akabeko","Kunai","Incense Burner","WarpedTongs","Strange Spoon","WingedGreaves","PreservedInsect","Happy Flower","DataDisk","MealTicket","Coffee Dripper"],"acts_visited":["Exordium","TheCity","TheBeyond"],"potions_floor_usage":[13,25,36],"damage_taken":[{"damage":0,"enemies":"2 Louse","floor":1,"turns":1},{"damage":0,"enemies":"Jaw Worm","floor":5,"turns":1},{"damage":0,"enemies":"3 Sentries","floor":7,"turns":2},{"damage":0,"enemies":"Cultist","floor":10,"turns":3},{"damage":8,"enemies":"Gremlin Nob","floor":11,"turns":3},{"damage":0,"enemies":"Gremlin Nob","floor":13,"turns":3},{"damage":0,"enemies":"Blue Slaver","floor":14,"turns":3},{"damage":10,"enemies":"Hexaghost","floor":16,"turns":9},{"damage":16,"enemies":"3 Byrds","floor":18,"turns":7},{"damage":39,"enemies":"Book of Stabbing","floor":25,"turns":8},{"damage":18,"enemies":"Gremlin Leader","floor":30,"turns":6},{"damage":9,"enemies":"2 Thieves","floor":31,"turns":4},{"damage":27,"enemies":"Champ","floor":33,"turns":13},{"damage":21,"enemies":"3 Shapes","floor":35,"turns":3},{"damage":52,"enemies":"2 Orb Walkers","floor":36,"turns":4}],"seed_played":"-3885744344038911837","potions_obtained":[{"floor":5,"key":"EntropicBrew"},{"floor":7,"key":"FocusPotion"},{"floor":11,"key":"DuplicationPotion"},{"floor":14,"key":"BlessingOfTheForge"},{"floor":31,"key":"Strength Potion"}],"is_trial":false,"path_per_floor":["M","?","?","$","M","R","E","R","T","M","E","R","?","M","R","B",null,"M","$","?","$","?","?","R","E","T","R","$","?","E","M","R","B",null,"M","?"],"character_chosen":"DEFECT","items_purchased":["Beam Cell","Strange Spoon","DataDisk","Creative AI"],"campfire_rested":1,"item_purchase_floors":[4,21,28,28],"current_hp_per_floor":[64,64,64,64,64,64,64,64,64,64,56,56,56,56,56,46,65,49,49,49,49,49,49,49,10,10,31,31,71,53,44,44,17,58,37,0,0],"gold":135,"neow_bonus":"THREE_ENEMY_KILL","is_daily":false,"chose_seed":false,"campfire_upgraded":6,"win_rate":0.0,"timestamp":1608401093,"path_taken":["M","?","?","?","?","R","E","R","T","M","E","R","?","M","R","BOSS","M","$","?","?","?","?","R","E","T","R","?","?","E","M","R","BOSS","M","?"],"items_purchased_type":["Card","Relic","Relic","Card"],"build_version":"2020-12-13","purchased_purges":1,"victory":false,"max_hp_per_floor":[71,71,71,71,71,71,71,71,71,71,71,71,71,71,71,71,71,71,71,71,71,71,71,71,71,71,71,71,71,71,71,71,71,71,71,71,71],"card_choices":[{"not_picked":["Sweeping Beam","Leap"],"picked":"Ball Lightning","floor":1},{"not_picked":["Turbo","Reprogram"],"picked":"Reinforced Body","floor":5},{"not_picked":["Recycle","Stack"],"picked":"Compile Driver","floor":7},{"not_picked":["Blizzard","Creative AI"],"picked":"Doom and Gloom","floor":10},{"not_picked":["Steam Power","Barrage","Stack"],"picked":"SKIP","floor":11},{"not_picked":["Loop","Storm"],"picked":"Glacier","floor":13},{"not_picked":["Coolheaded","Cold Snap"],"picked":"Glacier","floor":14},{"not_picked":["Reboot","Buffer"],"picked":"Fission","floor":16},{"not_picked":["Barrage","Stack","Darkness"],"picked":"SKIP","floor":18},{"not_picked":["Lockon","Cold Snap"],"picked":"Chaos","floor":25},{"not_picked":["Storm","Go for the Eyes"],"picked":"Machine Learning","floor":30},{"not_picked":["Gash+1","Steam"],"picked":"Go for the Eyes","floor":31},{"not_picked":["Seek","Creative AI"],"picked":"Electrodynamics","floor":33},{"not_picked":["Stack","Sweeping Beam","Steam"],"picked":"SKIP","floor":35}],"player_experience":3888642,"relics_obtained":[{"floor":7,"key":"Peace Pipe"},{"floor":9,"key":"Omamori"},{"floor":11,"key":"HornCleat"},{"floor":13,"key":"The Courier"},{"floor":17,"key":"Akabeko"},{"floor":17,"key":"Kunai"},{"floor":17,"key":"Incense Burner"},{"floor":25,"key":"PreservedInsect"},{"floor":26,"key":"Happy Flower"},{"floor":30,"key":"MealTicket"}],"event_choices":[{"cards_removed":["Strike_B"],"damage_healed":0,"gold_gain":0,"player_choice":"Card Removal","damage_taken":0,"max_hp_gain":0,"max_hp_loss":0,"event_name":"The Cleric","floor":2,"gold_loss":75},{"damage_healed":0,"gold_gain":0,"player_choice":"Grow","damage_taken":0,"max_hp_gain":0,"max_hp_loss":0,"event_name":"Living Wall","floor":3,"gold_loss":0,"cards_upgraded":["Ball Lightning"]},{"damage_healed":0,"gold_gain":0,"player_choice":"Searched \u00271\u0027 times","damage_taken":0,"max_hp_gain":0,"max_hp_loss":0,"event_name":"Dead Adventurer","floor":13,"gold_loss":0},{"damage_healed":0,"gold_gain":0,"player_choice":"Rummage","damage_taken":0,"relics_obtained":["WarpedTongs"],"max_hp_gain":0,"max_hp_loss":0,"event_name":"Accursed Blacksmith","floor":20,"gold_loss":0,"cards_obtained":["Pain"]},{"damage_healed":0,"gold_gain":0,"player_choice":"Opened","damage_taken":0,"relics_obtained":["WingedGreaves"],"max_hp_gain":0,"max_hp_loss":0,"event_name":"The Mausoleum","floor":22,"gold_loss":0,"cards_obtained":["Writhe"]},{"damage_healed":0,"gold_gain":50,"player_choice":"Stole From Cult","damage_taken":0,"max_hp_gain":0,"max_hp_loss":0,"event_name":"Nest","floor":23,"gold_loss":0},{"damage_healed":40,"gold_gain":0,"player_choice":"Full Heal","damage_taken":0,"max_hp_gain":0,"max_hp_loss":0,"event_name":"Wheel of Change","floor":29,"gold_loss":0},{"damage_healed":0,"gold_gain":0,"player_choice":"Fight","damage_taken":0,"max_hp_gain":0,"max_hp_loss":0,"event_name":"Mysterious Sphere","floor":36,"gold_loss":0}],"is_beta":false,"boss_relics":[{"not_picked":["Pandora\u0027s Box","FrozenCore"],"picked":"Calling Bell"},{"not_picked":["Sozu","Busted Crown"],"picked":"Coffee Dripper"}],"items_purged_floors":[19],"is_endless":false,"potions_floor_spawned":[5,7,11,14,16,18,31],"killed_by":"2 Orb Walkers","ascension_level":20}}