{"host":"1bqbj1s4pyvm9utn","time":1608354182,"event":{"mods":["AchievementEnabler","Aspiration","Bard","BaseMod","Beaked The Cultist","Better Altar","Better Match","Better Note","Better Sensory Stone","Better Skull","Better Third Choice","BetterRewards","CCEM","Clawfect","Colored Map","Conspire","Downfall","GifTheSpireLib","Halation","Hermit","Highlight Path","Hubris","Humility","Infinite Spire","Jedi Mod","Jorbs\u0027s Wanderer Trilogy","Mad Scientist","Marisa????????","Mimic Mod","Minty Spire (QoL Compilation)","Permanent Neow","Replay The Spire","Shade Mod","Shop Mod","Spicy Shops","StSLib","Stuff the Spire","The Bug Knight","The Construct","The Cursed","The Disciple","The Gatherer","The Hierophant","The Jungle","The Mystic","The Necromancer","The Runesmith","The Servant 0.9.4","The Spell Scribe","The Witch","Unceasing Turn Reminder","everything is the same but u backflip on backflip","slay the spire mod where everything is the same but ironclad has a cowboy hat","vexMod"],"gold_per_floor":[109,186,196,216,216,216,243,20,20,20,39,39,4,24,0,99,99,113,113,125,143,153,178,178,196,226,226,226,226],"floor_reached":28,"playtime":2836,"items_purged":[],"score":340,"play_id":"4637d997-d7e9-4d28-81ff-26eea7080a53","local_time":"20201218210302","is_ascension_mode":false,"campfire_choices":[{"data":"MysteriousBeam","floor":6,"key":"SMITH"},{"floor":10,"key":"REST"},{"floor":24,"key":"REST"}],"circlet_count":0,"master_deck":["Strike_MRS","Strike_MRS","Strike_MRS","Strike_MRS","Defend_MRS","Defend_MRS","Defend_MRS","Defend_MRS","MasterSpark","UpSweep","WitchLeyline","Acceleration","MysteriousBeam+1","IllusionStar","Pot Of Greed","Pot Of Greed","Acceleration","DarkSpark","MysteriousBeam","Enlightenment","SuperNova","FairyDestructionRay","Pain","GravityBeat","MysteriousBeam+1","IllusionStar","Pot Of Greed","MachineGunSpark","IllusionStar","Singularity","OpenUniverse+1"],"relics":["MiniHakkero","conspire:RoyalGoblet","vexMod:BigBerry","vexMod:MemoryStick","jedi:purplefairy","Grinning Jar","aspiration:FetidBarrel","Ring of Chaos","WarpedTongs","jedi:angrymask"],"acts_visited":["Exordium","Exordium"],"potions_floor_usage":[7,16,18,21,23,23],"damage_taken":[{"damage":0,"enemies":"Cultist","floor":1,"turns":3},{"damage":9,"enemies":"conspire:RoseBush","floor":3,"turns":2},{"damage":2,"enemies":"2 Louse","floor":4,"turns":2},{"damage":36,"enemies":"Lagavulin","floor":7,"turns":6},{"damage":0,"enemies":"Looter","floor":11,"turns":1},{"damage":0,"enemies":"Large Slime","floor":14,"turns":2},{"damage":0,"enemies":"Slime Boss","floor":16,"turns":6},{"damage":13,"enemies":"Shell Parasite","floor":18,"turns":4},{"damage":59,"enemies":"theJungle:Flameango_and_Byrd","floor":20,"turns":5},{"damage":19,"enemies":"theJungle:SlimyTreeVines","floor":21,"turns":4},{"damage":18,"enemies":"Snake Plant","floor":22,"turns":2},{"damage":3,"enemies":"theJungle:2_Phrogs","floor":23,"turns":3},{"damage":20,"enemies":"theJungle:2_Snecko_Cultists","floor":25,"turns":3},{"damage":11,"enemies":"theJungle:Snecko_Cultist_And_Trap","floor":26,"turns":4},{"damage":11,"enemies":"theJungle:Snecko_Cultist_And_Trap","floor":28,"turns":1}],"seed_played":"8268557412721283021","potions_obtained":[{"floor":3,"key":"Milkshake"},{"floor":4,"key":"Block Potion"},{"floor":14,"key":"Strength Potion"},{"floor":16,"key":"Cursed Concoction"},{"floor":18,"key":"PowerPotion"},{"floor":22,"key":"Toxic Potion"}],"is_trial":false,"path_per_floor":["M","?","M","M","?","R","E","$","T","R","M","?","?","M","R_BF","B",null,"M","?","M","M","M","E","R","M","MIM","?","M"],"character_chosen":"MARISA","items_purchased":["jedi:purplefairy","Grinning Jar"],"campfire_rested":2,"item_purchase_floors":[8,8],"current_hp_per_floor":[105,105,96,94,94,94,58,58,58,89,89,89,105,105,111,111,111,98,98,39,25,7,4,37,17,6,6,0,0],"gold":226,"neow_bonus":"DOUBLE_BOSS_RELIC","is_daily":false,"chose_seed":false,"campfire_upgraded":1,"win_rate":0.0,"timestamp":1608354182,"path_taken":["M","?","M","M","?","R","E","?","T","R","M","?","?","M","R_BF","BOSS","M","?","M","?","M","E","R","M","MIM","?","M"],"items_purchased_type":["Relic","Relic"],"build_version":"2020-12-13","purchased_purges":0,"victory":false,"max_hp_per_floor":[105,105,105,105,105,105,105,105,105,105,105,105,105,105,111,111,111,111,111,111,111,111,111,111,111,111,111,111,111],"card_choices":[{"not_picked":["MagicChant","EnergyRecoil"],"picked":"WitchLeyline","floor":1},{"not_picked":["PulseMagic","WitchOfGreed"],"picked":"Acceleration","floor":3},{"not_picked":["ShootingEcho","GravityBeat"],"picked":"MysteriousBeam","floor":4},{"not_picked":["GrandCross","ShootingEcho"],"picked":"IllusionStar","floor":7},{"not_picked":["DoubleSpark","6A"],"picked":"Acceleration","floor":11},{"not_picked":["GrandCross","CollectingQuirk"],"picked":"MysteriousBeam","floor":14},{"not_picked":["StarDustReverie","AbsoluteMagnitude"],"picked":"SuperNova","floor":16},{"not_picked":["NonDirectionalLaser","6A"],"picked":"FairyDestructionRay","floor":18},{"not_picked":["DoubleSpark","OrrerysSun"],"picked":"GravityBeat","floor":20},{"not_picked":["6A","GrandCross"],"picked":"MysteriousBeam+1","floor":21},{"not_picked":["GravityBeat","PulseMagic"],"picked":"IllusionStar","floor":22},{"not_picked":["BigCrunch","Orbital"],"picked":"MachineGunSpark","floor":23},{"not_picked":["AsteroidBelt","GravityBeat+1"],"picked":"IllusionStar","floor":25},{"not_picked":["EnergyRecoil","UnstableBomb+1"],"picked":"Singularity","floor":26}],"player_experience":847634,"relics_obtained":[{"floor":7,"key":"vexMod:MemoryStick"},{"floor":9,"key":"aspiration:FetidBarrel"},{"floor":23,"key":"jedi:angrymask"}],"event_choices":[{"damage_healed":0,"gold_gain":77,"player_choice":"Gained Gold","damage_taken":0,"max_hp_gain":0,"max_hp_loss":0,"event_name":"Golden Wing","floor":2,"gold_loss":0},{"damage_healed":26,"gold_gain":0,"player_choice":"Healed","damage_taken":0,"max_hp_gain":0,"max_hp_loss":0,"event_name":"The Cleric","floor":13,"gold_loss":35},{"damage_healed":0,"gold_gain":0,"player_choice":"RENOUNCE","damage_taken":24,"max_hp_gain":0,"max_hp_loss":0,"event_name":"betterThird:BetterSerpent","floor":15,"gold_loss":24,"cards_obtained":["Enlightenment"]},{"damage_healed":0,"gold_gain":0,"player_choice":"Rummage","damage_taken":0,"relics_obtained":["WarpedTongs"],"max_hp_gain":0,"max_hp_loss":0,"event_name":"Accursed Blacksmith","floor":19,"gold_loss":0,"cards_obtained":["Pain"]},{"cards_removed":["Pain"],"damage_healed":0,"gold_gain":0,"player_choice":"Take \u0026 Give","damage_taken":0,"max_hp_gain":0,"max_hp_loss":0,"event_name":"betterNote:BetterNote","floor":27,"gold_loss":0,"cards_obtained":["OpenUniverse"]}],"is_beta":false,"boss_relics":[{"not_picked":["vexMod:FluxCapacitor","Runic Pyramid"],"picked":"Ring of Chaos"}],"items_purged_floors":[],"is_endless":false,"potions_floor_spawned":[3,4,14,16,18,22],"killed_by":"theJungle:Snecko_Cultist_And_Trap","ascension_level":0}}