{"host":"fo1pcjb7ykmk7tjo","time":1608387960,"event":{"mods":["BaseMod","Colored Map","Downfall","Hermit","Hubris","Infinite Spire","Marisa????????","Minty Spire (QoL Compilation)","Replay The Spire","StSLib","The Disciple","The Servant 0.9.4"],"gold_per_floor":[116,116,291,63,63,63,83,83,110,143,143,170,183,183,183,255,255,265,265,276,291,291,326,326,58,58,89,109,119,119,135,135,211,211,225,61,81,106,125,162,162,205,231,231,231,231,272,272,272,272,272,272,121,155,155],"floor_reached":56,"playtime":2847,"items_purged":["Doubt","Strike_R","Pain","Strike_R"],"score":2736,"play_id":"962117b6-d14d-4f6e-9a11-2c8f66df1a44","local_time":"20201219152600","is_ascension_mode":true,"campfire_choices":[{"data":"Whirlwind","floor":6.0,"key":"SMITH"},{"data":"Inflame","floor":8.0,"key":"SMITH"},{"data":"Feed","floor":11.0,"key":"SMITH"},{"floor":15.0,"key":"DIG"},{"data":"infinitespire:Gouge","floor":24.0,"key":"SMITH"},{"data":"Armaments","floor":30.0,"key":"SMITH"},{"data":"Spot Weakness","floor":32.0,"key":"SMITH"},{"data":"Armaments","floor":41,"key":"SMITH"},{"data":"Demon Form","floor":46,"key":"SMITH"},{"floor":49,"key":"RECALL"},{"data":"Dual Wield","floor":52,"key":"SMITH"}],"circlet_count":0,"master_deck":["AscendersBane","Strike_R+1","Defend_R","Defend_R+1","Defend_R","Bash+1","Armaments+1","Whirlwind+1","Inflame+1","Feed+1","Twin Strike","Fiend Fire","Exhume","ReplayTheSpireMod:Limb From Limb+1","infinitespire:Gouge+1","Dropkick","Reaper","Armaments+1","Spot Weakness+1","Inflame+1","Demon Form+1","Heavy Blade","Heavy Blade","Dual Wield+1","Armaments+1","Heavy Blade+1","Dramatic Entrance","Sword Boomerang+1","Pot Of Greed","Pot Of Greed","Pot Of Greed","ReplayTheSpireMod:Limb From Limb"],"relics":["Burning Blood","NeowsBlessing","Simple Rune","Replay:Rubber Ducky","infinitespire:BottledMercury","Bag of Marbles","Black Star","Velvet Choker","hubris:IronBody","WarpedTongs","Anchor","Whetstone","Sling","HornCleat","Garlic","Replay:Kaleidoscope","Replay:Bronze Core","infinitespire:EvilPickle","Toy Ornithopter","Pear","Pet Ghost","hubris:SphereOfDissonance","hubris:ChampionShield","infinitespire:Satchel","Grinning Jar","infinitespire:Beetle Shell","Durian"],"acts_visited":["Exordium","TheCity","TheBeyond","TheEnding"],"potions_floor_usage":[39,55],"damage_taken":[{"damage":0.0,"enemies":"Small Slimes","floor":1.0,"turns":1.0},{"damage":0.0,"enemies":"Jaw Worm","floor":7.0,"turns":1.0},{"damage":0.0,"enemies":"Gremlin Nob","floor":10.0,"turns":1.0},{"damage":17.0,"enemies":"3 Sentries","floor":12.0,"turns":4.0},{"damage":0.0,"enemies":"2 Louse","floor":13.0,"turns":1.0},{"damage":19.0,"enemies":"The Guardian","floor":16.0,"turns":10.0},{"damage":26.0,"enemies":"Shell Parasite","floor":18.0,"turns":5.0},{"damage":0.0,"enemies":"2 Thieves","floor":20.0,"turns":1.0},{"damage":0.0,"enemies":"Centurion and Healer","floor":21.0,"turns":4.0},{"damage":15.0,"enemies":"Replay:Snechameleon","floor":23.0,"turns":4.0},{"damage":2.0,"enemies":"Book of Stabbing","floor":27.0,"turns":2.0},{"damage":16.0,"enemies":"Chosen and Byrds","floor":28.0,"turns":7.0},{"damage":8.0,"enemies":"Shelled Parasite and Fungi","floor":29.0,"turns":6.0},{"damage":0.0,"enemies":"Snake Plant","floor":31.0,"turns":3.0},{"damage":1.0,"enemies":"Pondfish","floor":33.0,"turns":7.0},{"damage":0,"enemies":"Orb Walker","floor":35,"turns":2},{"damage":0,"enemies":"3 Shapes","floor":37,"turns":10},{"damage":1,"enemies":"Spire Growth","floor":38,"turns":5},{"damage":0,"enemies":"3 Darklings","floor":39,"turns":4},{"damage":19,"enemies":"Nemesis","floor":40,"turns":5},{"damage":0,"enemies":"R_Hoarder","floor":42,"turns":4},{"damage":0,"enemies":"Nemesis","floor":47,"turns":5},{"damage":3,"enemies":"Time Eater","floor":50,"turns":5},{"damage":0,"enemies":"Shield and Spear","floor":54,"turns":4},{"damage":57,"enemies":"The Heart","floor":55,"turns":8}],"seed_played":"-3627701410725526110","potions_obtained":[{"floor":1.0,"key":"Reflective Coating"},{"floor":7.0,"key":"SmokeBomb"},{"floor":12.0,"key":"Swift Potion"},{"floor":18.0,"key":"BloodPotion"},{"floor":33.0,"key":"BloodPotion"},{"floor":37,"key":"AttackPotion"},{"floor":39,"key":"Energy Potion"},{"floor":47,"key":"SteroidPotion"},{"floor":54,"key":"Flashbang"}],"is_trial":false,"path_per_floor":["M","?","?","$","?","R","M","R","T","E","R","E","M","?","R_BF","B",null,"M","AVR","M","M","?","E","R","$","T","E","M","M","R","M","R","B",null,"M","$","M","M","M","E","R","E","T","?","?","R","E","AVR","R","B",null,"R","$","E","B",null],"character_chosen":"IRONCLAD","items_purchased":["Whirlwind","Inflame","Sling","Armaments","Heavy Blade","Grinning Jar"],"campfire_rested":0,"item_purchase_floors":[4,4,25,25,36,53],"current_hp_per_floor":[78,78,78,78,78,78,80,80,80,80,80,73,79,79,79,70,84,68,68,74,88,88,83,83,83,83,87,95,101,101,111,111,124,124,128,128,136,140,144,141,141,154,154,154,154,154,160,160,160,161,161,161,161,170,119],"gold":155,"neow_bonus":"THREE_ENEMY_KILL","is_daily":false,"chose_seed":false,"campfire_upgraded":9,"win_rate":0.0,"timestamp":1608387960,"path_taken":["M","?","?","$","?","R","M","R","T","E","R","E","?","?","R_BF","BOSS","M","AVR","?","?","?","E","R","$","T","E","M","M","R","M","R","BOSS","M","$","?","M","M","E","R","E","T","?","?","R","E","AVR","R","BOSS","R","$","E","BOSS"],"items_purchased_type":["Card","Card","Relic","Card","Card","Relic"],"build_version":"2020-12-13","purchased_purges":4,"victory":true,"max_hp_per_floor":[80,80,80,80,80,80,80,80,80,80,80,84,84,84,84,88,88,92,92,92,100,100,104,104,104,104,104,112,120,120,124,124,124,124,128,128,136,140,144,154,154,161,161,161,161,161,161,161,161,161,161,161,161,170,170],"card_choices":[{"not_picked":["True Grit","Havoc"],"picked":"Armaments","floor":1.0},{"not_picked":["Run Through","Cleave","Body Slam"],"picked":"SKIP","floor":7.0},{"not_picked":["Armaments","Carnage"],"picked":"Feed","floor":10.0},{"not_picked":["Anger","Wild Strike","Iron Wave"],"picked":"SKIP","floor":12.0},{"not_picked":["ReplayReversal","Searing Blow"],"picked":"Twin Strike","floor":13.0},{"not_picked":["Fiend Fire","Brutality"],"picked":"Exhume","floor":16.0},{"not_picked":["hubris:CleavingFinish+1","Replay:Undeath\u0027s Touch"],"picked":"ReplayTheSpireMod:Limb From Limb","floor":18.0},{"not_picked":["ReplayTheSpireMod:Stacked","Blood for Blood"],"picked":"Dropkick","floor":20.0},{"not_picked":["Dark Embrace","hubris:SharpeningStone","Wild Strike"],"picked":"SKIP","floor":21.0},{"not_picked":["Searing Blow","Clash"],"picked":"Reaper","floor":23.0},{"not_picked":["Wild Strike","Clash","ReplayReversal"],"picked":"SKIP","floor":27.0},{"not_picked":["Shockwave","Shrug It Off"],"picked":"Spot Weakness","floor":28.0},{"not_picked":["Havoc+1","Carnage"],"picked":"Inflame+1","floor":29.0},{"not_picked":["ReplayTheSpireMod:Corrosion Curse","Armaments","Havoc"],"picked":"SKIP","floor":31.0},{"not_picked":["Replay:Many Hands","Reaper"],"picked":"Demon Form","floor":33.0},{"not_picked":["Body Slam","Clash","Rupture"],"picked":"SKIP","floor":35},{"not_picked":["Perfected Strike","Replay:Undeath\u0027s Touch+1"],"picked":"Dual Wield","floor":37},{"not_picked":["infinitespire:OneForAll+1","ReplayTheSpireMod:Strike From Hell+1","Disarm"],"picked":"SKIP","floor":38},{"not_picked":["Clash","Havoc+1"],"picked":"Armaments","floor":39},{"not_picked":["Combust","ReplayReversal","Metallicize+1"],"picked":"SKIP","floor":40},{"not_picked":["hubris:StunningStrike","Wild Strike+1"],"picked":"Heavy Blade+1","floor":42},{"not_picked":["expansioncontent:PrepareCrush","expansioncontent:BronzeBeam"],"picked":"Dramatic Entrance","floor":44},{"not_picked":["Havoc","Massacre"],"picked":"Sword Boomerang+1","floor":47},{"not_picked":["Heavy Blade","Anger"],"picked":"ReplayTheSpireMod:Limb From Limb","floor":54}],"player_experience":157754,"relics_obtained":[{"floor":9.0,"key":"Simple Rune"},{"floor":10.0,"key":"Replay:Rubber Ducky"},{"floor":12.0,"key":"infinitespire:BottledMercury"},{"floor":15.0,"key":"Bag of Marbles"},{"floor":23.0,"key":"Anchor"},{"floor":23.0,"key":"Whetstone"},{"floor":26.0,"key":"HornCleat"},{"floor":27.0,"key":"Garlic"},{"floor":27.0,"key":"Replay:Kaleidoscope"},{"floor":40,"key":"Toy Ornithopter"},{"floor":40,"key":"Pear"},{"floor":42,"key":"Pet Ghost"},{"floor":42,"key":"hubris:SphereOfDissonance"},{"floor":47,"key":"hubris:ChampionShield"},{"floor":47,"key":"infinitespire:Satchel"},{"floor":54,"key":"infinitespire:Beetle Shell"},{"floor":54,"key":"Durian"}],"event_choices":[{"damage_healed":0.0,"max_hp_gain":0.0,"max_hp_loss":0.0,"gold_gain":175.0,"event_name":"Liars Game","player_choice":"AGREE","floor":3.0,"gold_loss":0.0,"damage_taken":0.0,"cards_obtained":["Doubt"]},{"cards_removed":["Strike_R"],"damage_healed":0.0,"max_hp_gain":0.0,"max_hp_loss":0.0,"gold_gain":0.0,"event_name":"Purifier","player_choice":"Purged","floor":5.0,"gold_loss":0.0,"damage_taken":0.0},{"damage_healed":0.0,"max_hp_gain":0.0,"max_hp_loss":0.0,"gold_gain":0.0,"cards_transformed":["Strike_R"],"event_name":"Transmorgrifier","player_choice":"Transformed","floor":14.0,"gold_loss":0.0,"damage_taken":0.0,"cards_obtained":["Fiend Fire"]},{"damage_healed":0.0,"max_hp_gain":0.0,"max_hp_loss":0.0,"gold_gain":0.0,"event_name":"Accursed Blacksmith","player_choice":"Rummage","floor":22.0,"gold_loss":0.0,"damage_taken":0.0,"relics_obtained":["WarpedTongs"],"cards_obtained":["Pain"]},{"damage_healed":0,"gold_gain":0,"player_choice":"Memory 1","damage_taken":0,"max_hp_gain":0,"max_hp_loss":0,"event_name":"SensoryStone","floor":44,"gold_loss":0},{"cards_removed":["Defend_R"],"damage_healed":0,"gold_gain":0,"player_choice":"Removed Skill","damage_taken":0,"max_hp_gain":0,"max_hp_loss":0,"event_name":"Falling","floor":45,"gold_loss":0}],"is_beta":false,"boss_relics":[{"not_picked":["infinitespire:Cupcake","SacredBark"],"picked":"Black Star"},{"not_picked":["ReplayTheSpireMod:DimensionalGlitch","hubris:Backtick"],"picked":"Replay:Bronze Core"}],"items_purged_floors":[4,19,25,36],"is_endless":false,"potions_floor_spawned":[1,7,12,18,21,27,33,37,38,39,47,54],"ascension_level":13}}