{"host":"nia1zwr35jsu5y7h","time":1608385577,"event":{"mods":["2.2 Compatiblity","Abigail Mod","Bard","BaseMod","Colored Map","Conspire","Downfall","Friendly Minions","Hermit","Highlight Path","Hubris","Infinite Spire","Kiyohime????","Koishi","Marisa????????","Minty Spire (QoL Compilation)","Quick Restart","Replay The Spire","Shade Mod","Shop Mod","StSLib","The Administrix","The Animator","The Construct","The Cursed","The Disciple","The Mystic","The Necromancer","The Servant 0.9.4"],"gold_per_floor":[361,306,324,340,350,350,350],"floor_reached":6,"playtime":344,"items_purged":[],"score":51,"play_id":"8961c9f2-e730-48b6-be37-cf636c2e1565","local_time":"20201219054617","is_ascension_mode":true,"campfire_choices":[],"circlet_count":0,"master_deck":["hermit:Strike_Hermit","hermit:Strike_Hermit","hermit:Strike_Hermit","hermit:Strike_Hermit","hermit:Defend_Hermit","hermit:Defend_Hermit","hermit:Defend_Hermit","hermit:Defend_Hermit","hermit:Snapshot","hermit:Covet","Shade:Strike_Shade","PatternShift","hermit:GoldenBullet","hermit:Combo","hermit:Dissolve","hermit:TrackingShot"],"relics":["hermit:Momento","Orichalcum"],"acts_visited":["Exordium"],"potions_floor_usage":[6],"damage_taken":[{"damage":17,"enemies":"Jaw Worm","floor":1,"turns":4},{"damage":12,"enemies":"infinitespire:Voidling","floor":3,"turns":4},{"damage":7,"enemies":"conspire:RoseBush","floor":4,"turns":4},{"damage":24,"enemies":"Large Slime","floor":5,"turns":8},{"damage":6,"enemies":"Lagavulin","floor":6,"turns":7}],"seed_played":"-8845830311580041123","potions_obtained":[{"floor":3,"key":"construct:ShiftPotion"},{"floor":5,"key":"BlessingOfTheForge"}],"is_trial":false,"path_per_floor":["M","?","M","M","M","E"],"character_chosen":"HERMIT","items_purchased":[],"campfire_rested":0,"item_purchase_floors":[],"current_hp_per_floor":[51,51,39,32,8,2,2],"gold":350,"neow_bonus":"TWO_FIFTY_GOLD","is_daily":false,"chose_seed":false,"campfire_upgraded":0,"win_rate":0.0,"timestamp":1608385577,"path_taken":["M","?","M","M","?","E"],"items_purchased_type":[],"build_version":"2020-12-13","purchased_purges":0,"victory":false,"max_hp_per_floor":[75,75,75,75,75,75,75],"card_choices":[{"not_picked":["hermit:BodyArmor","hermit:NoHoldsBarred"],"picked":"hermit:GoldenBullet","floor":1},{"not_picked":["hermit:Glare","hermit:Quickdraw"],"picked":"hermit:Combo","floor":3},{"not_picked":["hermit:LowProfile","hermit:ItchyTrigger"],"picked":"hermit:Dissolve","floor":4},{"not_picked":["hermit:WideOpen","hermit:CursedWeapon"],"picked":"hermit:TrackingShot","floor":5}],"player_experience":2233397,"relics_obtained":[],"event_choices":[{"damage_healed":0,"gold_gain":0,"player_choice":"Paid Gold","damage_taken":0,"relics_obtained":["Orichalcum"],"max_hp_gain":0,"max_hp_loss":0,"event_name":"WeMeetAgain","floor":2,"gold_loss":55}],"is_beta":false,"boss_relics":[],"items_purged_floors":[],"is_endless":false,"potions_floor_spawned":[3,5],"killed_by":"Lagavulin","ascension_level":7}}