{"host":"utqe55yv0jihe4d6","time":1608390843,"event":{"mods":["2.2 Compatiblity","AchievementEnabler","BaseMod","Block Reminder","Colored Map","Colored Powertips","Minty Spire (QoL Compilation)","Quick Restart","Rare Cards Sparkle","Relic Stats","SuperFastMode"],"gold_per_floor":[119,135,150,150,150,150,225,258,285,285,295,308,327,30,30,30,30],"floor_reached":16,"playtime":491,"items_purged":[],"score":204,"play_id":"5a3c215f-bcd7-4b21-950e-153db30cae69","local_time":"20201219101403","is_ascension_mode":true,"campfire_choices":[{"floor":6,"key":"REST"},{"floor":10,"key":"REST"},{"floor":15,"key":"REST"}],"circlet_count":0,"master_deck":["AscendersBane","Strike_G","Strike_G","Strike_G","Strike_G","Defend_G","Defend_G","Defend_G","Defend_G","Defend_G","Survivor","Neutralize","Infinite Blades","Flying Knee","Poisoned Stab","Riddle With Holes","Footwork","PiercingWail","Catalyst","Backflip"],"relics":["Fusion Hammer","Oddly Smooth Stone","Toy Ornithopter","Mummified Hand"],"acts_visited":["Exordium"],"potions_floor_usage":[8,8,16],"damage_taken":[{"damage":1,"enemies":"Small Slimes","floor":1,"turns":4},{"damage":3,"enemies":"2 Louse","floor":2,"turns":2},{"damage":4,"enemies":"Jaw Worm","floor":3,"turns":4},{"damage":45,"enemies":"3 Sentries","floor":8,"turns":11},{"damage":13,"enemies":"Exordium Thugs","floor":11,"turns":6},{"damage":15,"enemies":"Gremlin Gang","floor":12,"turns":4},{"damage":4,"enemies":"2 Fungi Beasts","floor":13,"turns":4},{"damage":40,"enemies":"Slime Boss","floor":16,"turns":10}],"seed_played":"4185157460949290161","potions_obtained":[{"floor":1,"key":"Poison Potion"},{"floor":8,"key":"Fruit Juice"},{"floor":13,"key":"Fire Potion"}],"is_trial":false,"path_per_floor":["M","M","M","?","?","R","?","E","T","R","M","M","M","$","R","B"],"character_chosen":"THE_SILENT","items_purchased":["Mummified Hand","Backflip"],"campfire_rested":3,"item_purchase_floors":[14,14],"current_hp_per_floor":[58,55,51,56,49,70,59,19,19,41,28,13,9,9,31,0,0],"gold":30,"neow_bonus":"BOSS_RELIC","is_daily":false,"chose_seed":false,"campfire_upgraded":0,"win_rate":0.0,"timestamp":1608390843,"path_taken":["M","M","M","?","?","R","?","E","T","R","M","M","M","?","R","BOSS"],"items_purchased_type":["Relic","Card"],"build_version":"2020-12-13","purchased_purges":0,"victory":false,"max_hp_per_floor":[66,66,66,71,71,71,71,76,76,76,76,76,76,76,76,76,76],"relic_stats":{"counters":[8,45],"Mummified Hand":[3],"obtain_stats":[{"Mummified Hand":14,"Oddly Smooth Stone":8,"Fusion Hammer":0,"Toy Ornithopter":9,"Ring of the Snake":0},{"Mummified Hand":7,"Oddly Smooth Stone":4,"Fusion Hammer":0,"Toy Ornithopter":4,"Ring of the Snake":0},{"Mummified Hand":35,"Oddly Smooth Stone":21,"Fusion Hammer":0,"Toy Ornithopter":21,"Ring of the Snake":0}],"Toy Ornithopter":5},"card_choices":[{"not_picked":["Caltrops","Footwork"],"picked":"Infinite Blades","floor":1},{"not_picked":["Finisher","Bane"],"picked":"Flying Knee","floor":2},{"not_picked":["Dodge and Roll","Cloak And Dagger"],"picked":"Poisoned Stab","floor":3},{"not_picked":["Poisoned Stab","Prepared"],"picked":"Riddle With Holes","floor":8},{"not_picked":["Cloak And Dagger","Burst"],"picked":"Footwork","floor":11},{"not_picked":["Riddle With Holes","All Out Attack"],"picked":"PiercingWail","floor":12},{"not_picked":["Poisoned Stab","Outmaneuver"],"picked":"Catalyst","floor":13}],"player_experience":2800417,"relics_obtained":[{"floor":8,"key":"Oddly Smooth Stone"},{"floor":9,"key":"Toy Ornithopter"}],"event_choices":[{"damage_healed":0,"gold_gain":0,"player_choice":"Donut","damage_taken":0,"max_hp_gain":5,"max_hp_loss":0,"event_name":"Big Fish","floor":4,"gold_loss":0},{"cards_removed":["Strike_G"],"damage_healed":0,"gold_gain":0,"player_choice":"Card Removal","damage_taken":7,"max_hp_gain":0,"max_hp_loss":0,"event_name":"Golden Wing","floor":5,"gold_loss":0},{"damage_healed":0,"gold_gain":75,"player_choice":"Gather Gold","damage_taken":11,"max_hp_gain":0,"max_hp_loss":0,"event_name":"World of Goop","floor":7,"gold_loss":0}],"is_beta":false,"boss_relics":[],"items_purged_floors":[],"is_endless":false,"potions_floor_spawned":[1,8,13],"killed_by":"Slime Boss","ascension_level":20}}