{"host":"78hrz0ylpj9lzvi8","time":1608400300,"event":{"mods":["BaseMod","Bestiary","Block Reminder","Curses Come First","Minty Spire (QoL Compilation)","Quick Restart","Random Character Button","Relic Stats","StSLib"],"gold_per_floor":[115,130,130,16,35,60,60,86,86,86,128,142,217,217,217,293,293,333,400,400,410,191,191,191],"floor_reached":23,"playtime":2001,"items_purged":["Defend_P","Defend_P"],"score":477,"play_id":"9b2b77ec-1f2d-44cc-b6f6-583eb54fd36a","local_time":"20201219145140","is_ascension_mode":true,"campfire_choices":[{"floor":7,"key":"REST"},{"data":"Eruption","floor":15,"key":"SMITH"}],"circlet_count":0,"master_deck":["AscendersBane","Strike_P","Strike_P","Strike_P","Defend_P","Defend_P","Eruption+1","Vigilance","Perseverance","EmptyFist","Tantrum","EmptyFist","FlyingSleeves","Wish","CutThroughFate","TalkToTheHand","Omniscience","CurseOfTheBell","Protect","Meditate","FearNoEvil+1","MentalFortress","TalkToTheHand"],"relics":["PureWater","Akabeko","Singing Bowl","Darkstone Periapt","Gremlin Horn","Strawberry","Calling Bell","Blood Vial","Ornamental Fan","GoldenEye"],"acts_visited":["Exordium","TheCity"],"potions_floor_usage":[6,6,16,16],"damage_taken":[{"damage":7,"enemies":"Cultist","floor":1,"turns":3},{"damage":12,"enemies":"Small Slimes","floor":2,"turns":5},{"damage":1,"enemies":"2 Louse","floor":5,"turns":2},{"damage":20,"enemies":"3 Sentries","floor":6,"turns":5},{"damage":0,"enemies":"Gremlin Nob","floor":8,"turns":2},{"damage":0,"enemies":"Large Slime","floor":11,"turns":3},{"damage":0,"enemies":"Red Slaver","floor":12,"turns":1},{"damage":13,"enemies":"Hexaghost","floor":16,"turns":9},{"damage":22,"enemies":"Chosen","floor":18,"turns":7},{"damage":7,"enemies":"Spheric Guardian","floor":19,"turns":3},{"damage":22,"enemies":"Centurion and Healer","floor":21,"turns":5},{"damage":32,"enemies":"Book of Stabbing","floor":23,"turns":4}],"seed_played":"-3835724485526303420","potions_obtained":[{"floor":1,"key":"Swift Potion"},{"floor":5,"key":"SkillPotion"},{"floor":8,"key":"LiquidBronze"},{"floor":12,"key":"DistilledChaos"},{"floor":19,"key":"Strength Potion"},{"floor":21,"key":"Explosive Potion"}],"is_trial":false,"path_per_floor":["M","M","T","$","M","E","R","E","T","?","M","M","?","?","R","B",null,"M","M","?","M","$","E"],"character_chosen":"WATCHER","items_purchased":["Tantrum","MentalFortress","TalkToTheHand"],"campfire_rested":1,"item_purchase_floors":[4,22,22],"current_hp_per_floor":[60,48,48,48,47,27,49,49,49,38,38,38,27,27,27,14,70,50,45,45,25,25,0,0],"gold":191,"neow_bonus":"TEN_PERCENT_HP_BONUS","is_daily":false,"chose_seed":false,"campfire_upgraded":1,"win_rate":0.0,"timestamp":1608400300,"path_taken":["M","M","?","?","M","E","R","E","T","?","M","M","?","?","R","BOSS","M","M","?","?","$","E"],"items_purchased_type":["Card","Card","Card"],"build_version":"2020-12-13","purchased_purges":2,"victory":false,"max_hp_per_floor":[74,74,74,74,74,74,74,74,74,81,81,81,81,81,81,81,87,87,87,87,87,87,87,87],"relic_stats":{"Darkstone Periapt":6,"Blood Vial":8,"Singing Bowl":0,"Gremlin Horn":[2,2],"counters":[12,49],"Ornamental Fan":[28],"GoldenEye":[10],"obtain_stats":[{"Darkstone Periapt":8,"Calling Bell":17,"Blood Vial":17,"Singing Bowl":6,"Gremlin Horn":9,"Ornamental Fan":17,"Strawberry":10,"PureWater":0,"GoldenEye":17,"Akabeko":3},{"Darkstone Periapt":5,"Calling Bell":8,"Blood Vial":8,"Singing Bowl":4,"Gremlin Horn":5,"Ornamental Fan":8,"Strawberry":5,"PureWater":0,"GoldenEye":8,"Akabeko":2},{"Darkstone Periapt":17,"Calling Bell":30,"Blood Vial":30,"Singing Bowl":15,"Gremlin Horn":17,"Ornamental Fan":30,"Strawberry":17,"PureWater":0,"GoldenEye":30,"Akabeko":8}]},"card_choices":[{"not_picked":["Worship","Evaluate"],"picked":"Perseverance","floor":1},{"not_picked":["Crescendo","EmptyBody"],"picked":"EmptyFist","floor":2},{"not_picked":["PathToVictory","Adaptation"],"picked":"EmptyFist","floor":5},{"not_picked":["BattleHymn","Halt"],"picked":"FlyingSleeves","floor":6},{"not_picked":["EmptyMind","Pray"],"picked":"Wish","floor":8},{"not_picked":["FlyingSleeves","WreathOfFlame"],"picked":"CutThroughFate","floor":11},{"not_picked":["InnerPeace","Worship"],"picked":"TalkToTheHand","floor":12},{"not_picked":["MasterReality","DeusExMachina"],"picked":"Omniscience","floor":16},{"not_picked":["WindmillStrike","SignatureMove"],"picked":"Protect","floor":18},{"not_picked":["CutThroughFate","Consecrate"],"picked":"Meditate","floor":19},{"not_picked":["Evaluate","DeceiveReality"],"picked":"FearNoEvil+1","floor":21}],"player_experience":954502,"relics_obtained":[{"floor":3,"key":"Akabeko"},{"floor":6,"key":"Singing Bowl"},{"floor":8,"key":"Darkstone Periapt"},{"floor":9,"key":"Gremlin Horn"},{"floor":17,"key":"Blood Vial"},{"floor":17,"key":"Ornamental Fan"},{"floor":17,"key":"GoldenEye"}],"event_choices":[{"damage_healed":0,"gold_gain":0,"player_choice":"Success","damage_taken":18,"relics_obtained":["Strawberry"],"max_hp_gain":0,"max_hp_loss":0,"event_name":"Scrap Ooze","floor":10,"gold_loss":0},{"damage_healed":0,"gold_gain":75,"player_choice":"Gather Gold","damage_taken":11,"max_hp_gain":0,"max_hp_loss":0,"event_name":"World of Goop","floor":13,"gold_loss":0},{"cards_removed":["Strike_P"],"damage_healed":0,"gold_gain":0,"player_choice":"Forget","damage_taken":0,"max_hp_gain":0,"max_hp_loss":0,"event_name":"Living Wall","floor":14,"gold_loss":0},{"damage_healed":0,"gold_gain":0,"player_choice":"0 cards matched","damage_taken":0,"max_hp_gain":0,"max_hp_loss":0,"event_name":"Match and Keep!","floor":20,"gold_loss":0,"cards_obtained":[]}],"is_beta":false,"boss_relics":[{"not_picked":["Empty Cage","Tiny House"],"picked":"Calling Bell"}],"items_purged_floors":[4,22],"is_endless":false,"potions_floor_spawned":[1,5,8,12,19,21],"killed_by":"Book of Stabbing","ascension_level":20}}