{"host":"kncugt8qnf1emsb0","time":1608388879,"event":{"mods":["AchievementEnabler","Act Like it!","BaseMod","Dota2Spire","Friendly Minions","KomeijiMod","Minty Spire (QoL Compilation)","MostiFishMod","Quick Restart","RumiaBox-露米娅的神秘盒子","Shop Mod","Spicy Shops","StSLib","TestMod","【遗物卡牌】REMEMod"],"gold_per_floor":[117,117,117,137,153,184,199,216,216,248,265,265,275,310,310,410,410,430,43,58,75,94,127,141,173,173,67,67,9,9,20,20,20,20],"floor_reached":33,"playtime":2203,"items_purged":["testmod-AutoReboundSystem"],"score":386,"play_id":"94d71e74-1105-4742-be7b-a9199f3b47e4","local_time":"20201219224119","is_ascension_mode":false,"campfire_choices":[{"floor":15,"key":"REST"},{"data":"MostiFishMod:DustFall","floor":28,"key":"SMITH"},{"data":"WindmillStrike","floor":30,"key":"SMITH"},{"floor":32,"key":"RECALL"}],"circlet_count":0,"master_deck":["Strike_P","Strike_P","Strike_P","Strike_P","Defend_P","Defend_P","Defend_P+1","Eruption+1","Vigilance+1","REME_ACTH+1","MostiFishMod:Unraveling","WindmillStrike+1","EmptyFist+1","testmod-DeathImprint+1","MostiFishMod:DustFall+1","testmod-DeathImprint+1"],"relics":["PureWater","DaveBox","testmod-TestBox","REME_ComplimentaryCards","NeowsBlessing","Technique","Question Card","PrismaticShard","Boot","MagicDraw3","Matryoshka","FossilizedHelix","ImportantClient","VioletLotus","MerchantsRug","testmod-Alchemist","Dota2Spire:Dagon","PreservedInsect","Ccalipers","Dota2Spire:EchoSabre","DollysMirror"],"acts_visited":["Exordium","TheCity"],"potions_floor_usage":[8,10,14,16,23,25,33,33],"damage_taken":[{"damage":0,"enemies":"2 Louse","floor":1,"turns":1},{"damage":0,"enemies":"Small Slimes","floor":4,"turns":1},{"damage":0,"enemies":"Cultist","floor":5,"turns":1},{"damage":6,"enemies":"Gremlin Nob","floor":6,"turns":3},{"damage":0,"enemies":"Exordium Wildlife","floor":7,"turns":2},{"damage":0,"enemies":"Gremlin Gang","floor":8,"turns":2},{"damage":9,"enemies":"Lagavulin","floor":10,"turns":3},{"damage":0,"enemies":"Red Slaver","floor":11,"turns":1},{"damage":0,"enemies":"2 Fungi Beasts","floor":13,"turns":1},{"damage":41,"enemies":"Gremlin Nob","floor":14,"turns":4},{"damage":0,"enemies":"Slime Boss","floor":16,"turns":7},{"damage":0,"enemies":"Chosen","floor":18,"turns":3},{"damage":3,"enemies":"3 Byrds","floor":20,"turns":4},{"damage":0,"enemies":"Snecko","floor":21,"turns":2},{"damage":0,"enemies":"Cultist and Chosen","floor":22,"turns":4},{"damage":0,"enemies":"Slavers","floor":23,"turns":3},{"damage":0,"enemies":"Centurion and Healer","floor":24,"turns":2},{"damage":18,"enemies":"Book of Stabbing","floor":25,"turns":3},{"damage":0,"enemies":"Snecko","floor":31,"turns":1},{"damage":58,"enemies":"Automaton","floor":33,"turns":6}],"seed_played":"-8547110092927135512","potions_obtained":[{"floor":5,"key":"SteroidPotion"},{"floor":6,"key":"Dota2Spire:Clarity"},{"floor":7,"key":"Energy Potion"},{"floor":8,"key":"Weak Potion"},{"floor":13,"key":"EssenceOfSteel"},{"floor":14,"key":"JyouchiReiPotion"},{"floor":16,"key":"FearPotion"},{"floor":20,"key":"Ancient Potion"},{"floor":21,"key":"Swift Potion"},{"floor":22,"key":"Weak Potion"},{"floor":24,"key":"BlessingOfTheForge"}],"is_trial":false,"path_per_floor":["M","?","?","M","M","E","M","M","T","E","M","T","M","E","R","B",null,"M","$","M","M","M","E","M","E","T","$","R","$","R","M","R","B"],"character_chosen":"WATCHER","items_purchased":["MerchantsRug","testmod-Alchemist","testmod-SpacePotion","Dota2Spire:Dagon","MostiFishMod:DustFall","DollysMirror"],"campfire_rested":1,"item_purchase_floors":[19,19,19,19,27,29],"current_hp_per_floor":[72,58,58,58,58,52,52,52,52,43,43,43,43,2,23,23,72,72,72,69,69,69,69,69,51,51,51,51,51,51,51,51,0,0],"gold":20,"neow_bonus":"THREE_ENEMY_KILL","is_daily":false,"chose_seed":false,"campfire_upgraded":2,"win_rate":0.0,"timestamp":1608388879,"path_taken":["M","?","?","M","?","E","M","M","T","E","M","?","M","E","R","BOSS","M","$","?","M","M","E","M","E","T","?","R","$","R","M","R","BOSS"],"items_purchased_type":["Relic","Relic","Potion","Relic","Card","Relic"],"build_version":"2020-12-13","purchased_purges":1,"victory":false,"max_hp_per_floor":[72,72,72,72,72,72,72,72,72,72,72,72,72,72,72,72,72,72,72,72,72,72,72,72,72,72,72,72,72,72,72,72,72,72],"card_choices":[{"not_picked":["EmptyBody","Sanctity","REME_Repentance"],"picked":"SKIP","floor":1},{"not_picked":["RikonNoKama+1","EmptyBody","TricksterDevil","Go for the Eyes"],"picked":"SKIP","floor":4},{"not_picked":["BathedInBlood","FearNoEvil","Slice","FastHealing"],"picked":"SKIP","floor":5},{"not_picked":["PanicButton","REME_Scribble","Feint"],"picked":"MostiFishMod:Unraveling","floor":6},{"not_picked":["NaturallyHealing","REME_FirmDetermination","SuitokuNoKyoryu","BloodySuit"],"picked":"SKIP","floor":7},{"not_picked":["KouPou+1","Burning Pact","Weave"],"picked":"WindmillStrike","floor":8},{"not_picked":["Glacier","Stack","TalkToTheHand","Barrage"],"picked":"SKIP","floor":10},{"not_picked":["WheelKick","Pummel","StickyBubble+","Steam"],"picked":"SKIP","floor":11},{"not_picked":["DemonsDinnerFork","Choke","REME_DataAnalysis","DoubleEdge"],"picked":"SKIP","floor":13},{"not_picked":["Deadly Poison","Undo","PreThought","MostiFishMod:ReprogramOld"],"picked":"SKIP","floor":14},{"not_picked":["Unload","TerribleSouvenir","MostiFishMod:UniRed"],"picked":"testmod-AutoReboundSystem","floor":16},{"not_picked":["CombatMeter","SandsOfTime","FateCollect"],"picked":"EmptyFist+1","floor":18},{"not_picked":["EmptyFist","Uppercut","Lockon+1","Warcry+1"],"picked":"SKIP","floor":20},{"not_picked":["Flame Barrier","SatsujinDooru","Sabishigari+1","Steam"],"picked":"SKIP","floor":21},{"not_picked":["Quick Slash","Well Laid Plans+1","Rebound","Steam Power"],"picked":"SKIP","floor":22},{"not_picked":["testmod-Recap","Tepes","RikonNoKama+1","ShyakuBuku"],"picked":"SKIP","floor":23},{"not_picked":["Iron Wave","Shockwave","BloodPact","DemonLordCradle+1"],"picked":"SKIP","floor":24},{"not_picked":["Backflip","TricksterDevil","Slice+1"],"picked":"testmod-DeathImprint+1","floor":25},{"not_picked":["CondensedBubble+","Clash","Infinite Blades","Sword Boomerang"],"picked":"SKIP","floor":31}],"player_experience":7096,"relics_obtained":[{"floor":1,"key":"Question Card"},{"floor":1,"key":"PrismaticShard"},{"floor":6,"key":"Boot"},{"floor":10,"key":"MagicDraw3"},{"floor":12,"key":"Matryoshka"},{"floor":14,"key":"FossilizedHelix"},{"floor":16,"key":"ImportantClient"},{"floor":23,"key":"PreservedInsect"},{"floor":25,"key":"Ccalipers"},{"floor":26,"key":"Dota2Spire:EchoSabre"},{"floor":26,"key":"Dota2Spire:MantaStyle"}],"event_choices":[{"damage_healed":0,"gold_gain":0,"player_choice":"Entered Light","damage_taken":14,"max_hp_gain":0,"max_hp_loss":0,"event_name":"Shining Light","floor":2,"gold_loss":0,"cards_upgraded":["Vigilance","Defend_P"]},{"cards_removed":["Defend_P"],"damage_healed":0,"gold_gain":0,"player_choice":"Offered Basic","damage_taken":0,"max_hp_gain":0,"max_hp_loss":0,"event_name":"Bonfire Elementals","floor":3,"gold_loss":0}],"is_beta":false,"boss_relics":[{"not_picked":["testmod-EnergyCheck","testmod-StringDisintegrator"],"picked":"VioletLotus"}],"items_purged_floors":[27],"is_endless":false,"potions_floor_spawned":[5,6,7,8,13,14,16,20,21,22,24],"killed_by":"Automaton","ascension_level":0}}