{"host":"bi6hp2lw0u7dctop","time":1608366438,"event":{"mods":["ATMod(°¢èªMod)","Aspiration","BaseMod","Better Vampires","Colored Powertips","GifTheSpireLib","Minty Spire (QoL Compilation)","Relic Stats","Replay The Spire","Spicy Shops","StSLib","simple","¡¾¹¦ÄÜMod¡¿»ìãçÖ®»·ÐÞ¸´²¹¶¡","¡¾ÒÅÎï¿¨ÅÆ¡¿REMEMod"],"gold_per_floor":[112,112,124,124,144,144,56,74,101,101,26,26,41,51,51,148,148,162,12,111,111,125,125,50,50,50,82,100,117,117,117,117],"floor_reached":31,"playtime":1534,"items_purged":[],"score":270,"play_id":"159605f8-05a6-4bd7-af4b-7e355d130f5f","local_time":"20201219162718","is_ascension_mode":false,"campfire_choices":[{"data":"AT_OneInchPunch","floor":6,"key":"SMITH"},{"data":"Apotheosis","floor":15,"key":"SMITH"},{"floor":23,"key":"RECALL"},{"data":"LikeWater","floor":25,"key":"SMITH"}],"circlet_count":0,"master_deck":["Eruption","Vigilance","AT_OneInchPunch+1","Apotheosis+1","FlurryOfBlows","Prostrate","Tantrum","Tantrum","ReplayTheSpireMod:IOU","AT_ChampionStep","AT_SoftenMuscles","WindmillStrike","JustLucky","MasterReality","FlyingSleeves","Meditate","WaveOfTheHand","Replay:AllIn","AT_DivineConfetti","Perseverance","LikeWater+1","Crescendo"],"relics":["PureWater","REME_ComplimentaryCards","AT_ATBox","Replay:Wax Seal","AT_BladeRuinedKing","aspiration:ArtOfWarUpgrade","AT_ArchangelStaff","Pandora\u0027s Box","Membership Card","MutagenicStrength","aspiration:StickyExplosives"],"acts_visited":["Exordium","TheCity"],"potions_floor_usage":[16,16,16,27,29,31],"damage_taken":[{"damage":0,"enemies":"Small Slimes","floor":1,"turns":2},{"damage":0,"enemies":"Cultist","floor":3,"turns":2},{"damage":2,"enemies":"Jaw Worm","floor":5,"turns":3},{"damage":0,"enemies":"Exordium Thugs","floor":8,"turns":3},{"damage":0,"enemies":"Blue Slaver","floor":13,"turns":1},{"damage":5,"enemies":"Looter","floor":14,"turns":3},{"damage":7,"enemies":"Fading Forest","floor":16,"turns":11},{"damage":5,"enemies":"3 Byrds","floor":18,"turns":4},{"damage":14,"enemies":"Chosen","floor":22,"turns":4},{"damage":11,"enemies":"Book of Stabbing","floor":27,"turns":3},{"damage":4,"enemies":"Snecko","floor":28,"turns":3},{"damage":12,"enemies":"Centurion and Healer","floor":29,"turns":4},{"damage":16,"enemies":"Sentry and Sphere","floor":31,"turns":3}],"seed_played":"-8516996849208515886","potions_obtained":[{"floor":1,"key":"LifebloodPotion"},{"floor":5,"key":"Adrenaline Potion"},{"floor":14,"key":"Dexterity Potion"},{"floor":18,"key":"AttackPotion"},{"floor":27,"key":"Weak Potion"},{"floor":28,"key":"BlessingOfTheForge"},{"floor":30,"key":"SkillPotion"},{"floor":30,"key":"Swift Potion"}],"is_trial":false,"path_per_floor":["M","?","M","?","M","R","$","M","T","R","$","R","M","M","R","B",null,"M","$","?","?","M","R","?","R","T","E","M","M","?","M"],"character_chosen":"WATCHER","items_purchased":["AT_BladeRuinedKing","Tantrum","AT_ChampionStep","AT_ArchangelStaff","Membership Card"],"campfire_rested":0,"item_purchase_floors":[7,7,7,11,19],"current_hp_per_floor":[72,72,72,72,70,70,70,70,70,70,70,70,70,65,65,65,72,67,67,67,67,53,53,53,53,53,42,38,26,26,10,10],"gold":117,"neow_bonus":"RANDOM_COMMON_RELIC","is_daily":false,"chose_seed":false,"campfire_upgraded":3,"win_rate":0.0,"timestamp":1608366438,"path_taken":["M","?","?","?","M","R","$","M","T","R","?","R","M","M","R","BOSS","M","$","?","?","M","R","?","R","T","E","?","M","?","M"],"items_purchased_type":["Relic","Card","Card","Relic","Relic"],"build_version":"2020-12-13","purchased_purges":0,"victory":false,"max_hp_per_floor":[72,72,72,72,72,72,72,72,72,72,72,72,72,72,72,72,72,72,72,72,72,72,72,72,72,72,72,72,72,72,72,72],"relic_stats":{"counters":[13,46],"Pandora\u0027s Box":["JustLucky","MasterReality","FlyingSleeves","Meditate","WaveOfTheHand","Replay:AllIn","AT_DivineConfetti","Perseverance"],"obtain_stats":[{"aspiration:StickyExplosives":27,"AT_ATBox":0,"MutagenicStrength":21,"aspiration:ArtOfWarUpgrade":12,"Pandora\u0027s Box":17,"AT_BladeRuinedKing":7,"Art of War":9,"Membership Card":19,"PureWater":0,"Replay:Wax Seal":0,"AT_ArchangelStaff":11,"REME_ComplimentaryCards":0},{"aspiration:StickyExplosives":10,"AT_ATBox":0,"MutagenicStrength":8,"aspiration:ArtOfWarUpgrade":4,"Pandora\u0027s Box":7,"AT_BladeRuinedKing":3,"Art of War":4,"Membership Card":8,"PureWater":0,"Replay:Wax Seal":0,"AT_ArchangelStaff":4,"REME_ComplimentaryCards":0},{"aspiration:StickyExplosives":36,"AT_ATBox":0,"MutagenicStrength":29,"aspiration:ArtOfWarUpgrade":10,"Pandora\u0027s Box":25,"AT_BladeRuinedKing":7,"Art of War":10,"Membership Card":29,"PureWater":0,"Replay:Wax Seal":0,"AT_ArchangelStaff":10,"REME_ComplimentaryCards":0}]},"card_choices":[{"not_picked":["Replay:ManipulateFuture","EmptyBody"],"picked":"FlurryOfBlows","floor":1},{"not_picked":["CutThroughFate","Replay:ManipulateFuture"],"picked":"Prostrate","floor":3},{"not_picked":["EmptyFist","Replay:BluntJabs","ReachHeaven"],"picked":"SKIP","floor":5},{"not_picked":["EmptyFist","Wallop","CutThroughFate"],"picked":"SKIP","floor":8},{"not_picked":["Replay:AtTheReady","ThirdEye"],"picked":"AT_SoftenMuscles","floor":13},{"not_picked":["Replay:BluntJabs","JustLucky"],"picked":"WindmillStrike","floor":14},{"not_picked":["Replay:ManipulateFuture","Evaluate+1","SashWhip"],"picked":"SKIP","floor":18},{"not_picked":["Replay:Battleflow","CrushJoints+1"],"picked":"LikeWater","floor":22},{"not_picked":["REME_Repentance+1","AT_OneInchPunch"],"picked":"Crescendo","floor":27},{"not_picked":["Halt+1","EmptyFist","Ragnarok"],"picked":"SKIP","floor":28},{"not_picked":["REME_Repentance","BattleHymn+1","CutThroughFate"],"picked":"SKIP","floor":29}],"player_experience":194061,"relics_obtained":[{"floor":9,"key":"Art of War"},{"floor":27,"key":"aspiration:StickyExplosives"}],"event_choices":[{"damage_healed":0,"gold_gain":0,"player_choice":"Bought 0 Potions","damage_taken":0,"max_hp_gain":0,"max_hp_loss":0,"event_name":"The Woman in Blue","floor":2,"gold_loss":0},{"damage_healed":0,"gold_gain":0,"player_choice":"Ignored","damage_taken":0,"max_hp_gain":0,"max_hp_loss":0,"event_name":"NoteForYourself","floor":4,"gold_loss":0},{"damage_healed":0,"gold_gain":99,"player_choice":"Stole From Cult","damage_taken":0,"max_hp_gain":0,"max_hp_loss":0,"event_name":"Nest","floor":20,"gold_loss":0},{"damage_healed":0,"gold_gain":0,"player_choice":"Inject Mutagens","damage_taken":0,"relics_obtained":["MutagenicStrength"],"max_hp_gain":0,"max_hp_loss":0,"event_name":"Drug Dealer","floor":21,"gold_loss":0},{"cards_removed":["Clumsy"],"damage_healed":0,"gold_gain":0,"player_choice":"Gave Gold","damage_taken":0,"max_hp_gain":0,"max_hp_loss":0,"event_name":"Beggar","floor":24,"gold_loss":75},{"damage_healed":0,"gold_gain":0,"player_choice":"Got Potions","damage_taken":0,"max_hp_gain":0,"max_hp_loss":0,"event_name":"Lab","floor":30,"gold_loss":0}],"is_beta":false,"boss_relics":[{"not_picked":["aspiration:RitualDagger","HolyWater"],"picked":"Pandora\u0027s Box"}],"items_purged_floors":[],"is_endless":false,"potions_floor_spawned":[1,5,14,18,27,28],"killed_by":"Sentry and Sphere","ascension_level":0}}