{"host":"v54ek091sdz7ha6h","time":1608412539,"event":{"mods":["BaseMod","Colored Map","Colored Powertips","DeckTracker","KOR Keyword Fix","Minty Spire (QoL Compilation)","Quick Restart","Rare Cards Sparkle","StSLib","SuperFastMode","The Awakened One except there are too many feathers","everything is the same but u backflip on backflip","slay the spire mod where everything is the same but ironclad has a cowboy hat"],"gold_per_floor":[118,118,118,133,144,144,156,189,189,189,189,204,230,243,243,338,338,351,362,287,9,26,26,53,53,53,71,71,71,98,98,98,196,196,210,221,236,247,247,277,277,327,350,369,383,411,33,51,51,51,51,51,0,35,35],"floor_reached":56,"playtime":2146,"items_purged":["Strike_P+1"],"score":1484,"play_id":"8f7ed8b6-702b-4729-b899-86757145a434","local_time":"20201220061539","is_ascension_mode":false,"campfire_choices":[{"data":"CrushJoints","floor":6.0,"key":"SMITH"},{"data":"FlurryOfBlows","floor":15.0,"key":"SMITH"},{"data":"Scrawl","floor":23.0,"key":"SMITH"},{"data":"Panacea","floor":25.0,"key":"SMITH"},{"data":"Devotion","floor":32.0,"key":"SMITH"},{"floor":41.0,"key":"RECALL"},{"data":"Nirvana","floor":49.0,"key":"SMITH"},{"data":"TalkToTheHand","floor":52,"key":"SMITH"}],"circlet_count":0,"master_deck":["Defend_P+1","Defend_P+1","Defend_P+1","Eruption+1","Vigilance+1","WindmillStrike+1","LessonLearned+1","CrushJoints+1","JustLucky+1","Prostrate+1","Panacea+1","FearNoEvil+1","FlurryOfBlows+1","Scrawl+1","Devotion+1","Omniscience+1","SignatureMove+1","Crescendo+1","Prostrate+1","Brilliance","Flash of Steel+1","Protect+1","EmptyMind+1","Establishment+1","MentalFortress+1","Omniscience+1","JustLucky","Study+1","Prostrate+1","Madness","Madness+1","Perseverance+1","TalkToTheHand+1","Prostrate+1","Vault+1","Nirvana+1","Worship+1","Vault"],"relics":["PureWater","Whetstone","Question Card","Lizard Tail","Torii","Pen Nib","Anchor","Astrolabe","InkBottle","Bottled Tornado","Nunchaku","SlaversCollar","Omamori","Gambling Chip","Oddly Smooth Stone","Akabeko","OrangePellets","PreservedInsect","Bottled Flame"],"acts_visited":["Exordium","TheCity","TheBeyond","TheEnding"],"potions_floor_usage":[50,50,55,55,55],"damage_taken":[{"damage":2.0,"enemies":"Small Slimes","floor":1.0,"turns":3.0},{"damage":0.0,"enemies":"2 Louse","floor":4.0,"turns":1.0},{"damage":0.0,"enemies":"Cultist","floor":5.0,"turns":3.0},{"damage":7.0,"enemies":"Exordium Thugs","floor":7.0,"turns":3.0},{"damage":13.0,"enemies":"Lagavulin","floor":8.0,"turns":7.0},{"damage":7.0,"enemies":"2 Fungi Beasts","floor":12.0,"turns":3.0},{"damage":10.0,"enemies":"Gremlin Nob","floor":13.0,"turns":3.0},{"damage":1.0,"enemies":"Lots of Slimes","floor":14.0,"turns":2.0},{"damage":0.0,"enemies":"Hexaghost","floor":16.0,"turns":6.0},{"damage":0.0,"enemies":"Spheric Guardian","floor":18.0,"turns":3.0},{"damage":0.0,"enemies":"2 Thieves","floor":19.0,"turns":2.0},{"damage":0.0,"enemies":"Snecko","floor":22.0,"turns":2.0},{"damage":1.0,"enemies":"Slavers","floor":24.0,"turns":3.0},{"damage":3.0,"enemies":"Chosen and Byrds","floor":27.0,"turns":5.0},{"damage":0.0,"enemies":"Book of Stabbing","floor":30.0,"turns":3.0},{"damage":16.0,"enemies":"Collector","floor":33.0,"turns":6.0},{"damage":8.0,"enemies":"3 Darklings","floor":35.0,"turns":4.0},{"damage":1.0,"enemies":"Orb Walker","floor":36.0,"turns":2.0},{"damage":1.0,"enemies":"Transient","floor":37.0,"turns":5.0},{"damage":19.0,"enemies":"Sphere and 2 Shapes","floor":38.0,"turns":4.0},{"damage":1.0,"enemies":"Giant Head","floor":40.0,"turns":5.0},{"damage":0.0,"enemies":"Mind Bloom Boss Battle","floor":42.0,"turns":4.0},{"damage":1.0,"enemies":"Spire Growth","floor":44.0,"turns":5.0},{"damage":0.0,"enemies":"Transient","floor":45.0,"turns":5.0},{"damage":0.0,"enemies":"Nemesis","floor":46.0,"turns":4.0},{"damage":2.0,"enemies":"Sphere and 2 Shapes","floor":48.0,"turns":6.0},{"damage":1,"enemies":"Awakened One","floor":50,"turns":8},{"damage":0,"enemies":"Shield and Spear","floor":54,"turns":3},{"damage":0,"enemies":"The Heart","floor":55,"turns":5}],"seed_played":"8046640150787885512","potions_obtained":[{"floor":1.0,"key":"FairyPotion"},{"floor":4.0,"key":"SteroidPotion"},{"floor":13.0,"key":"FearPotion"},{"floor":16.0,"key":"SteroidPotion"},{"floor":18.0,"key":"SteroidPotion"},{"floor":24.0,"key":"Weak Potion"},{"floor":33.0,"key":"SmokeBomb"},{"floor":35.0,"key":"Weak Potion"},{"floor":38.0,"key":"DuplicationPotion"},{"floor":40.0,"key":"Dexterity Potion"},{"floor":54,"key":"Swift Potion"}],"is_trial":false,"path_per_floor":["M","?","?","M","M","R","M","E","T","T","?","M","E","M","R","B",null,"M","M","?","$","M","R","E","R","T","M","T","$","E","?","R","B",null,"M","M","M","M","?","E","R","?","T","M","M","E","$","M","R","B",null,"R","$","E","B",null],"character_chosen":"WATCHER","items_purchased":["Brilliance","Flash of Steel","Protect","OrangePellets","Nirvana","PreservedInsect","Energy Potion"],"campfire_rested":0,"item_purchase_floors":[21,21,21,47,47,47,53],"current_hp_per_floor":[70,70,70,70,70,70,63,50,50,50,50,43,33,32,32,32,72,72,72,72,72,72,72,71,71,71,68,68,68,68,68,68,52,72,64,63,62,43,34,33,33,33,33,32,32,32,32,30,30,29,72,72,72,72,72],"gold":35,"neow_bonus":"RANDOM_COMMON_RELIC","is_daily":false,"chose_seed":false,"campfire_upgraded":7,"win_rate":0.0,"timestamp":1608412539,"path_taken":["M","?","?","?","M","R","M","E","T","?","?","?","E","M","R","BOSS","M","M","?","$","M","R","E","R","T","M","?","?","E","?","R","BOSS","M","M","M","M","?","E","R","?","T","M","M","E","$","M","R","BOSS","R","$","E","BOSS"],"items_purchased_type":["Card","Card","Card","Relic","Card","Relic","Potion"],"build_version":"2020-12-13","purchased_purges":1,"victory":true,"max_hp_per_floor":[72,72,72,72,72,72,72,72,72,72,72,72,72,72,72,72,72,72,72,72,72,72,72,72,72,72,72,72,72,72,72,72,72,72,72,72,72,72,72,72,72,72,72,72,72,72,72,72,72,72,72,72,72,72,72],"card_choices":[{"not_picked":["SandsOfTime","ClearTheMind"],"picked":"WindmillStrike","floor":1.0},{"not_picked":["Wallop","ThirdEye","CrushJoints"],"picked":"LessonLearned","floor":4.0},{"not_picked":["Evaluate","ThirdEye","ClearTheMind"],"picked":"CrushJoints","floor":5.0},{"not_picked":["Fasting2","FlyingSleeves","Halt"],"picked":"JustLucky","floor":7.0},{"not_picked":["Evaluate","FlyingSleeves","WheelKick"],"picked":"Prostrate","floor":8.0},{"not_picked":["FollowUp","Meditate","Indignation"],"picked":"FearNoEvil","floor":12.0},{"not_picked":["Omniscience","PathToVictory","SignatureMove"],"picked":"FlurryOfBlows","floor":13.0},{"not_picked":["Weave","CutThroughFate","EmptyBody"],"picked":"Scrawl","floor":14.0},{"not_picked":["MasterReality","Vault","LessonLearned"],"picked":"Devotion","floor":16.0},{"not_picked":["CrushJoints","ThirdEye","SashWhip+1"],"picked":"Prostrate","floor":18.0},{"not_picked":["Vengeance","SandsOfTime","Wireheading","ReachHeaven"],"picked":"SKIP","floor":19.0},{"not_picked":["ClearTheMind","Consecrate","PathToVictory"],"picked":"EmptyMind","floor":22.0},{"not_picked":["Devotion","ClearTheMind","ForeignInfluence+1"],"picked":"Establishment","floor":24.0},{"not_picked":["EmptyBody","EmptyFist+1","Protect"],"picked":"MentalFortress+1","floor":27.0},{"not_picked":["FollowUp","Evaluate+1","ClearTheMind","BowlingBash+1"],"picked":"SKIP","floor":30.0},{"not_picked":["DevaForm","Ragnarok","Wish"],"picked":"Omniscience","floor":33.0},{"not_picked":["CrushJoints","FlyingSleeves+1","DeceiveReality"],"picked":"JustLucky","floor":35.0},{"not_picked":["CarveReality+1","ClearTheMind+1","ReachHeaven","SashWhip"],"picked":"SKIP","floor":36.0},{"not_picked":["EmptyFist","PathToVictory","ClearTheMind+1"],"picked":"Study+1","floor":37.0},{"not_picked":["ConjureBlade","Crescendo+1","FlyingSleeves"],"picked":"Prostrate+1","floor":38.0},{"not_picked":["Wallop","SashWhip+1","CrushJoints+1"],"picked":"Perseverance","floor":40.0},{"not_picked":["EmptyFist","PathToVictory","SandsOfTime"],"picked":"TalkToTheHand","floor":42.0},{"not_picked":["Protect","FlyingSleeves+1","CrushJoints+1"],"picked":"Prostrate+1","floor":44.0},{"not_picked":["SashWhip+1","ThirdEye","CrushJoints"],"picked":"Vault","floor":45.0},{"not_picked":["Meditate","BowlingBash+1","FlurryOfBlows","CrushJoints"],"picked":"SKIP","floor":46.0},{"not_picked":["BowlingBash","PathToVictory+1","ThirdEye+1"],"picked":"Worship","floor":48.0},{"not_picked":["EmptyBody","FlyingSleeves+1","Swivel+1"],"picked":"Vault","floor":54}],"player_experience":1386384,"relics_obtained":[{"floor":8.0,"key":"Lizard Tail"},{"floor":9.0,"key":"Torii"},{"floor":10.0,"key":"Pen Nib"},{"floor":13.0,"key":"Anchor"},{"floor":24.0,"key":"InkBottle"},{"floor":26.0,"key":"Bottled Tornado"},{"floor":30.0,"key":"Nunchaku"},{"floor":40.0,"key":"Omamori"},{"floor":42.0,"key":"Gambling Chip"},{"floor":43.0,"key":"Oddly Smooth Stone"},{"floor":46.0,"key":"Akabeko"},{"floor":54,"key":"Bottled Flame"}],"event_choices":[{"damage_healed":0.0,"max_hp_gain":0.0,"max_hp_loss":0.0,"gold_gain":0.0,"event_name":"Living Wall","player_choice":"Grow","floor":2.0,"gold_loss":0.0,"damage_taken":0.0,"cards_upgraded":["WindmillStrike"]},{"damage_healed":0.0,"max_hp_gain":0.0,"max_hp_loss":0.0,"gold_gain":0.0,"event_name":"WeMeetAgain","player_choice":"Gave Potion","floor":3.0,"gold_loss":0.0,"damage_taken":0.0,"relics_obtained":["Question Card"]},{"damage_healed":0.0,"max_hp_gain":0.0,"max_hp_loss":0.0,"gold_gain":0.0,"event_name":"Match and Keep!","player_choice":"1 cards matched","floor":11.0,"gold_loss":0.0,"damage_taken":0.0,"cards_obtained":["Panacea"]},{"cards_removed":["Strike_P"],"damage_healed":0.0,"max_hp_gain":0.0,"max_hp_loss":0.0,"gold_gain":0.0,"event_name":"Beggar","player_choice":"Gave Gold","floor":20.0,"gold_loss":75.0,"damage_taken":0.0},{"damage_healed":0.0,"max_hp_gain":0.0,"max_hp_loss":0.0,"gold_gain":0.0,"event_name":"Vampires","player_choice":"Ignored","floor":31.0,"gold_loss":0.0,"damage_taken":0.0},{"damage_healed":0.0,"max_hp_gain":0.0,"max_hp_loss":0.0,"gold_gain":0.0,"event_name":"Winding Halls","player_choice":"Embrace Madness","floor":39.0,"gold_loss":0.0,"damage_taken":9.0,"cards_obtained":["Madness","Madness"]},{"damage_healed":0.0,"max_hp_gain":0.0,"max_hp_loss":0.0,"gold_gain":0.0,"event_name":"MindBloom","player_choice":"Fight","floor":42.0,"gold_loss":0.0,"damage_taken":0.0}],"is_beta":false,"boss_relics":[{"not_picked":["Runic Pyramid","Snecko Eye"],"picked":"Astrolabe"},{"not_picked":["Pandora\u0027s Box","Calling Bell"],"picked":"SlaversCollar"}],"items_purged_floors":[21],"is_endless":false,"potions_floor_spawned":[1,4,13,16,18,24,33,35,38,40,46,54],"ascension_level":0}}