{"host":"i2ku91d5mi282ys8","time":1608395655,"event":{"mods":["AchievementEnabler","Act Like it!","Aspiration","BaseMod","Better Match","Better Note","Better Skull","Better Third Choice","Block Reminder","CatGirl Mod","Colored Map","Colored Powertips","DeckTracker","Defuse TimeMaze Blight","Displayed Cursed Tome","GifTheSpireLib","Googly Eyes","Highlight Path","Lobotomy","LobotomyExtend","Minty Spire (QoL Compilation)","Permanent Neow","Quick Restart","RNG Fix","Random Character Button","Rare Cards Sparkle","Relic Sorter","StSLib","The IronCluck","Uncapped","Unceasing Turn Reminder","Waifu the Spire","everything is the same but u backflip on backflip"],"gold_per_floor":[116,47,47,60,60,60,104,104,104,104,104,143,72,72,72,192,192,215,215,215,231,231,231],"floor_reached":22,"playtime":1034,"items_purged":[],"score":222,"play_id":"2e94b2be-6cd3-4fd3-b152-dad81e3b79aa","local_time":"20201219113415","is_ascension_mode":true,"campfire_choices":[{"data":"White Noise","floor":6,"key":"SMITH"},{"data":"Creative AI","floor":8,"key":"SMITH"},{"data":"Heatsinks","floor":10,"key":"SMITH"},{"floor":15,"key":"REST"}],"circlet_count":0,"master_deck":["Strike_B","Strike_B","Strike_B","Strike_B","Defend_B","Defend_B","Defend_B","Defend_B","Zap","Dualcast","Scorched","White Noise+1","Heatsinks+1","ShyLook","Creative AI+1","Self Repair+1","Creative AI","Cold Snap","Cold Snap"],"relics":["Cracked Core","CogitoBucket","LetterFromLob","Golden Idol","Ornamental Fan","Mercury Hourglass","Pear","SlaversCollar","AspirationHeart","aspiration:RitualStick"],"acts_visited":["Exordium","TheCity"],"potions_floor_usage":[16],"damage_taken":[{"damage":2,"enemies":"2 Louse","floor":1,"turns":3},{"damage":11,"enemies":"Jaw Worm","floor":4,"turns":2},{"damage":12,"enemies":"Gremlin Nob","floor":7,"turns":3},{"damage":9,"enemies":"3 Sentries","floor":12,"turns":3},{"damage":53,"enemies":"The Guardian","floor":16,"turns":12},{"damage":47,"enemies":"2 Thieves","floor":18,"turns":6},{"damage":24,"enemies":"Spheric Guardian","floor":21,"turns":4},{"damage":43,"enemies":"Spheric Guardian","floor":22,"turns":1}],"seed_played":"2202680690411934170","potions_obtained":[{"floor":4,"key":"SkillPotion"}],"is_trial":false,"path_per_floor":["M","$","?","M","?","R","E","R","T","R","M","E","$","?","R","B",null,"M","?","?","M","?"],"character_chosen":"DEFECT","items_purchased":["Heatsinks","Self Repair"],"campfire_rested":1,"item_purchase_floors":[2,13],"current_hp_per_floor":[73,73,55,44,52,52,40,40,40,40,40,41,41,41,66,23,85,58,58,39,25,0,0],"gold":231,"neow_bonus":"","is_daily":false,"chose_seed":false,"campfire_upgraded":3,"win_rate":0.0,"timestamp":1608395655,"path_taken":["M","$","?","?","?","R","E","R","T","R","M","E","?","?","R","BOSS","M","?","?","?","?"],"items_purchased_type":["Card","Card"],"build_version":"2020-12-13","purchased_purges":0,"victory":false,"max_hp_per_floor":[75,75,75,75,75,75,75,75,75,75,75,85,85,85,85,85,85,95,95,95,95,95,95],"card_choices":[{"not_picked":["WallGazer","BigBadWolf"],"picked":"Scorched","floor":1},{"not_picked":["Gash","Steam Power"],"picked":"White Noise","floor":1},{"not_picked":["Murderer","MeatLantern","OSAHOGD"],"picked":"Singing Bowl","floor":4},{"not_picked":["Glacier","Turbo","Compile Driver"],"picked":"SKIP","floor":4},{"not_picked":["CrumblingArmor","Rudolta","SingingMachine"],"picked":"Singing Bowl","floor":7},{"not_picked":["Porccubus","BeautyBeast"],"picked":"ShyLook","floor":7},{"not_picked":["Chaos","Beam Cell"],"picked":"Creative AI","floor":7},{"not_picked":["FairyFestival","WhitesApple","GalaxyChild"],"picked":"Singing Bowl","floor":12},{"not_picked":["Go for the Eyes","FTL","Consume"],"picked":"SKIP","floor":12},{"not_picked":["Yin","WallGazer","CrumblingArmor"],"picked":"Singing Bowl","floor":16},{"not_picked":["Reboot","Buffer"],"picked":"Creative AI","floor":16},{"not_picked":["Rebound","Skim"],"picked":"Cold Snap","floor":18},{"not_picked":["Freischutz","UniverseFragment","Variant"],"picked":"Singing Bowl","floor":18},{"not_picked":["Turbo","Go for the Eyes+1"],"picked":"Cold Snap","floor":21}],"player_experience":331575,"relics_obtained":[{"floor":1,"key":"LetterFromLob"},{"floor":7,"key":"Ornamental Fan"},{"floor":9,"key":"Mercury Hourglass"},{"floor":12,"key":"Pear"}],"event_choices":[{"damage_healed":0,"gold_gain":0,"player_choice":"Take Damage","damage_taken":18,"relics_obtained":["Golden Idol"],"max_hp_gain":0,"max_hp_loss":0,"event_name":"Golden Idol","floor":3,"gold_loss":0},{"damage_healed":0,"gold_gain":0,"player_choice":"Grow","damage_taken":0,"max_hp_gain":0,"max_hp_loss":0,"event_name":"Living Wall","floor":14,"gold_loss":0,"cards_upgraded":["Self Repair"]},{"cards_removed":["Creative AI"],"damage_healed":0,"gold_gain":0,"player_choice":"Give","damage_taken":0,"max_hp_gain":0,"max_hp_loss":0,"event_name":"betterNote:BetterNote","floor":19,"gold_loss":0,"cards_obtained":["MeatLantern"]}],"is_beta":false,"boss_relics":[{"not_picked":["Runic Dome","Fusion Hammer"],"picked":"SlaversCollar"}],"items_purged_floors":[],"is_endless":false,"potions_floor_spawned":[4],"killed_by":"Spheric Guardian","ascension_level":1}}