{"host":"dt8tt9y5uobrbn6j","time":1608359941,"event":{"mods":["Act Like it!","Aspiration","BaseMod","Better Third Choice","BetterRewards","Card Forge","Colored Powertips","Conspire","Hubris","Infinite Spire","Minty Spire (QoL Compilation)","Quick Restart","Relic Stats","Replay The Spire","Retaliation","Shop Mod","StSLib","vexMod","óô»ðÖ¸ÄÏ"],"gold_per_floor":[119,138,138,63,75,75,75,102,102,116,116,130,158,171,171,242,342,355,365,131,145,158,158,183,183,183,183,183,202,227,247,247,318,318,335,360,360,373,388,418,418,443,520,553,571,571,571,124,124,124,124,124,124,124,149,149],"floor_reached":57,"playtime":3923,"items_purged":["Strike_R","Strike_R"],"score":4284,"play_id":"056a886a-b86c-4bbf-a32b-28bc32a98b37","local_time":"20201219143901","is_ascension_mode":true,"campfire_choices":[{"data":"Armaments","floor":6.0,"key":"SMITH"},{"floor":11.0,"key":"RECALL"},{"data":"Barricade","floor":15.0,"key":"SMITH"},{"data":"Offering","floor":23.0,"key":"SMITH"},{"data":"ReplayTheSpireMod:Strike From Hell","floor":32.0,"key":"SMITH"},{"data":"Burning Pact","floor":41.0,"key":"SMITH"},{"data":"Evolve","floor":46.0,"key":"SMITH"},{"data":"Feel No Pain","floor":49.0,"key":"SMITH"}],"circlet_count":0,"master_deck":["AscendersBane","Defend_R","Defend_R","Bash","Feel No Pain+1","Disarm+1","Abandon","Pommel Strike+1","Armaments+1","Shrug It Off","Shockwave","DDmod:EasePowerCard","Reckless Charge","Barricade+1","Immolate","Body Slam","Offering+1","Blade Dance","Neutralize","hubris:SlightOfHand","Necronomicurse","ReplayTheSpireMod:Strike From Hell+1","Carnage","Havoc","Berserk","Burning Pact+1","Bloodletting","Evolve+1"],"relics":["Burning Blood","Hammer of Thor","Seething Fire","Anvil of the Gods","Toy Ornithopter","hubris:PeanutButter","Gremlin Horn","HandDrill","ReplayTheSpireMod:Lightbulb","Chemical X","hubris:CrystalStatue","conspire:TreasureMap","conspire:TopHat","hubris:ChampionShield","Potion Belt","Replay:Wanted Poster","Gremlin Food","White Beast Statue","Necronomicon","Prayer Wheel","WingedGreaves","Runic Pyramid","vexMod:RetaliationKit","Empty Cage","Replay:Rubber Ducky","Replay:Bottled Snecko","aspiration:ChemicalBlood","hubris:EmptyBottle","Iron Hammer","Letter Opener"],"acts_visited":["Exordium","TheCity","TheBeyond","TheEnding"],"potions_floor_usage":[56,56,56,56,56,56],"damage_taken":[{"damage":0.0,"enemies":"Jaw Worm","floor":1.0,"turns":4.0},{"damage":0.0,"enemies":"Cultist","floor":2.0,"turns":4.0},{"damage":0.0,"enemies":"Small Slimes","floor":5.0,"turns":3.0},{"damage":0.0,"enemies":"3 Sentries","floor":8.0,"turns":12.0},{"damage":0.0,"enemies":"Red Slaver","floor":10.0,"turns":4.0},{"damage":0.0,"enemies":"3 Louse","floor":12.0,"turns":4.0},{"damage":0.0,"enemies":"Lagavulin","floor":13.0,"turns":7.0},{"damage":0.0,"enemies":"Looter","floor":14.0,"turns":4.0},{"damage":0.0,"enemies":"Hexaghost","floor":16.0,"turns":15.0},{"damage":0.0,"enemies":"Spheric Guardian","floor":18.0,"turns":5.0},{"damage":0.0,"enemies":"3 Byrds","floor":19.0,"turns":5.0},{"damage":0.0,"enemies":"Snake Plant","floor":21.0,"turns":4.0},{"damage":0.0,"enemies":"Centurion and Healer","floor":22.0,"turns":5.0},{"damage":0.0,"enemies":"Slavers","floor":24.0,"turns":5.0},{"damage":0.0,"enemies":"Snecko","floor":29.0,"turns":4.0},{"damage":0.0,"enemies":"Nightmare","floor":30.0,"turns":11.0},{"damage":0.0,"enemies":"3 Cultists","floor":31.0,"turns":2.0},{"damage":0.0,"enemies":"Collector","floor":33.0,"turns":6.0},{"damage":2.0,"enemies":"Orb Walker","floor":35.0,"turns":2.0},{"damage":1.0,"enemies":"Mind Bloom Boss Battle","floor":36.0,"turns":6.0},{"damage":1.0,"enemies":"3 Darklings","floor":38.0,"turns":3.0},{"damage":4.0,"enemies":"4 Shapes","floor":39.0,"turns":1.0},{"damage":1.0,"enemies":"Nemesis","floor":40.0,"turns":5.0},{"damage":10.0,"enemies":"R_Hoarder","floor":42.0,"turns":7.0},{"damage":3.0,"enemies":"Giant Head","floor":44.0,"turns":5.0},{"damage":1.0,"enemies":"Transient","floor":45.0,"turns":6.0},{"damage":10.0,"enemies":"hubris:GrandSnecko","floor":50.0,"turns":4.0},{"damage":43.0,"enemies":"conspire:OrnateMirror","floor":51.0,"turns":3.0},{"damage":19.0,"enemies":"Shield and Spear","floor":55.0,"turns":3.0},{"damage":0,"enemies":"The Heart","floor":56,"turns":7}],"seed_played":"7308595319189317094","potions_obtained":[{"floor":1.0,"key":"Toxic Potion"},{"floor":10.0,"key":"Languid Potion"},{"floor":14.0,"key":"Weak Potion"},{"floor":22.0,"key":"GamblersBrew"},{"floor":24.0,"key":"ColorlessPotion"},{"floor":29.0,"key":"conspire:TimeTravelPotion"},{"floor":30.0,"key":"Block Potion"},{"floor":31.0,"key":"SpeedPotion"},{"floor":33.0,"key":"Adrenaline Potion"},{"floor":35.0,"key":"DDmod:CleansePotion"},{"floor":36.0,"key":"Fire Potion"},{"floor":38.0,"key":"FearPotion"},{"floor":39.0,"key":"Milkshake"},{"floor":44.0,"key":"LifebloodPotion"},{"floor":45.0,"key":"DistilledChaos"},{"floor":55.0,"key":"Adrenaline Potion"}],"is_trial":false,"path_per_floor":["M","M","?","$","M","R","?","E","T","M","R","M","E","M","R","B",null,"M","M","$","M","M","R","E","?","T","?","?","M","NM","M","R","B",null,"M","?","AVR","M","M","E","R","E","T","E","M","R","?","$","R","B","B",null,"R","$","E","B",null],"character_chosen":"IRONCLAD","items_purchased":["Toy Ornithopter","hubris:PeanutButter","Feel No Pain","Disarm+1","Abandon","Gremlin Horn","HandDrill","ReplayTheSpireMod:Lightbulb","Entrench","Pommel Strike+1","Chemical X","hubris:CrystalStatue","conspire:TreasureMap","Armaments","Body Slam","LifebloodPotion","hubris:EmptyBottle","Iron Hammer"],"campfire_rested":0,"item_purchase_floors":[0,0,0,0,0,0,0,0,0,0,0,0,0,0,20,20,48,48],"current_hp_per_floor":[27,33,33,33,39,39,39,45,45,51,51,57,75,75,75,75,75,75,75,75,75,75,75,75,75,75,54,54,72,75,75,75,75,75,75,75,75,75,75,75,75,79,79,79,79,79,75,75,75,71,38,66,66,66,75,75],"gold":149,"neow_bonus":"","is_daily":false,"chose_seed":false,"campfire_upgraded":7,"win_rate":0.0,"timestamp":1608359941,"path_taken":["M","M","?","?","?","R","?","E","T","M","R","?","E","M","R","BOSS","M","M","$","M","M","R","E","?","T","?","?","M","NM","M","R","BOSS","M","?","AVR","M","M","E","R","E","T","E","M","R","?","$","R","BOSS","BOSS","R","$","E","BOSS"],"items_purchased_type":["Relic","Relic","Card","Card","Card","Relic","Relic","Relic","Card","Card","Relic","Relic","Relic","Card","Card","Potion","Relic","Relic"],"build_version":"2020-12-13","purchased_purges":2,"victory":true,"max_hp_per_floor":[75,75,75,75,75,75,75,75,75,75,75,75,75,75,75,75,75,75,75,75,75,75,75,75,75,75,75,75,75,75,75,75,75,75,75,75,75,75,75,75,75,79,79,79,79,79,75,75,75,75,75,75,75,75,75,75],"relic_stats":{"Gremlin Horn":[40,40],"counters":[93,393],"Prayer Wheel":6,"HandDrill":[126],"Necronomicon":[39],"Chemical X":[2],"Letter Opener":[45],"obtain_stats":[{"Golden Egg":5,"infinitespire:Cubic Diamond":13,"hubris:MysteriousPyramids":54,"Replay:Wanted Poster":17,"vexMod:CardConverter":0,"Sundial":0,"HandDrill":0,"Necronomicon":27,"MerchantsRug":0,"conspire:TreasureMap":0,"Counterbalance":22,"Eternal Feather":40,"Pen Nib":39,"vexMod:GhostlyGear":0,"hubris:TenFootPole":0,"conspire:BottledYoYo":47,"Unceasing Top":25,"infinitespire:PuzzleCube":42,"vexMod:PlasmaPancake":0,"Lantern":0,"aspiration:Lifesprig":29,"Singing Bowl":40,"Magic Flower":26,"Blue Doll":0,"Replay:Multitool":8,"hubris:EmptyBottle":48,"Burning Blood":0,"Pet Ghost":0,"Replay:Rubber Ducky":4,"Shovel":6,"WingedGreaves":30,"Chemical X":0,"hubris:ChampionShield":9,"aspiration:ChemicalBlood":44,"Potion Belt":13,"PreservedInsect":5,"infinitespire:Joker Card":45,"Seething Fire":0,"infinitespire:CheckeredPen":46,"Replay:Arrowhead":0,"Ornamental Fan":0,"Ectoplasm":4,"Garlic":53,"Art of War":48,"conspire:DeflatedDodgeball":55,"ReplayTheSpireMod:Lightbulb":0,"Toy Ornithopter":0,"infinitespire:Midas Blood":53,"Tiny House":34,"hubris:CrystalStatue":43,"Gremlin Horn":0,"conspire:RoyalGoblet":13,"Hammer of Thor":0,"aspiration:Stabinomicon":24,"Sozu":34,"Centennial Puzzle":0,"HornCleat":0,"Prayer Wheel":28,"Iron Hammer":48,"Toxic Egg 2":2,"vexMod:RetaliationKit":36,"conspire:Dentures":0,"aspiration:Nostalgia":0,"ReplayTheSpireMod:CursedCoin":0,"Oddly Smooth Stone":47,"Letter Opener":55,"aspiration:HiddenCompartment":42,"OrangePellets":0,"Replay:Baseball":21,"ReplayTheSpireMod:Spearhead":44,"Anvil of the Gods":0,"Bronze Scales":0,"hubris:PeanutButter":0,"aspiration:HatOfInfinitePower":49,"Pocketwatch":48,"Juzu Bracelet":10,"Empty Cage":37,"conspire:TopHat":8,"Dream Catcher":24,"Replay:Bandana":28,"Mummified Hand":25,"hubris:Stopwatch":17,"hubris:IronBody":43,"Replay:Bottled Snecko":42,"Cracked Core":0,"Runic Pyramid":34,"Gremlin Food":24,"BargainBundle":54,"aspiration:FetidBarrel":0,"Orichalcum":23,"Medical Kit":0,"White Beast Statue":9,"Strange Spoon":0,"hubris:GrandSneckoEye":17,"Membership Card":0,"PureWater":0,"hubris:OldNail":0},{"Golden Egg":33,"infinitespire:Cubic Diamond":8,"hubris:MysteriousPyramids":27,"Replay:Wanted Poster":72,"vexMod:CardConverter":29,"Sundial":2,"HandDrill":63,"Necronomicon":77,"MerchantsRug":0,"conspire:TreasureMap":29,"Counterbalance":43,"Eternal Feather":54,"Pen Nib":53,"vexMod:GhostlyGear":2,"hubris:TenFootPole":2,"conspire:BottledYoYo":58,"Unceasing Top":14,"infinitespire:PuzzleCube":22,"vexMod:PlasmaPancake":2,"Lantern":2,"aspiration:Lifesprig":16,"Singing Bowl":21,"Magic Flower":14,"Blue Doll":0,"Replay:Multitool":7,"hubris:EmptyBottle":89,"Burning Blood":0,"Pet Ghost":29,"Replay:Rubber Ducky":1,"Shovel":34,"WingedGreaves":79,"Chemical X":63,"hubris:ChampionShield":67,"aspiration:ChemicalBlood":88,"Potion Belt":70,"PreservedInsect":1,"infinitespire:Joker Card":57,"Seething Fire":0,"infinitespire:CheckeredPen":58,"Replay:Arrowhead":29,"Ornamental Fan":2,"Ectoplasm":1,"Garlic":27,"Art of War":59,"conspire:DeflatedDodgeball":62,"ReplayTheSpireMod:Lightbulb":2,"Toy Ornithopter":63,"infinitespire:Midas Blood":61,"Tiny House":17,"hubris:CrystalStatue":55,"Gremlin Horn":29,"conspire:RoyalGoblet":37,"Hammer of Thor":0,"aspiration:Stabinomicon":43,"Sozu":49,"Centennial Puzzle":29,"HornCleat":2,"Prayer Wheel":77,"Iron Hammer":89,"Toxic Egg 2":1,"vexMod:RetaliationKit":83,"conspire:Dentures":29,"aspiration:Nostalgia":29,"ReplayTheSpireMod:CursedCoin":29,"Oddly Smooth Stone":23,"Letter Opener":92,"aspiration:HiddenCompartment":55,"OrangePellets":0,"Replay:Baseball":12,"ReplayTheSpireMod:Spearhead":23,"Anvil of the Gods":0,"Bronze Scales":2,"hubris:PeanutButter":63,"aspiration:HatOfInfinitePower":24,"Pocketwatch":24,"Juzu Bracelet":8,"Empty Cage":83,"conspire:TopHat":67,"Dream Catcher":14,"Replay:Bandana":46,"Mummified Hand":44,"hubris:Stopwatch":10,"hubris:IronBody":22,"Replay:Bottled Snecko":87,"Cracked Core":29,"Runic Pyramid":81,"Gremlin Food":77,"BargainBundle":61,"aspiration:FetidBarrel":29,"Orichalcum":43,"Medical Kit":2,"White Beast Statue":7,"Strange Spoon":2,"hubris:GrandSneckoEye":39,"Membership Card":2,"PureWater":0,"hubris:OldNail":2},{"Golden Egg":127,"infinitespire:Cubic Diamond":39,"hubris:MysteriousPyramids":105,"Replay:Wanted Poster":294,"vexMod:CardConverter":114,"Sundial":13,"HandDrill":237,"Necronomicon":318,"MerchantsRug":0,"conspire:TreasureMap":114,"Counterbalance":173,"Eternal Feather":205,"Pen Nib":202,"vexMod:GhostlyGear":13,"hubris:TenFootPole":13,"conspire:BottledYoYo":218,"Unceasing Top":60,"infinitespire:PuzzleCube":94,"vexMod:PlasmaPancake":13,"Lantern":13,"aspiration:Lifesprig":73,"Singing Bowl":93,"Magic Flower":60,"Blue Doll":0,"Replay:Multitool":36,"hubris:EmptyBottle":376,"Burning Blood":0,"Pet Ghost":114,"Replay:Rubber Ducky":4,"Shovel":134,"WingedGreaves":333,"Chemical X":237,"hubris:ChampionShield":260,"aspiration:ChemicalBlood":370,"Potion Belt":275,"PreservedInsect":4,"infinitespire:Joker Card":216,"Seething Fire":0,"infinitespire:CheckeredPen":218,"Replay:Arrowhead":114,"Ornamental Fan":13,"Ectoplasm":4,"Garlic":105,"Art of War":222,"conspire:DeflatedDodgeball":232,"ReplayTheSpireMod:Lightbulb":13,"Toy Ornithopter":237,"infinitespire:Midas Blood":229,"Tiny House":79,"hubris:CrystalStatue":209,"Gremlin Horn":114,"conspire:RoyalGoblet":142,"Hammer of Thor":0,"aspiration:Stabinomicon":173,"Sozu":189,"Centennial Puzzle":114,"HornCleat":13,"Prayer Wheel":318,"Iron Hammer":376,"Toxic Egg 2":4,"vexMod:RetaliationKit":349,"conspire:Dentures":114,"aspiration:Nostalgia":114,"ReplayTheSpireMod:CursedCoin":114,"Oddly Smooth Stone":97,"Letter Opener":386,"aspiration:HiddenCompartment":209,"OrangePellets":0,"Replay:Baseball":51,"ReplayTheSpireMod:Spearhead":97,"Anvil of the Gods":0,"Bronze Scales":13,"hubris:PeanutButter":237,"aspiration:HatOfInfinitePower":98,"Pocketwatch":98,"Juzu Bracelet":39,"Empty Cage":349,"conspire:TopHat":260,"Dream Catcher":60,"Replay:Bandana":183,"Mummified Hand":178,"hubris:Stopwatch":46,"hubris:IronBody":94,"Replay:Bottled Snecko":365,"Cracked Core":114,"Runic Pyramid":341,"Gremlin Food":318,"BargainBundle":229,"aspiration:FetidBarrel":114,"Orichalcum":173,"Medical Kit":13,"White Beast Statue":36,"Strange Spoon":13,"hubris:GrandSneckoEye":154,"Membership Card":13,"PureWater":0,"hubris:OldNail":13}],"Burning Blood":191,"Toy Ornithopter":26},"card_choices":[{"not_picked":["DDmod:CallousedSkill","Havoc","Wild Strike"],"picked":"SKIP","floor":1.0},{"not_picked":["Sever Soul","Dual Wield"],"picked":"Shrug It Off","floor":2.0},{"not_picked":["Uppercut","Wild Strike","DDmod:PokeAttack"],"picked":"SKIP","floor":5.0},{"not_picked":["Uppercut","Wild Strike","DDmod:PokeAttack"],"picked":"SKIP","floor":5.0},{"not_picked":["Pommel Strike","Heavy Blade","Infernal Blade"],"picked":"SKIP","floor":8.0},{"not_picked":["Spot Weakness","Anger","Warcry"],"picked":"SKIP","floor":10.0},{"not_picked":["Iron Wave","Abandon"],"picked":"DDmod:EasePowerCard","floor":12.0},{"not_picked":["Armaments","ReplayTheSpireMod:Stacked"],"picked":"Reckless Charge","floor":13.0},{"not_picked":["Rupture","Havoc"],"picked":"Barricade","floor":14.0},{"not_picked":["Feed","Demon Form"],"picked":"Immolate","floor":16.0},{"not_picked":["DDmod:UnstoppableAttack","Clothesline","Sword Boomerang"],"picked":"SKIP","floor":18.0},{"not_picked":["DDmod:EasePowerCard","Clothesline","Anger+1"],"picked":"SKIP","floor":19.0},{"not_picked":["Burning Pact","Iron Wave"],"picked":"Offering","floor":21.0},{"not_picked":["Dropkick","Metallicize","Clothesline+1"],"picked":"SKIP","floor":22.0},{"not_picked":["DDmod:UnstoppableAttack","Metallicize","ReplayTheSpireMod:Corrosion Curse"],"picked":"SKIP","floor":24.0},{"not_picked":["DDmod:UnstoppableAttack","Metallicize","ReplayTheSpireMod:Corrosion Curse"],"picked":"SKIP","floor":24.0},{"not_picked":["Spot Weakness","Defy Death"],"picked":"ReplayTheSpireMod:Strike From Hell","floor":29.0},{"not_picked":["Heavy Blade","Shrug It Off","Armaments"],"picked":"SKIP","floor":29.0},{"not_picked":["Life Link","Cleave"],"picked":"Carnage","floor":30.0},{"not_picked":["Run Through","DDmod:RapidStrikeAttack","Spot Weakness+1"],"picked":"SKIP","floor":31.0},{"not_picked":["Havoc","Clash+1","Headbutt"],"picked":"SKIP","floor":31.0},{"not_picked":["Clash+1","Headbutt"],"picked":"Havoc","floor":31.0},{"not_picked":["Run Through","DDmod:RapidStrikeAttack","Spot Weakness+1"],"picked":"SKIP","floor":31.0},{"not_picked":["Double Tap","Feed"],"picked":"Berserk","floor":33.0},{"not_picked":["Anger","hubris:CleavingFinish+1"],"picked":"Burning Pact","floor":35.0},{"not_picked":["Infernal Blade","ReplayTheSpireMod:Strike From Hell","Searing Blow+1"],"picked":"SKIP","floor":35.0},{"not_picked":["Replay:Undeath\u0027s Touch+1","Sword Boomerang"],"picked":"Bloodletting","floor":36.0},{"not_picked":["Power Through+1","ReplayTheSpireMod:Corrosion Curse","DDmod:BurningFumesPowerCard"],"picked":"SKIP","floor":38.0},{"not_picked":["Heavy Blade+1","Armaments+1","DDmod:PokeAttack"],"picked":"SKIP","floor":38.0},{"not_picked":["Clash","hubris:SharpeningStone","Shockwave"],"picked":"SKIP","floor":39.0},{"not_picked":["Carnage","Thunderclap","Life Link+1"],"picked":"SKIP","floor":39.0},{"not_picked":["Flex","Searing Blow+1","Defy Death"],"picked":"SKIP","floor":40.0},{"not_picked":["Inflame+1","conspire:ExplosiveBarrier","Iron Wave"],"picked":"SKIP","floor":42.0},{"not_picked":["DDmod:PokeAttack","Barricade","Twin Strike"],"picked":"SKIP","floor":44.0},{"not_picked":["Twin Strike","Clothesline"],"picked":"Evolve","floor":45.0},{"not_picked":["Evolve","Defy Death","Power Through"],"picked":"SKIP","floor":45.0},{"not_picked":["Clothesline","Armaments","Burning Pact"],"picked":"SKIP","floor":55.0}],"player_experience":802714,"relics_obtained":[{"floor":8.0,"key":"conspire:TopHat"},{"floor":9.0,"key":"hubris:ChampionShield"},{"floor":13.0,"key":"Potion Belt"},{"floor":24.0,"key":"Gremlin Food"},{"floor":26.0,"key":"White Beast Statue"},{"floor":27.0,"key":"Necronomicon"},{"floor":30.0,"key":"WingedGreaves"},{"floor":36.0,"key":"vexMod:RetaliationKit"},{"floor":40.0,"key":"Replay:Rubber Ducky"},{"floor":42.0,"key":"Replay:Bottled Snecko"},{"floor":44.0,"key":"aspiration:ChemicalBlood"},{"floor":55.0,"key":"Letter Opener"}],"event_choices":[{"damage_healed":0.0,"max_hp_gain":0.0,"max_hp_loss":0.0,"gold_gain":0.0,"cards_transformed":["Entrench"],"event_name":"Transmorgrifier","player_choice":"Transformed","floor":3.0,"gold_loss":0.0,"damage_taken":0.0,"cards_obtained":["Shockwave"]},{"cards_removed":["Strike_R"],"damage_healed":0.0,"max_hp_gain":0.0,"max_hp_loss":0.0,"gold_gain":0.0,"event_name":"Bonfire Elementals","player_choice":"Offered Basic","floor":7.0,"gold_loss":0.0,"damage_taken":0.0},{"damage_healed":0.0,"max_hp_gain":0.0,"max_hp_loss":0.0,"gold_gain":0.0,"event_name":"Cursed Tome","player_choice":"Obtained Book","floor":27.0,"gold_loss":0.0,"damage_taken":21.0},{"damage_healed":0.0,"max_hp_gain":0.0,"max_hp_loss":0.0,"gold_gain":0.0,"event_name":"MindBloom","player_choice":"Fight","floor":36.0,"gold_loss":0.0,"damage_taken":0.0},{"damage_healed":0.0,"max_hp_gain":0.0,"max_hp_loss":4.0,"gold_gain":0.0,"event_name":"Winding Halls","player_choice":"Max HP","floor":47.0,"gold_loss":0.0,"damage_taken":0.0}],"is_beta":false,"boss_relics":[{"not_picked":["conspire:RoyalGoblet","vexMod:ImprovementManual"],"picked":"Replay:Wanted Poster"},{"not_picked":["vexMod:TanglingVine","aspiration:FutureDiary"],"picked":"Runic Pyramid"}],"items_purged_floors":[4,20],"is_endless":false,"potions_floor_spawned":[1,10,14,22,24,29,30,31,33,35,36,38,39,40,42,44,45,55],"ascension_level":20}}