{"host":"o98f72bjn8jxgroo","time":1608416435,"event":{"mods":["Act Like it!","BaseMod","Dio Mod","GifTheSpireLib","Jedi Mod","Minty Spire (QoL Compilation)","Relic Stats","Spicy Shops","StSLib","TheVacant","??????REMEMod"],"gold_per_floor":[114,133,133,133,153,153,164,174,174,199,199,230,230,260,260,260,260],"floor_reached":16,"playtime":787,"items_purged":[],"score":110,"play_id":"b7559ca9-a8ba-479e-bdd0-ced3ec06c4fb","local_time":"20201219202035","is_ascension_mode":false,"campfire_choices":[{"data":"Metamorphosis","floor":6,"key":"SMITH"},{"data":"theVacant:WhenDarknessComes","floor":11,"key":"SMITH"},{"data":"1","floor":13,"key":"LIFT"},{"data":"2","floor":15,"key":"LIFT"}],"circlet_count":0,"master_deck":["theVacant:VacantStarterStrike","theVacant:VacantStarterStrike","theVacant:VacantStarterStrike","theVacant:VacantStarterStrike","theVacant:VacantStarterDefend","theVacant:VacantStarterDefend","theVacant:VacantStarterDefend","theVacant:VacantStarterDefend","theVacant:Release","theVacant:Crunch","Metamorphosis+1","theVacant:EyePoke","theVacant:Enrage","theVacant:WhenDarknessComes+1","theVacant:BattleScars","theVacant:BrassMagnet","theVacant:ShutAway","theVacant:MindBreak","theVacant:Recover","theVacant:PitOfDespair"],"relics":["theVacant:BrassGoblet","REME_ComplimentaryCards","NeowsBlessing","Incense Burner","Odd Mushroom","Girya","Bottled Flame"],"acts_visited":["Exordium"],"potions_floor_usage":[8,14],"damage_taken":[{"damage":0,"enemies":"Jaw Worm","floor":1,"turns":1},{"damage":0,"enemies":"2 Louse","floor":2,"turns":1},{"damage":0,"enemies":"Cultist","floor":5,"turns":1},{"damage":7,"enemies":"Looter","floor":7,"turns":3},{"damage":2,"enemies":"Blue Slaver","floor":8,"turns":3},{"damage":25,"enemies":"The Mushroom Lair","floor":10,"turns":4},{"damage":18,"enemies":"Gremlin Nob","floor":12,"turns":5},{"damage":18,"enemies":"3 Sentries","floor":14,"turns":3},{"damage":13,"enemies":"Hexaghost","floor":16,"turns":2}],"seed_played":"-7361906541659462972","potions_obtained":[{"floor":5,"key":"SkillPotion"},{"floor":10,"key":"Explosive Potion"},{"floor":14,"key":"Explosive Potion"}],"is_trial":false,"path_per_floor":["M","M","?","?","M","R","M","M","T","?","R","E","R","E","R","B"],"character_chosen":"THE_VACANT","items_purchased":[],"campfire_rested":0,"item_purchase_floors":[],"current_hp_per_floor":[80,80,80,80,80,80,73,71,71,46,46,28,28,13,13,0,0],"gold":260,"neow_bonus":"THREE_ENEMY_KILL","is_daily":false,"chose_seed":false,"campfire_upgraded":2,"win_rate":0.0,"timestamp":1608416435,"path_taken":["M","M","?","?","M","R","M","?","T","?","R","E","R","E","R","BOSS"],"items_purchased_type":[],"build_version":"2020-12-13","purchased_purges":0,"victory":false,"max_hp_per_floor":[80,80,80,80,80,80,80,80,80,80,80,80,80,80,80,80,80],"relic_stats":{"counters":[9,23],"obtain_stats":[{"Girya":12,"Bottled Flame":14,"theVacant:BrassGoblet":0,"NeowsBlessing":0,"Incense Burner":9,"Odd Mushroom":10,"REME_ComplimentaryCards":0},{"Girya":7,"Bottled Flame":8,"theVacant:BrassGoblet":0,"NeowsBlessing":0,"Incense Burner":5,"Odd Mushroom":6,"REME_ComplimentaryCards":0},{"Girya":18,"Bottled Flame":21,"theVacant:BrassGoblet":0,"NeowsBlessing":0,"Incense Burner":9,"Odd Mushroom":13,"REME_ComplimentaryCards":0}]},"card_choices":[{"not_picked":["theVacant:BattleScars","theVacant:FranticBlow"],"picked":"theVacant:EyePoke","floor":1},{"not_picked":["theVacant:Spinshield","theVacant:ShutAway"],"picked":"theVacant:Enrage","floor":2},{"not_picked":["theVacant:VoidEmbrace","theVacant:GraveDigger"],"picked":"theVacant:BrassMagnet","floor":5},{"not_picked":["theVacant:Soothe","theVacant:ShriekingBlast","theVacant:Necromancy"],"picked":"SKIP","floor":7},{"not_picked":["theVacant:Carve","theVacant:Snowball"],"picked":"theVacant:ShutAway","floor":8},{"not_picked":["theVacant:ShutAway","theVacant:OnSecondThought"],"picked":"theVacant:MindBreak","floor":10},{"not_picked":["theVacant:Yeet","theVacant:ShutAway"],"picked":"theVacant:Recover","floor":12},{"not_picked":["theVacant:Rejection","theVacant:ShriekingBlast"],"picked":"theVacant:PitOfDespair","floor":14}],"player_experience":333857,"relics_obtained":[{"floor":9,"key":"Incense Burner"},{"floor":10,"key":"Odd Mushroom"},{"floor":12,"key":"Girya"},{"floor":14,"key":"Bottled Flame"}],"event_choices":[{"damage_healed":0,"gold_gain":0,"player_choice":"Leave","damage_taken":0,"max_hp_gain":0,"max_hp_loss":0,"event_name":"The Cleric","floor":3,"gold_loss":0},{"damage_healed":0,"gold_gain":0,"player_choice":"2 cards matched","damage_taken":0,"max_hp_gain":0,"max_hp_loss":0,"event_name":"Match and Keep!","floor":4,"gold_loss":0,"cards_obtained":["theVacant:WhenDarknessComes","theVacant:BattleScars"]},{"damage_healed":0,"gold_gain":0,"player_choice":"Fought Mushrooms","damage_taken":0,"max_hp_gain":0,"max_hp_loss":0,"event_name":"Mushrooms","floor":10,"gold_loss":0}],"is_beta":false,"boss_relics":[],"items_purged_floors":[],"is_endless":false,"potions_floor_spawned":[5,10,14],"killed_by":"Hexaghost","ascension_level":0}}