{"host":"3mff1044tv3dbeho","time":1608375232,"event":{"mods":["BaseMod","Downfall","Minty Spire (QoL Compilation)","StSLib"],"gold_per_floor":[19,32,32,32,49,83,83,102,102,122,153,153,180,180,180,280,280,296,316,316,6,6,36,36,69,69,69,69,84,118,133,133,233,233,251,251,270,284,297,325,275,302,326,343,372,372,217,244,244,244,244,244,111,142,142,142],"floor_reached":55,"playtime":5583,"items_purged":["Strike_B","Defend_B","Blizzard+1"],"score":1313,"play_id":"6a39831e-a3f3-4265-891f-5ed3305e3686","local_time":"20201219115352","is_ascension_mode":true,"campfire_choices":[{"data":"Defragment","floor":7,"key":"SMITH"},{"data":"Defragment","floor":15,"key":"SMITH"},{"data":"Chill","floor":24,"key":"SMITH"},{"data":"Creative AI","floor":27,"key":"SMITH"},{"data":"Loop","floor":32,"key":"SMITH"},{"floor":46,"key":"RECALL"},{"data":"Buffer","floor":49,"key":"SMITH"},{"data":"Buffer","floor":52,"key":"SMITH"}],"circlet_count":0,"master_deck":["Zap","Dualcast","Steam","Defragment+1","Creative AI+1","Chill+1","Sweeping Beam","Reboot","Go for the Eyes","Defragment+1","Cold Snap","Rainbow","White Noise","White Noise","Compile Driver","Lockon+1","Stack","Consume","Loop+1","Double Energy","Buffer+1","Recycle+1","Core Surge","Leap","Double Energy+1","Barrage","Redo+1","Buffer+1","Force Field","White Noise"],"relics":["Cracked Core","Sundial","Matryoshka","White Beast Statue","Smiling Mask","Inserter","Cables","Symbiotic Virus","Toy Ornithopter","Blood Vial","Calipers","Du-Vu Doll","Philosopher\u0027s Stone","Eternal Feather","Anchor","Oddly Smooth Stone","Mango","DataDisk","Orichalcum","Mummified Hand"],"acts_visited":["Exordium","TheCity","TheBeyond","TheEnding"],"potions_floor_usage":[11,13,16,18,23,25,25,30,30,33,33,37,38,39,40,40,42,45,48,50,55,55],"damage_taken":[{"damage":0,"enemies":"Cultist","floor":1,"turns":4},{"damage":7,"enemies":"Jaw Worm","floor":2,"turns":3},{"damage":2,"enemies":"2 Louse","floor":5,"turns":3},{"damage":18,"enemies":"3 Sentries","floor":6,"turns":10},{"damage":0,"enemies":"Large Slime","floor":8,"turns":5},{"damage":1,"enemies":"2 Fungi Beasts","floor":10,"turns":4},{"damage":12,"enemies":"Gremlin Nob","floor":11,"turns":4},{"damage":0,"enemies":"Lagavulin","floor":13,"turns":6},{"damage":10,"enemies":"Slime Boss","floor":16,"turns":12},{"damage":0,"enemies":"Chosen","floor":18,"turns":5},{"damage":5,"enemies":"Shell Parasite","floor":19,"turns":6},{"damage":27,"enemies":"Gremlin Leader","floor":23,"turns":9},{"damage":1,"enemies":"Book of Stabbing","floor":25,"turns":4},{"damage":1,"enemies":"Centurion and Healer","floor":29,"turns":7},{"damage":11,"enemies":"Slavers","floor":30,"turns":4},{"damage":16,"enemies":"Sentry and Sphere","floor":31,"turns":7},{"damage":14,"enemies":"Champ","floor":33,"turns":8},{"damage":0,"enemies":"3 Darklings","floor":35,"turns":5},{"damage":11,"enemies":"Orb Walker","floor":37,"turns":3},{"damage":0,"enemies":"4 Shapes","floor":38,"turns":3},{"damage":4,"enemies":"Jaw Worm Horde","floor":39,"turns":4},{"damage":44,"enemies":"Reptomancer","floor":40,"turns":6},{"damage":30,"enemies":"Nemesis","floor":42,"turns":5},{"damage":0,"enemies":"Maw","floor":44,"turns":6},{"damage":0,"enemies":"Giant Head","floor":45,"turns":7},{"damage":5,"enemies":"Nemesis","floor":48,"turns":5},{"damage":34,"enemies":"Awakened One","floor":50,"turns":11},{"damage":65,"enemies":"Shield and Spear","floor":54,"turns":8},{"damage":98,"enemies":"The Heart","floor":55,"turns":9}],"seed_played":"-1262520286515775727","potions_obtained":[{"floor":5,"key":"FairyPotion"},{"floor":8,"key":"Energy Potion"},{"floor":10,"key":"DuplicationPotion"},{"floor":13,"key":"FearPotion"},{"floor":16,"key":"DistilledChaos"},{"floor":18,"key":"PotionOfCapacity"},{"floor":19,"key":"LiquidBronze"},{"floor":23,"key":"PowerPotion"},{"floor":25,"key":"Fruit Juice"},{"floor":29,"key":"DistilledChaos"},{"floor":30,"key":"BlessingOfTheForge"},{"floor":31,"key":"Block Potion"},{"floor":33,"key":"Ancient Potion"},{"floor":35,"key":"sneckomod:MuddlingPotion"},{"floor":37,"key":"Fire Potion"},{"floor":38,"key":"SpeedPotion"},{"floor":39,"key":"GamblersBrew"},{"floor":40,"key":"Weak Potion"},{"floor":42,"key":"hexamod:EctoCoolerPotion"},{"floor":44,"key":"SteroidPotion"},{"floor":45,"key":"EssenceOfDarkness"},{"floor":48,"key":"Energy Potion"},{"floor":54,"key":"Regen Potion"}],"is_trial":false,"path_per_floor":["M","M","?","$","M","E","R","M","T","M","E","?","E","?","R","B",null,"M","M","?","$","?","E","R","E","T","R","?","M","E","M","R","B",null,"M","?","M","M","M","E","$","E","T","M","E","R","$","E","R","B",null,"R","$","E","B"],"character_chosen":"DEFECT","items_purchased":["Cables","DataDisk","BlessingOfTheForge","Force Field"],"campfire_rested":0,"item_purchase_floors":[21,47,53,53],"current_hp_per_floor":[68,61,61,61,59,41,41,41,41,40,28,21,21,26,26,16,64,64,59,59,59,59,32,32,41,41,41,41,42,43,29,29,27,71,73,73,69,76,79,46,46,23,23,25,46,61,61,63,78,51,87,99,99,34,0,0],"gold":142,"neow_bonus":"REMOVE_TWO","is_daily":false,"chose_seed":false,"campfire_upgraded":7,"win_rate":0.0,"timestamp":1608375232,"path_taken":["M","M","?","?","M","E","R","M","T","M","E","?","E","?","R","BOSS","M","M","?","$","?","E","R","E","T","R","?","?","E","M","R","BOSS","M","?","?","M","M","E","?","E","T","M","E","R","$","E","R","BOSS","R","$","E","BOSS"],"items_purchased_type":["Relic","Relic","Potion","Card"],"build_version":"2020-12-13","purchased_purges":3,"victory":false,"max_hp_per_floor":[75,75,75,75,75,75,75,75,75,75,75,75,75,80,80,80,80,80,80,80,80,80,80,80,85,85,85,85,85,85,85,85,85,85,85,85,85,85,85,85,85,85,85,85,99,99,99,99,99,99,99,99,99,99,99,99],"card_choices":[{"not_picked":["Turbo","Doom and Gloom"],"picked":"Steam","floor":1},{"not_picked":["Turbo","Storm"],"picked":"Defragment","floor":2},{"not_picked":["Turbo","Rebound"],"picked":"Chill","floor":5},{"not_picked":["Redo","Skim"],"picked":"Sweeping Beam","floor":6},{"not_picked":["Skim","Compile Driver"],"picked":"Reboot","floor":8},{"not_picked":["Turbo","Undo"],"picked":"Go for the Eyes","floor":10},{"not_picked":["Coolheaded","Steam Power"],"picked":"Defragment","floor":11},{"not_picked":["Leap","Fusion"],"picked":"Cold Snap","floor":13},{"not_picked":["Reboot","Biased Cognition"],"picked":"Rainbow","floor":16},{"not_picked":["Auto Shields","Force Field"],"picked":"White Noise","floor":18},{"not_picked":["Leap","Static Discharge"],"picked":"White Noise","floor":19},{"not_picked":["Auto Shields","Sweeping Beam"],"picked":"Compile Driver","floor":23},{"not_picked":["Go for the Eyes","Sweeping Beam"],"picked":"Lockon+1","floor":25},{"not_picked":["Melter","Stack"],"picked":"Consume","floor":29},{"not_picked":["Sweeping Beam","Conserve Battery"],"picked":"Loop","floor":30},{"not_picked":["Hello World","Ball Lightning"],"picked":"Double Energy","floor":31},{"not_picked":["Fission","Machine Learning"],"picked":"Buffer","floor":33},{"not_picked":["Go for the Eyes+1","Beam Cell"],"picked":"Recycle+1","floor":35},{"not_picked":["Sunder","FTL"],"picked":"Leap","floor":37},{"not_picked":["Gash","Sweeping Beam","Go for the Eyes"],"picked":"SKIP","floor":38},{"not_picked":["Gash","Self Repair"],"picked":"Double Energy+1","floor":39},{"not_picked":["Self Repair","Darkness+1"],"picked":"Barrage","floor":40},{"not_picked":["Coolheaded","Stack+1"],"picked":"Redo+1","floor":42},{"not_picked":["Undo+1","Compile Driver+1"],"picked":"Blizzard+1","floor":44},{"not_picked":["Melter+1","Skim","Core Surge"],"picked":"SKIP","floor":45},{"not_picked":["White Noise+1","Leap"],"picked":"Buffer","floor":48},{"not_picked":["Leap+1","Gash+1"],"picked":"White Noise","floor":54}],"player_experience":383716,"relics_obtained":[{"floor":6,"key":"Sundial"},{"floor":9,"key":"Matryoshka"},{"floor":11,"key":"White Beast Statue"},{"floor":13,"key":"Smiling Mask"},{"floor":23,"key":"Symbiotic Virus"},{"floor":25,"key":"Toy Ornithopter"},{"floor":26,"key":"Blood Vial"},{"floor":26,"key":"Calipers"},{"floor":30,"key":"Du-Vu Doll"},{"floor":40,"key":"Eternal Feather"},{"floor":42,"key":"Anchor"},{"floor":43,"key":"Oddly Smooth Stone"},{"floor":45,"key":"Mango"},{"floor":48,"key":"Orichalcum"},{"floor":54,"key":"Mummified Hand"}],"event_choices":[{"damage_healed":0,"gold_gain":0,"cards_transformed":["Strike_B"],"player_choice":"Change","damage_taken":0,"max_hp_gain":0,"max_hp_loss":0,"event_name":"Living Wall","floor":3,"gold_loss":0,"cards_obtained":["Creative AI"]},{"cards_removed":["Strike_B"],"damage_healed":0,"gold_gain":0,"player_choice":"Card Removal","damage_taken":7,"max_hp_gain":0,"max_hp_loss":0,"event_name":"Golden Wing","floor":12,"gold_loss":0},{"damage_healed":0,"gold_gain":0,"player_choice":"Donut","damage_taken":0,"max_hp_gain":5,"max_hp_loss":0,"event_name":"Big Fish","floor":14,"gold_loss":0},{"damage_healed":0,"gold_gain":0,"player_choice":"Ignored","damage_taken":0,"max_hp_gain":0,"max_hp_loss":0,"event_name":"Beggar","floor":20,"gold_loss":0},{"cards_removed":["Defend_B"],"damage_healed":0,"gold_gain":0,"player_choice":"Elegance","damage_taken":0,"max_hp_gain":0,"max_hp_loss":0,"event_name":"Back to Basics","floor":22,"gold_loss":0},{"damage_healed":0,"gold_gain":0,"cards_transformed":["Defend_B"],"player_choice":"Transformed","damage_taken":0,"max_hp_gain":0,"max_hp_loss":0,"event_name":"Transmorgrifier","floor":28,"gold_loss":0,"cards_obtained":["Stack"]},{"damage_healed":0,"gold_gain":0,"player_choice":"1 cards matched","damage_taken":0,"max_hp_gain":0,"max_hp_loss":0,"event_name":"Match and Keep!","floor":36,"gold_loss":0,"cards_obtained":["Core Surge"]}],"is_beta":false,"boss_relics":[{"not_picked":["Snecko Eye","Calling Bell"],"picked":"Inserter"},{"not_picked":["Busted Crown","Empty Cage"],"picked":"Philosopher\u0027s Stone"}],"items_purged_floors":[21,41,53],"is_endless":false,"potions_floor_spawned":[5,8,10,13,16,18,19,23,25,29,30,31,33,35,37,38,39,40,42,44,45,48,54],"killed_by":"The Heart","ascension_level":9}}