{"host":"jm9833yuloeli2yd","time":1608338200,"event":{"mods":["AchievementEnabler","BaseMod","Better Altar","Better Match","Better Note","Better Sensory Stone","Better Skull","Better Vampires","Colored Map","Colored Powertips","DeckTracker","Minty Spire (QoL Compilation)","Permanent Neow","Quick Restart","Replay The Spire","StSLib","SuperFastMode"],"gold_per_floor":[217,217,16,37,52,91,91,162,186,230,230,244,284,308,308,401,501,517,517,536,536,536,310,323,323,323,323],"floor_reached":26,"playtime":690,"items_purged":[],"score":452,"play_id":"e5bc0266-2c83-4d88-ab97-8da944fbe2e9","local_time":"20201218193640","is_ascension_mode":true,"campfire_choices":[{"floor":7.0,"key":"REST"},{"data":"Consume","floor":11.0,"key":"SMITH"},{"floor":15.0,"key":"REST"},{"floor":25,"key":"REST"}],"circlet_count":0,"master_deck":["AscendersBane","Strike_B","Strike_B+1","Strike_B","Strike_B","Defend_B","Defend_B","Defend_B","Defend_B+1","Zap","Dualcast","Melter","Crystallizer+1","Consume+1","Ball Lightning","Compile Driver","Doom and Gloom","Go for the Eyes","Recycle","Double Energy","Auto Shields","Cold Snap","Fission","Conserve Battery+1","Hologram","Cold Snap","Self Repair"],"relics":["Cracked Core","Golden Idol","DataDisk","Vajra","Strawberry","Bag of Preparation","Replay:Rubber Ducky","Replay:Wanted Poster","Simple Rune","Orrery"],"acts_visited":["Exordium","TheCity"],"potions_floor_usage":[26],"damage_taken":[{"damage":0.0,"enemies":"2 Louse","floor":1.0,"turns":1.0},{"damage":0.0,"enemies":"Small Slimes","floor":4.0,"turns":2.0},{"damage":12.0,"enemies":"Jaw Worm","floor":5.0,"turns":3.0},{"damage":25.0,"enemies":"Lagavulin","floor":6.0,"turns":7.0},{"damage":8.0,"enemies":"Gremlin Nob","floor":8.0,"turns":3.0},{"damage":11.0,"enemies":"Gremlin Nob","floor":10.0,"turns":3.0},{"damage":14.0,"enemies":"Exordium Thugs","floor":12.0,"turns":3.0},{"damage":14.0,"enemies":"3 Sentries","floor":13.0,"turns":5.0},{"damage":0.0,"enemies":"2 Fungi Beasts","floor":14.0,"turns":2.0},{"damage":11.0,"enemies":"Hexaghost","floor":16.0,"turns":9.0},{"damage":17.0,"enemies":"2 Thieves","floor":18.0,"turns":4.0},{"damage":19.0,"enemies":"3 Byrds","floor":20.0,"turns":5.0},{"damage":7,"enemies":"Snake Plant","floor":24,"turns":4},{"damage":39,"enemies":"Book of Stabbing","floor":26,"turns":5}],"seed_played":"726765993974865063","potions_obtained":[{"floor":6.0,"key":"BlessingOfTheForge"},{"floor":10.0,"key":"Dexterity Potion"},{"floor":16.0,"key":"Regen Potion"},{"floor":24,"key":"PowerPotion"}],"is_trial":false,"path_per_floor":["M","?","$","M","M","E","R","?","T","E","R","M","E","M","R","B",null,"M","?","M","PTL","PTL","$","M","R","E"],"character_chosen":"DEFECT","items_purchased":["Crystallizer+1","Consume","Ball Lightning","Cold Snap","Orrery"],"campfire_rested":3,"item_purchase_floors":[3,3,3,23,23],"current_hp_per_floor":[64,64,64,64,52,27,46,38,45,34,34,20,6,6,27,16,57,52,35,16,16,16,16,16,37,0,0],"gold":323,"neow_bonus":"HUNDRED_GOLD","is_daily":false,"chose_seed":false,"campfire_upgraded":1,"win_rate":0.0,"timestamp":1608338200,"path_taken":["M","?","$","M","M","E","R","?","T","E","R","M","E","?","R","BOSS","M","?","M","PTL","PTL","$","M","R","E"],"items_purchased_type":["Card","Card","Card","Card","Relic"],"build_version":"2020-12-13","purchased_purges":0,"victory":false,"max_hp_per_floor":[71,64,64,64,64,64,64,64,71,71,71,71,71,71,71,71,71,71,71,71,71,71,71,71,71,71,71],"card_choices":[{"not_picked":["Redo","Chaos"],"picked":"Melter","floor":1.0},{"not_picked":["Stack","Barrage"],"picked":"Compile Driver","floor":4.0},{"not_picked":["Static Discharge","Conserve Battery"],"picked":"Doom and Gloom","floor":5.0},{"not_picked":["Rip and Tear","Streamline","Gash"],"picked":"SKIP","floor":6.0},{"not_picked":["Rip and Tear","Streamline","Gash"],"picked":"SKIP","floor":6.0},{"not_picked":["Thunder Strike","BasicCrystalCard"],"picked":"Go for the Eyes","floor":8.0},{"not_picked":["Coolheaded","Scrape"],"picked":"Recycle","floor":10.0},{"not_picked":["Hologram","Go for the Eyes"],"picked":"Double Energy","floor":12.0},{"not_picked":["Streamline","ReplayTheSpireMod:GoodbyeWorld"],"picked":"Auto Shields","floor":13.0},{"not_picked":["Lockon","Leap"],"picked":"Cold Snap","floor":14.0},{"not_picked":["Multi-Cast","ReplayRNGCard"],"picked":"Fission","floor":16.0},{"not_picked":["Barrage","Gash"],"picked":"Conserve Battery+1","floor":18.0},{"not_picked":["Streamline","Recycle"],"picked":"Hologram","floor":20.0},{"not_picked":["Rip and Tear","Reprogram"],"picked":"Self Repair","floor":23.0},{"not_picked":["Sunder","Sweeping Beam","Compile Driver"],"picked":"SKIP","floor":24}],"player_experience":1117298,"relics_obtained":[{"floor":6.0,"key":"DataDisk"},{"floor":9.0,"key":"Strawberry"},{"floor":10.0,"key":"Bag of Preparation"},{"floor":13.0,"key":"Replay:Rubber Ducky"}],"event_choices":[{"damage_healed":0.0,"max_hp_gain":0.0,"max_hp_loss":7.0,"gold_gain":0.0,"event_name":"Golden Idol","player_choice":"Lose Max HP","floor":2.0,"gold_loss":0.0,"damage_taken":0.0,"relics_obtained":["Golden Idol"]},{"damage_healed":0.0,"max_hp_gain":0.0,"max_hp_loss":0.0,"gold_gain":30.0,"event_name":"Dead Adventurer","player_choice":"Searched \u00273\u0027 times","floor":8.0,"gold_loss":0.0,"damage_taken":0.0,"relics_obtained":["Vajra"]},{"damage_healed":0.0,"max_hp_gain":0.0,"max_hp_loss":0.0,"gold_gain":0.0,"event_name":"betterSkull:BetterSkull","player_choice":"RE ","floor":19.0,"gold_loss":0.0,"damage_taken":19.0,"cards_upgraded":[],"relics_obtained":["Simple Rune"]}],"is_beta":false,"boss_relics":[{"not_picked":["Replay:Drink Me","ReplayTheSpireMod:DimensionalGlitch"],"picked":"Replay:Wanted Poster"}],"items_purged_floors":[],"is_endless":false,"potions_floor_spawned":[6,10,16,24],"killed_by":"Book of Stabbing","ascension_level":20}}