{"host":"mqhvlr3kpxebko0t","time":1608375211,"event":{"mods":["AchievementEnabler","BaseMod","Colored Map","Colored Powertips","Keyboard Shortcuts","Minty Spire (QoL Compilation)","StSLib","SuperFastMode"],"gold_per_floor":[118,43,43,218,218,218,246,258,284,284,234,62,89,104,104,104,104],"floor_reached":16,"playtime":297,"items_purged":["Strike_G","Doubt"],"score":175,"play_id":"920c4db5-d4c0-45d3-a862-6898191ff463","local_time":"20201219195331","is_ascension_mode":true,"campfire_choices":[{"data":"Neutralize","floor":6.0,"key":"SMITH"},{"floor":10,"key":"REST"},{"data":"Footwork","floor":15,"key":"SMITH"}],"circlet_count":0,"master_deck":["AscendersBane","Strike_G","Defend_G","Defend_G","Defend_G","Defend_G","Survivor","Neutralize+1","Backstab","Riddle With Holes","Dagger Throw","Footwork+1","Blade Dance"],"relics":["Ring of the Snake","FossilizedHelix","Snake Skull","The Courier"],"acts_visited":["Exordium"],"potions_floor_usage":[16,16],"damage_taken":[{"damage":0.0,"enemies":"Jaw Worm","floor":1.0,"turns":6.0},{"damage":33,"enemies":"Gremlin Nob","floor":7,"turns":5},{"damage":0,"enemies":"Small Slimes","floor":8,"turns":3},{"damage":3,"enemies":"3 Sentries","floor":13,"turns":11},{"damage":0,"enemies":"2 Louse","floor":14,"turns":1},{"damage":42,"enemies":"Hexaghost","floor":16,"turns":16}],"seed_played":"3575590653137472301","potions_obtained":[{"floor":7,"key":"LiquidMemories"},{"floor":8,"key":"SneckoOil"}],"is_trial":false,"path_per_floor":["M","$","?","?","?","R","E","M","T","R","?","$","E","M","R","B"],"character_chosen":"THE_SILENT","items_purchased":["Footwork"],"campfire_rested":1,"item_purchase_floors":[12],"current_hp_per_floor":[45,45,45,45,50,50,17,17,17,39,39,39,36,36,36,0,0],"gold":104,"neow_bonus":"REMOVE_TWO","is_daily":false,"chose_seed":false,"campfire_upgraded":2,"win_rate":0.0,"timestamp":1608375211,"path_taken":["M","$","?","?","?","R","E","M","T","R","?","$","E","?","R","BOSS"],"items_purchased_type":["Card"],"build_version":"2020-12-13","purchased_purges":2,"victory":false,"max_hp_per_floor":[70,70,70,70,75,75,75,75,75,75,75,75,75,75,75,75,75],"card_choices":[{"not_picked":["Outmaneuver","Bane"],"picked":"Backstab","floor":1.0},{"not_picked":["Sucker Punch","Acrobatics","Riddle With Holes"],"picked":"SKIP","floor":7},{"not_picked":["Poisoned Stab","Noxious Fumes"],"picked":"Dagger Throw","floor":8},{"not_picked":["Tools of the Trade","Calculated Gamble"],"picked":"Blade Dance","floor":13},{"not_picked":["Deflect","Underhanded Strike","Skewer"],"picked":"SKIP","floor":14}],"player_experience":651166,"relics_obtained":[{"floor":7,"key":"FossilizedHelix"},{"floor":9,"key":"Snake Skull"},{"floor":13,"key":"The Courier"}],"event_choices":[{"damage_healed":0.0,"max_hp_gain":0.0,"max_hp_loss":0.0,"gold_gain":0.0,"cards_transformed":["Strike_G"],"event_name":"Living Wall","player_choice":"Change","floor":3.0,"gold_loss":0.0,"damage_taken":0.0,"cards_obtained":["Riddle With Holes"]},{"damage_healed":0.0,"max_hp_gain":0.0,"max_hp_loss":0.0,"gold_gain":175.0,"event_name":"Liars Game","player_choice":"AGREE","floor":4.0,"gold_loss":0.0,"damage_taken":0.0,"cards_obtained":["Doubt"]},{"damage_healed":0.0,"max_hp_gain":5.0,"max_hp_loss":0.0,"gold_gain":0.0,"event_name":"Big Fish","player_choice":"Donut","floor":5.0,"gold_loss":0.0,"damage_taken":0.0},{"cards_removed":["Strike_G"],"damage_healed":0,"gold_gain":0,"player_choice":"Card Removal","damage_taken":0,"max_hp_gain":0,"max_hp_loss":0,"event_name":"The Cleric","floor":11,"gold_loss":50}],"is_beta":false,"boss_relics":[],"items_purged_floors":[2,12],"is_endless":false,"potions_floor_spawned":[7,8,14],"killed_by":"Hexaghost","ascension_level":13}}