{"host":"agn8wmerpzfmi70r","time":1608379231,"event":{"mods":["AchievementEnabler","BaseMod","BetterRewards","Minty Spire (QoL Compilation)","Permanent Neow","Relic Stats","StSLib"],"gold_per_floor":[109,18,18,33,52,52,28,53,78,95,95,95,130,145,145,241,241,256,256,171,171,103,103,129,143,143,183,183,195,479,522,522,633,633,645,670,484,502,531,558,558,558,558,581,581,581],"floor_reached":45,"playtime":2801,"items_purged":[],"score":620,"play_id":"1492d941-12e6-41b2-84f9-cb0a87c5d5b4","local_time":"20201219060031","is_ascension_mode":true,"campfire_choices":[{"data":"Quick Slash","floor":6,"key":"SMITH"},{"data":"Glass Knife","floor":11,"key":"SMITH"},{"floor":15,"key":"REST"},{"data":"Malaise","floor":23,"key":"SMITH"},{"floor":28,"key":"REST"},{"floor":32,"key":"REST"}],"circlet_count":0,"master_deck":["Strike_G","Strike_G","Strike_G","Defend_G","Defend_G","Defend_G","Defend_G","Survivor","Neutralize","Noxious Fumes","Quick Slash+1","Slice","Backflip","Dagger Spray","Glass Knife+1","Poisoned Stab","Glass Knife","Backstab","Malaise+1","Dodge and Roll","Tools of the Trade","Finisher","Poisoned Stab","Regret","Poisoned Stab+1","Adrenaline","Bouncing Flask","Sucker Punch","Night Terror","Dramatic Entrance","Quick Slash+1","PiercingWail"],"relics":["Empty Cage","InkBottle","Kunai","Bag of Preparation","Regal Pillow","Busted Crown","MealTicket","Smiling Mask","CeramicFish","Blood Vial","Thread and Needle","Black Star","Lantern","Eternal Feather","Sundial"],"acts_visited":["Exordium","TheCity","TheBeyond"],"potions_floor_usage":[8,16,29,31,33,40,40,42,45],"damage_taken":[{"damage":3,"enemies":"Cultist","floor":1,"turns":6},{"damage":12,"enemies":"Small Slimes","floor":4,"turns":4},{"damage":4,"enemies":"2 Louse","floor":5,"turns":3},{"damage":17,"enemies":"Lagavulin","floor":8,"turns":5},{"damage":0,"enemies":"2 Fungi Beasts","floor":10,"turns":2},{"damage":12,"enemies":"Gremlin Nob","floor":13,"turns":3},{"damage":17,"enemies":"Gremlin Gang","floor":14,"turns":3},{"damage":26,"enemies":"Hexaghost","floor":16,"turns":8},{"damage":5,"enemies":"Spheric Guardian","floor":18,"turns":3},{"damage":8,"enemies":"Gremlin Leader","floor":24,"turns":7},{"damage":11,"enemies":"2 Thieves","floor":25,"turns":2},{"damage":33,"enemies":"Book of Stabbing","floor":27,"turns":8},{"damage":6,"enemies":"Snake Plant","floor":29,"turns":4},{"damage":24,"enemies":"Gremlin Leader","floor":31,"turns":5},{"damage":38,"enemies":"Collector","floor":33,"turns":12},{"damage":5,"enemies":"3 Shapes","floor":35,"turns":6},{"damage":41,"enemies":"3 Darklings","floor":36,"turns":6},{"damage":13,"enemies":"Maw","floor":39,"turns":10},{"damage":25,"enemies":"Reptomancer","floor":40,"turns":7},{"damage":49,"enemies":"Giant Head","floor":42,"turns":7},{"damage":15,"enemies":"Writhing Mass","floor":44,"turns":8},{"damage":8,"enemies":"Sphere and 2 Shapes","floor":45,"turns":1}],"seed_played":"-4934947741114982843","potions_obtained":[{"floor":1,"key":"SteroidPotion"},{"floor":8,"key":"SmokeBomb"},{"floor":13,"key":"Dexterity Potion"},{"floor":16,"key":"Fruit Juice"},{"floor":25,"key":"Explosive Potion"},{"floor":29,"key":"PowerPotion"},{"floor":31,"key":"DistilledChaos"},{"floor":35,"key":"Strength Potion"},{"floor":36,"key":"SteroidPotion"},{"floor":44,"key":"Strength Potion"}],"is_trial":false,"path_per_floor":["M","$","T","M","M","R","$","E","T","M","R","$","E","M","R","B",null,"M","?","?","?","$","R","E","M","T","E","R","M","?","E","R","B",null,"M","M","$","?","M","E","?","E","T","M","M"],"character_chosen":"THE_SILENT","items_purchased":["Quick Slash","Slice","Dagger Spray","Finisher","Lantern","Sucker Punch"],"campfire_rested":3,"item_purchase_floors":[2,2,7,22,37,37],"current_hp_per_floor":[67,67,67,55,51,51,51,34,34,34,34,34,22,5,41,15,70,65,65,65,65,70,70,62,51,51,18,54,55,55,33,70,34,75,70,31,46,46,35,12,66,17,17,4,0,0],"gold":581,"neow_bonus":"BOSS_RELIC","is_daily":false,"chose_seed":false,"campfire_upgraded":3,"win_rate":0.0,"timestamp":1608379231,"path_taken":["M","$","?","M","M","R","$","E","T","?","R","$","E","M","R","BOSS","M","?","?","?","$","R","E","M","T","E","R","?","?","E","R","BOSS","M","M","?","?","?","E","?","E","T","M","M"],"items_purchased_type":["Card","Card","Card","Card","Relic","Card"],"build_version":"2020-12-13","purchased_purges":0,"victory":false,"max_hp_per_floor":[70,70,70,70,70,70,70,70,70,70,70,70,70,70,70,70,70,70,70,70,70,70,70,70,70,70,70,70,75,75,75,75,75,75,75,75,75,75,75,75,66,66,66,66,66,66],"relic_stats":{"Regal Pillow":45,"counters":[22,120],"CeramicFish":90,"Eternal Feather":0,"Bag of Preparation":[36],"Smiling Mask":0,"Blood Vial":16,"Busted Crown":24,"Sundial":[0],"MealTicket":20,"Black Star":2,"Kunai":[54],"obtain_stats":[{"Regal Pillow":13,"Lantern":37,"CeramicFish":26,"Thread and Needle":31,"Eternal Feather":40,"Bag of Preparation":9,"Empty Cage":0,"Smiling Mask":24,"Blood Vial":27,"Busted Crown":17,"Sundial":40,"MealTicket":20,"Black Star":34,"Kunai":8,"InkBottle":3,"Ring of the Snake":0},{"Regal Pillow":6,"Lantern":17,"CeramicFish":11,"Thread and Needle":14,"Eternal Feather":19,"Bag of Preparation":4,"Empty Cage":0,"Smiling Mask":10,"Blood Vial":12,"Busted Crown":8,"Sundial":19,"MealTicket":9,"Black Star":15,"Kunai":4,"InkBottle":1,"Ring of the Snake":0},{"Regal Pillow":23,"Lantern":87,"CeramicFish":46,"Thread and Needle":63,"Eternal Feather":104,"Bag of Preparation":18,"Empty Cage":0,"Smiling Mask":44,"Blood Vial":54,"Busted Crown":34,"Sundial":104,"MealTicket":37,"Black Star":75,"Kunai":18,"InkBottle":6,"Ring of the Snake":0}],"InkBottle":[42]},"card_choices":[{"not_picked":["Sucker Punch","Dagger Throw"],"picked":"Noxious Fumes","floor":1},{"not_picked":["Terror","Calculated Gamble"],"picked":"Backflip","floor":5},{"not_picked":["Dagger Throw","Backflip"],"picked":"Glass Knife","floor":8},{"not_picked":["Flying Knee","Dagger Throw"],"picked":"Poisoned Stab","floor":10},{"not_picked":["Crippling Poison","Well Laid Plans"],"picked":"Glass Knife","floor":13},{"not_picked":["Dagger Throw","Underhanded Strike"],"picked":"Backstab","floor":14},{"not_picked":["Burst","Die Die Die"],"picked":"Malaise","floor":16},{"not_picked":[],"picked":"Dodge and Roll","floor":18},{"not_picked":["Accuracy"],"picked":"SKIP","floor":24},{"not_picked":["Flechettes"],"picked":"SKIP","floor":25},{"not_picked":[],"picked":"Poisoned Stab","floor":27},{"not_picked":["Poisoned Stab"],"picked":"SKIP","floor":29},{"not_picked":[],"picked":"Poisoned Stab+1","floor":31},{"not_picked":[],"picked":"Adrenaline","floor":33},{"not_picked":["Bane"],"picked":"SKIP","floor":35},{"not_picked":[],"picked":"Bouncing Flask","floor":36},{"not_picked":[],"picked":"Quick Slash+1","floor":39},{"not_picked":["Distraction"],"picked":"SKIP","floor":40},{"not_picked":[],"picked":"PiercingWail","floor":44}],"player_experience":63097,"relics_obtained":[{"floor":3,"key":"InkBottle"},{"floor":8,"key":"Kunai"},{"floor":9,"key":"Bag of Preparation"},{"floor":13,"key":"Regal Pillow"},{"floor":24,"key":"Smiling Mask"},{"floor":26,"key":"CeramicFish"},{"floor":27,"key":"Blood Vial"},{"floor":31,"key":"Thread and Needle"},{"floor":40,"key":"Eternal Feather"},{"floor":40,"key":"Sundial"}],"event_choices":[{"damage_healed":0,"gold_gain":0,"player_choice":"Ignored","damage_taken":0,"max_hp_gain":0,"max_hp_loss":0,"event_name":"Ghosts","floor":19,"gold_loss":0},{"damage_healed":0,"gold_gain":0,"player_choice":"Obtained Relic","damage_taken":0,"relics_obtained":["MealTicket"],"max_hp_gain":0,"max_hp_loss":0,"event_name":"Addict","floor":20,"gold_loss":85},{"damage_healed":0,"gold_gain":0,"cards_transformed":["Defend_G"],"player_choice":"Transformed","damage_taken":0,"max_hp_gain":0,"max_hp_loss":0,"event_name":"Transmorgrifier","floor":21,"gold_loss":0,"cards_obtained":["Tools of the Trade"]},{"damage_healed":0,"gold_gain":275,"player_choice":"Desecrate","damage_taken":0,"max_hp_gain":0,"max_hp_loss":0,"event_name":"Golden Shrine","floor":30,"gold_loss":0,"cards_obtained":["Regret"]},{"damage_healed":0,"gold_gain":0,"player_choice":"2 cards matched","damage_taken":0,"max_hp_gain":0,"max_hp_loss":0,"event_name":"Match and Keep!","floor":38,"gold_loss":0,"cards_obtained":["Night Terror","Dramatic Entrance"]},{"damage_healed":66,"gold_gain":0,"player_choice":"Heal","damage_taken":0,"max_hp_gain":0,"max_hp_loss":9,"event_name":"The Moai Head","floor":41,"gold_loss":0}],"is_beta":false,"boss_relics":[{"not_picked":["WristBlade","SacredBark"],"picked":"Busted Crown"},{"not_picked":["Pandora\u0027s Box","Velvet Choker"],"picked":"Black Star"}],"items_purged_floors":[],"is_endless":false,"potions_floor_spawned":[1,8,13,16,25,29,31,35,36,44],"killed_by":"Sphere and 2 Shapes","ascension_level":3}}