{"host":"sav7uxregyirlf69","time":1608384768,"event":{"mods":["AchievementEnabler","BaseMod","Colored Map","DeckTracker","Keyboard Shortcuts","Minty Spire (QoL Compilation)","READ ME - Guardian Mod","StSLib","SuperFastMode"],"gold_per_floor":[117,67,67,67,83,113,113,27,77,77,90,106,133,153,153,257,257,272,197,197,197,147,147,147,176,176,176,186,285,305,305,305,305,305],"floor_reached":33,"playtime":374,"items_purged":["Strike_R","Defend_R"],"score":286,"play_id":"92a0560a-bbcf-4345-a242-c3dd83d05c2a","local_time":"20201219223248","is_ascension_mode":false,"campfire_choices":[{"floor":7.0,"key":"REST"},{"data":"Uppercut","floor":10.0,"key":"SMITH"},{"data":"True Grit","floor":15.0,"key":"SMITH"},{"data":"Rampage","floor":23.0,"key":"SMITH"},{"data":"Feed","floor":27.0,"key":"SMITH"},{"floor":32,"key":"REST"}],"circlet_count":0,"master_deck":["Strike_R","Defend_R","Defend_R","Bash","Uppercut+1","Ghostly Armor","Rampage+1","True Grit+1","Feed+1"],"relics":["Burning Blood","Smiling Mask","Anchor","Centennial Puzzle","Strawberry","Runic Cube","MutagenicStrength","InkBottle","Bag of Preparation","Question Card"],"acts_visited":["Exordium","TheCity"],"potions_floor_usage":[30,33],"damage_taken":[{"damage":6.0,"enemies":"Jaw Worm","floor":1.0,"turns":3.0},{"damage":1.0,"enemies":"2 Louse","floor":5.0,"turns":4.0},{"damage":34.0,"enemies":"Gremlin Nob","floor":6.0,"turns":5.0},{"damage":2.0,"enemies":"Small Slimes","floor":11.0,"turns":3.0},{"damage":3.0,"enemies":"2 Fungi Beasts","floor":12.0,"turns":4.0},{"damage":7.0,"enemies":"Looter","floor":14.0,"turns":3.0},{"damage":7.0,"enemies":"The Guardian","floor":16.0,"turns":9.0},{"damage":17.0,"enemies":"2 Thieves","floor":18.0,"turns":4.0},{"damage":25.0,"enemies":"Gremlin Leader","floor":25.0,"turns":6.0},{"damage":13.0,"enemies":"Shell Parasite","floor":28.0,"turns":3.0},{"damage":22,"enemies":"Sentry and Sphere","floor":30,"turns":5},{"damage":56,"enemies":"Collector","floor":33,"turns":7}],"seed_played":"-8907298429481759989","potions_obtained":[{"floor":11.0,"key":"CultistPotion"},{"floor":12.0,"key":"Fire Potion"},{"floor":14.0,"key":"ElixirPotion"},{"floor":25.0,"key":"DistilledChaos"},{"floor":30,"key":"Swift Potion"}],"is_trial":false,"path_per_floor":["M","?","?","?","M","E","R","$","T","R","M","M","T","M","R","B",null,"M","?","?","?","$","R","?","E","T","R","M","?","M","T","R","B"],"character_chosen":"IRONCLAD","items_purchased":["Uppercut"],"campfire_rested":2,"item_purchase_floors":[8],"current_hp_per_floor":[80,80,55,48,53,25,49,49,49,49,53,56,63,62,62,61,87,76,76,59,59,59,59,59,40,40,40,37,37,25,25,55,0,0],"gold":305,"neow_bonus":"REMOVE_CARD","is_daily":false,"chose_seed":false,"campfire_upgraded":4,"win_rate":0.0,"timestamp":1608384768,"path_taken":["M","?","?","?","M","E","R","?","T","R","M","M","?","M","R","BOSS","M","?","?","?","$","R","?","E","T","R","M","?","M","?","R","BOSS"],"items_purchased_type":["Card"],"build_version":"2020-12-13","purchased_purges":2,"victory":false,"max_hp_per_floor":[80,80,80,80,80,80,80,80,80,80,80,80,87,87,87,87,87,87,87,92,92,92,92,92,92,92,92,96,96,100,100,100,100,100],"card_choices":[{"not_picked":["Anger","Perfected Strike","Dropkick"],"picked":"SKIP","floor":1.0},{"not_picked":["Shrug It Off","Warcry","Headbutt"],"picked":"SKIP","floor":5.0},{"not_picked":["Sword Boomerang","Armaments","Barricade"],"picked":"SKIP","floor":6.0},{"not_picked":["Sentinel","Headbutt"],"picked":"Ghostly Armor","floor":11.0},{"not_picked":["Bloodletting","Armaments"],"picked":"Rampage","floor":12.0},{"not_picked":["Cleave","Searing Blow"],"picked":"True Grit","floor":14.0},{"not_picked":["Havoc","Anger","Wild Strike"],"picked":"SKIP","floor":18.0},{"not_picked":["Carnage","Sword Boomerang"],"picked":"Feed","floor":25.0},{"not_picked":["Flex","Sword Boomerang","Rampage"],"picked":"SKIP","floor":28.0},{"not_picked":["Iron Wave","Armaments","Heavy Blade"],"picked":"SKIP","floor":30}],"player_experience":958011,"relics_obtained":[{"floor":6.0,"key":"Anchor"},{"floor":9.0,"key":"Centennial Puzzle"},{"floor":13.0,"key":"Strawberry"},{"floor":25.0,"key":"InkBottle"},{"floor":26.0,"key":"Bag of Preparation"},{"floor":31,"key":"Question Card"}],"event_choices":[{"cards_removed":["Strike_R"],"damage_healed":0.0,"max_hp_gain":0.0,"max_hp_loss":0.0,"gold_gain":0.0,"event_name":"The Cleric","player_choice":"Card Removal","floor":2.0,"gold_loss":50.0,"damage_taken":0.0},{"damage_healed":0.0,"max_hp_gain":0.0,"max_hp_loss":0.0,"gold_gain":0.0,"event_name":"Scrap Ooze","player_choice":"Success","floor":3.0,"gold_loss":0.0,"damage_taken":25.0,"relics_obtained":["Smiling Mask"]},{"cards_removed":["Defend_R"],"damage_healed":0.0,"max_hp_gain":0.0,"max_hp_loss":0.0,"gold_gain":0.0,"event_name":"Golden Wing","player_choice":"Card Removal","floor":4.0,"gold_loss":0.0,"damage_taken":7.0},{"cards_removed":["Strike_R"],"damage_healed":0.0,"max_hp_gain":0.0,"max_hp_loss":0.0,"gold_gain":0.0,"event_name":"Beggar","player_choice":"Gave Gold","floor":19.0,"gold_loss":75.0,"damage_taken":0.0},{"damage_healed":0.0,"max_hp_gain":5.0,"max_hp_loss":0.0,"gold_gain":0.0,"event_name":"Forgotten Altar","player_choice":"Shed Blood","floor":20.0,"gold_loss":0.0,"damage_taken":22.0},{"damage_healed":0.0,"max_hp_gain":0.0,"max_hp_loss":0.0,"gold_gain":0.0,"event_name":"Drug Dealer","player_choice":"Inject Mutagens","floor":21.0,"gold_loss":0.0,"damage_taken":0.0,"relics_obtained":["MutagenicStrength"]},{"damage_healed":0.0,"max_hp_gain":0.0,"max_hp_loss":0.0,"gold_gain":0.0,"event_name":"The Mausoleum","player_choice":"Ignored","floor":24.0,"gold_loss":0.0,"damage_taken":0.0},{"damage_healed":0.0,"max_hp_gain":0.0,"max_hp_loss":0.0,"gold_gain":99.0,"event_name":"Nest","player_choice":"Stole From Cult","floor":29.0,"gold_loss":0.0,"damage_taken":0.0}],"is_beta":false,"boss_relics":[{"not_picked":["Tiny House","Calling Bell"],"picked":"Runic Cube"}],"items_purged_floors":[8,22],"is_endless":false,"potions_floor_spawned":[11,12,14,16,25,30],"killed_by":"Collector","ascension_level":0}}