{"host":"ze754j8gfb8asmsl","time":1608366036,"event":{"mods":["BaseMod","Lobotomy","LobotomyExtend","Marisa（F雨　魔理沙）","Minty Spire (QoL Compilation)","Quick Restart","Relic Stats","Replay The Spire","RumiaBox-露米娅的神秘盒子","Shop Mod","StSLib","vexMod","【东方二次创作】八云紫mod","【功能Mod】混沌之环修复补丁","【遗物卡牌】REMEMod"],"gold_per_floor":[118,134,149,164,184,184,197,28,28,39,58,58,58,78,78,181,181,198,123,48,48,59,59,74,74,74,93,93,93],"floor_reached":28,"playtime":1642,"items_purged":["Strike_R"],"score":227,"play_id":"c1141d90-5193-4638-bf8f-9b9391c05153","local_time":"20201219162036","is_ascension_mode":true,"campfire_choices":[{"data":"ReplayTheSpireMod:Strike From Hell","floor":6,"key":"SMITH"},{"floor":13,"key":"REST"},{"data":"Flame Barrier","floor":15,"key":"SMITH"},{"data":"True Grit","floor":23,"key":"SMITH"}],"circlet_count":0,"master_deck":["Strike_R","Strike_R","Strike_R","Defend_R","Defend_R","Defend_R","Defend_R","Bash","REME_TheLastStrike","Burning Pact","Shrug It Off","ReplayTheSpireMod:Strike From Hell+1","Power Through","Flame Barrier+1","Feel No Pain","Finesse","Shrug It Off","Burning Pact","True Grit+1","Metallicize"],"relics":["Burning Blood","REME_ComplimentaryCards","Replay:Bronze Core","vexMod:TanglingVine","Baka","AddBug","SecretRecord","SecretRecord","SecretRecord","SecretRecord"],"acts_visited":["Exordium","TheCity"],"potions_floor_usage":[11,16,22,24],"damage_taken":[{"damage":5,"enemies":"Cultist","floor":1,"turns":3},{"damage":4,"enemies":"2 Louse","floor":2,"turns":3},{"damage":21,"enemies":"Jaw Worm","floor":3,"turns":6},{"damage":18,"enemies":"Large Slime","floor":4,"turns":6},{"damage":7,"enemies":"Looter","floor":5,"turns":3},{"damage":14,"enemies":"Gremlin Gang","floor":7,"turns":5},{"damage":26,"enemies":"Exordium Thugs","floor":10,"turns":5},{"damage":20,"enemies":"Large Slime","floor":11,"turns":5},{"damage":6,"enemies":"3 Louse","floor":14,"turns":2},{"damage":44,"enemies":"Slime Boss","floor":16,"turns":7},{"damage":18,"enemies":"Spheric Guardian","floor":18,"turns":4},{"damage":26,"enemies":"2 Thieves","floor":22,"turns":4},{"damage":7,"enemies":"Centurion and Healer","floor":24,"turns":4},{"damage":14,"enemies":"Snake Plant","floor":27,"turns":3},{"damage":29,"enemies":"Slavers","floor":28,"turns":3}],"seed_played":"-5247240292256852194","potions_obtained":[{"floor":1,"key":"Strength Potion"},{"floor":3,"key":"SkillPotion"},{"floor":5,"key":"LifebloodPotion"},{"floor":14,"key":"Explosive Potion"},{"floor":16,"key":"SkillPotion"},{"floor":24,"key":"Death Potion"},{"floor":27,"key":"Venom Potion"}],"is_trial":false,"path_per_floor":["M","M","M","M","M","R","M","$","T","M","M","?","R","M","R","B",null,"M","$","?","$","M","R","M","?","T","M","E"],"character_chosen":"IRONCLAD","items_purchased":["Feel No Pain","Finesse"],"campfire_rested":1,"item_purchase_floors":[8,8],"current_hp_per_floor":[80,80,65,53,53,53,45,45,45,25,11,11,35,35,35,54,80,68,68,68,68,53,53,52,60,60,52,23,23],"gold":93,"neow_bonus":"DOUBLE_BOSS_RELIC","is_daily":false,"chose_seed":false,"campfire_upgraded":3,"win_rate":0.0,"timestamp":1608366036,"path_taken":["M","M","M","M","?","R","M","$","T","M","M","?","R","M","R","BOSS","M","$","?","$","M","R","M","?","T","M","E"],"items_purchased_type":["Card","Card"],"build_version":"2020-12-13","purchased_purges":1,"victory":false,"max_hp_per_floor":[80,80,80,80,80,80,80,80,80,80,80,80,80,80,80,80,80,80,80,80,80,80,80,80,80,80,80,80,80],"relic_stats":{"counters":[15,63],"obtain_stats":[{"Replay:Bronze Core":0,"AddBug":1,"SecretRecord":1,"Baka":1,"vexMod:TanglingVine":0,"Burning Blood":0,"REME_ComplimentaryCards":0},{"Replay:Bronze Core":0,"AddBug":1,"SecretRecord":1,"Baka":1,"vexMod:TanglingVine":0,"Burning Blood":0,"REME_ComplimentaryCards":0},{"Replay:Bronze Core":0,"AddBug":3,"SecretRecord":3,"Baka":3,"vexMod:TanglingVine":0,"Burning Blood":0,"REME_ComplimentaryCards":0}],"Burning Blood":81},"card_choices":[{"not_picked":["Pummel","Flex"],"picked":"Burning Pact","floor":1},{"not_picked":["Power Through","Evolve"],"picked":"Shrug It Off","floor":2},{"not_picked":["Havoc","Battle Trance"],"picked":"ReplayTheSpireMod:Strike From Hell","floor":3},{"not_picked":["Infernal Blade","Bloodletting"],"picked":"Power Through","floor":4},{"not_picked":["Reckless Charge","Rampage","Clothesline"],"picked":"SKIP","floor":5},{"not_picked":["Perfected Strike","Twin Strike"],"picked":"Flame Barrier","floor":7},{"not_picked":["Havoc","Clothesline"],"picked":"Shrug It Off","floor":10},{"not_picked":["REME_Cut","Heavy Blade"],"picked":"Burning Pact","floor":11},{"not_picked":["Shrug It Off","Dark Embrace","Heavy Blade"],"picked":"SKIP","floor":14},{"not_picked":["Anger+1","Heavy Blade"],"picked":"True Grit","floor":18},{"not_picked":["Thunderclap","Second Wind+1"],"picked":"Metallicize","floor":22},{"not_picked":["Disarm","Headbutt","Pommel Strike+1"],"picked":"SKIP","floor":24},{"not_picked":["ReplayTheSpireMod:Strike From Hell","REME_SingleHolding+1","Rupture+1"],"picked":"SKIP","floor":27}],"player_experience":132722,"relics_obtained":[{"floor":1,"key":"Baka"},{"floor":1,"key":"AddBug"},{"floor":1,"key":"LetterFromLob"},{"floor":2,"key":"LetterFromLob"},{"floor":3,"key":"LetterFromLob"},{"floor":4,"key":"LetterFromLob"},{"floor":5,"key":"SecretRecord"},{"floor":5,"key":"LetterFromLob"},{"floor":7,"key":"LetterFromLob"},{"floor":9,"key":"GodSword6"},{"floor":10,"key":"LetterFromLob"},{"floor":11,"key":"LetterFromLob"},{"floor":14,"key":"LetterFromLob"},{"floor":16,"key":"SecretRecord"},{"floor":16,"key":"LetterFromLob"},{"floor":18,"key":"LetterFromLob"},{"floor":22,"key":"LetterFromLob"},{"floor":24,"key":"LetterFromLob"},{"floor":26,"key":"Champion Belt"},{"floor":27,"key":"SecretRecord"},{"floor":27,"key":"LetterFromLob"}],"event_choices":[{"damage_healed":0,"gold_gain":0,"player_choice":"Ignored","damage_taken":0,"max_hp_gain":0,"max_hp_loss":0,"event_name":"Liars Game","floor":12,"gold_loss":0},{"cards_removed":["Strike_R"],"damage_healed":0,"gold_gain":0,"player_choice":"Gave Gold","damage_taken":0,"max_hp_gain":0,"max_hp_loss":0,"event_name":"Beggar","floor":20,"gold_loss":75}],"is_beta":false,"boss_relics":[{"not_picked":["Sozu","Astrolabe"],"picked":"vexMod:ImprovementManual"}],"items_purged_floors":[19],"is_endless":false,"potions_floor_spawned":[1,3,5,14,16,24,27],"killed_by":"Slavers","ascension_level":1}}