{"host":"egyxg9lnjq7g2hmw","time":1608358457,"event":{"mods":["AchievementEnabler","BaseMod","Block Reminder","Colored Map","Colored Powertips","Highlight Path","Minty Spire (QoL Compilation)","Rare Cards Sparkle","StSLib"],"gold_per_floor":[118,137,62,212,212,52,95,95,119,119,119,144,144,160,160,253,253,277,10,10,10,25,25,25,25],"floor_reached":24,"playtime":1259,"items_purged":["Doubt","Strike_G"],"score":384,"play_id":"8cf40a47-a631-43fa-a071-d184608b9577","local_time":"20201218221417","is_ascension_mode":true,"campfire_choices":[{"data":"Footwork","floor":11.0,"key":"SMITH"},{"data":"Flechettes","floor":13.0,"key":"SMITH"},{"floor":15.0,"key":"REST"},{"floor":23.0,"key":"REST"}],"circlet_count":0,"master_deck":["AscendersBane","Strike_G","Strike_G","Defend_G","Defend_G","Defend_G","Defend_G","Defend_G","Survivor","Neutralize","Deadly Poison+1","PiercingWail","Footwork+1","Backflip","Flechettes+1","Acrobatics","Acrobatics","Shame","Bane"],"relics":["Ring of the Snake","Golden Idol","Blood Vial","Potion Belt","HoveringKite","Happy Flower","Paper Crane"],"acts_visited":["Exordium","TheCity"],"potions_floor_usage":[],"damage_taken":[{"damage":1.0,"enemies":"2 Louse","floor":1.0,"turns":3.0},{"damage":0.0,"enemies":"Jaw Worm","floor":2.0,"turns":3.0},{"damage":42.0,"enemies":"Lagavulin","floor":7.0,"turns":8.0},{"damage":1.0,"enemies":"Cultist","floor":12.0,"turns":5.0},{"damage":0.0,"enemies":"Large Slime","floor":14.0,"turns":7.0},{"damage":29.0,"enemies":"Hexaghost","floor":16.0,"turns":11.0},{"damage":13.0,"enemies":"Shell Parasite","floor":18.0,"turns":7.0},{"damage":20.0,"enemies":"Spheric Guardian","floor":22.0,"turns":6.0},{"damage":50,"enemies":"Gremlin Leader","floor":24,"turns":7}],"seed_played":"306614967773442974","potions_obtained":[{"floor":2.0,"key":"SkillPotion"},{"floor":7.0,"key":"Poison Potion"},{"floor":22.0,"key":"LiquidBronze"}],"is_trial":false,"path_per_floor":["M","M","?","?","?","$","E","?","T","?","R","M","R","M","R","B",null,"M","$","?","?","M","R","E"],"character_chosen":"THE_SILENT","items_purchased":["Footwork","Happy Flower"],"campfire_rested":2,"item_purchase_floors":[6,19],"current_hp_per_floor":[64,64,64,64,64,64,22,22,22,15,15,16,16,18,37,10,51,40,40,40,40,22,41,0,0],"gold":25,"neow_bonus":"TEN_PERCENT_HP_BONUS","is_daily":false,"chose_seed":false,"campfire_upgraded":2,"win_rate":0.0,"timestamp":1608358457,"path_taken":["M","M","?","?","?","$","E","?","T","?","R","?","R","M","R","BOSS","M","$","?","?","M","R","E"],"items_purchased_type":["Card","Relic"],"build_version":"2020-12-13","purchased_purges":2,"victory":false,"max_hp_per_floor":[72,72,72,72,65,65,65,65,65,65,65,65,65,65,65,65,65,65,65,65,65,65,65,65,65],"card_choices":[{"not_picked":["Slice","All Out Attack"],"picked":"Deadly Poison","floor":1.0},{"not_picked":["Underhanded Strike","Dagger Throw"],"picked":"PiercingWail","floor":2.0},{"not_picked":["Malaise","Noxious Fumes"],"picked":"Backflip","floor":7.0},{"not_picked":["Cloak And Dagger","Quick Slash"],"picked":"Flechettes","floor":12.0},{"not_picked":["Riddle With Holes","Dash"],"picked":"Acrobatics","floor":14.0},{"not_picked":["Deflect","Blade Dance"],"picked":"Acrobatics","floor":18.0},{"not_picked":["Flying Knee","Crippling Poison"],"picked":"Bane","floor":22.0}],"player_experience":527609,"relics_obtained":[{"floor":7.0,"key":"Blood Vial"},{"floor":9.0,"key":"Potion Belt"}],"event_choices":[{"cards_removed":["Strike_G"],"damage_healed":0.0,"max_hp_gain":0.0,"max_hp_loss":0.0,"gold_gain":0.0,"event_name":"The Cleric","player_choice":"Card Removal","floor":3.0,"gold_loss":75.0,"damage_taken":0.0},{"damage_healed":0.0,"max_hp_gain":0.0,"max_hp_loss":0.0,"gold_gain":150.0,"event_name":"Liars Game","player_choice":"AGREE","floor":4.0,"gold_loss":0.0,"damage_taken":0.0,"cards_obtained":["Doubt"]},{"damage_healed":0.0,"max_hp_gain":0.0,"max_hp_loss":7.0,"gold_gain":0.0,"event_name":"Golden Idol","player_choice":"Lose Max HP","floor":5.0,"gold_loss":0.0,"damage_taken":0.0,"relics_obtained":["Golden Idol"]},{"damage_healed":0.0,"max_hp_gain":0.0,"max_hp_loss":0.0,"gold_gain":0.0,"event_name":"Living Wall","player_choice":"Grow","floor":8.0,"gold_loss":0.0,"damage_taken":0.0,"cards_upgraded":["Deadly Poison"]},{"cards_removed":["Strike_G"],"damage_healed":0.0,"max_hp_gain":0.0,"max_hp_loss":0.0,"gold_gain":0.0,"event_name":"Golden Wing","player_choice":"Card Removal","floor":10.0,"gold_loss":0.0,"damage_taken":7.0},{"damage_healed":0.0,"max_hp_gain":0.0,"max_hp_loss":0.0,"gold_gain":0.0,"event_name":"The Mausoleum","player_choice":"Ignored","floor":20.0,"gold_loss":0.0,"damage_taken":0.0},{"damage_healed":0.0,"max_hp_gain":0.0,"max_hp_loss":0.0,"gold_gain":0.0,"event_name":"Addict","player_choice":"Stole Relic","floor":21.0,"gold_loss":0.0,"damage_taken":0.0,"relics_obtained":["Paper Crane"],"cards_obtained":["Shame"]}],"is_beta":false,"boss_relics":[{"not_picked":["Philosopher\u0027s Stone","Pandora\u0027s Box"],"picked":"HoveringKite"}],"items_purged_floors":[6,19],"is_endless":false,"potions_floor_spawned":[2,7,22],"killed_by":"Gremlin Leader","ascension_level":20}}