{"host":"dth8fvkfiulu86fi","time":1608371846,"event":{"mods":["2.2 Compatiblity","AchievementEnabler","BaseMod","Better Third Choice","Colored Map","Colored Powertips","Minty Spire (QoL Compilation)","Rare Cards Sparkle","StSLib","SuperFastMode","Synergy Search"],"gold_per_floor":[114,289,16,31,46,46,89,89,89,104,134,14,44,59,59,159,159,174,36,36,36,51,51,81,81,81,111,126,126,156,171,171,271,271,286,301,301,301,316,316,346,361,361,391,391,38,68,83,83,83],"floor_reached":51,"playtime":1852,"items_purged":["Doubt"],"score":928,"play_id":"bb8d96c0-e4e3-491d-9a80-4509d97e7fea","local_time":"20201219105726","daily_mods":["Draft","Uncertain Future","Elite Swarm"],"is_ascension_mode":false,"campfire_choices":[{"data":"Battle Trance","floor":6,"key":"SMITH"},{"data":"Anger","floor":8,"key":"SMITH"},{"floor":15,"key":"REST"},{"floor":23,"key":"REST"},{"floor":29,"key":"REST"},{"floor":32,"key":"REST"},{"data":"Double Tap","floor":40,"key":"SMITH"},{"floor":49,"key":"REST"}],"circlet_count":0,"master_deck":["Sword Boomerang","Shrug It Off","Flex","Cleave","Flex","Cleave","Power Through","Cleave","Twin Strike","Pommel Strike","Sword Boomerang","Clash","Battle Trance+1","Shrug It Off","Pommel Strike","Anger+1","Flex+1","Cleave","Shrug It Off","Anger","Perfected Strike+1","Double Tap","Anger","Immolate","Demon Form","Perfected Strike+1","Good Instincts","Flex+1","Reaper","Reaper","Flex","Double Tap+1","Cleave+1","Bludgeon","Battle Trance+1","Limit Break","Heavy Blade","Impervious","Twin Strike+1"],"relics":["Black Blood","Juzu Bracelet","Calipers","Incense Burner","Vajra","Bottled Flame","SlaversCollar","Potion Belt","Shuriken","War Paint","Oddly Smooth Stone","White Beast Statue","InkBottle","Frozen Egg 2","Lizard Tail","Turnip"],"acts_visited":["Exordium","TheCity","TheBeyond"],"potions_floor_usage":[5,7,16,16,41,42,44,48,50],"damage_taken":[{"damage":0,"enemies":"Small Slimes","floor":1,"turns":2},{"damage":0,"enemies":"2 Louse","floor":4,"turns":1},{"damage":0,"enemies":"Jaw Worm","floor":5,"turns":1},{"damage":18,"enemies":"Lagavulin Event","floor":7,"turns":5},{"damage":0,"enemies":"Gremlin Gang","floor":10,"turns":1},{"damage":32,"enemies":"Gremlin Nob","floor":11,"turns":4},{"damage":9,"enemies":"3 Sentries","floor":13,"turns":3},{"damage":12,"enemies":"Blue Slaver","floor":14,"turns":2},{"damage":0,"enemies":"Slime Boss","floor":16,"turns":7},{"damage":0,"enemies":"Spheric Guardian","floor":18,"turns":2},{"damage":24,"enemies":"2 Thieves","floor":22,"turns":3},{"damage":21,"enemies":"Slavers","floor":24,"turns":3},{"damage":27,"enemies":"Gremlin Leader","floor":27,"turns":5},{"damage":10,"enemies":"Snake Plant","floor":28,"turns":3},{"damage":25,"enemies":"Slavers","floor":30,"turns":3},{"damage":32,"enemies":"Centurion and Healer","floor":31,"turns":4},{"damage":51,"enemies":"Champ","floor":33,"turns":7},{"damage":9,"enemies":"3 Shapes","floor":35,"turns":2},{"damage":10,"enemies":"Orb Walker","floor":36,"turns":3},{"damage":23,"enemies":"4 Shapes","floor":39,"turns":2},{"damage":45,"enemies":"Giant Head","floor":41,"turns":7},{"damage":70,"enemies":"Maw","floor":42,"turns":7},{"damage":76,"enemies":"Reptomancer","floor":44,"turns":5},{"damage":13,"enemies":"Giant Head","floor":47,"turns":5},{"damage":84,"enemies":"Spire Growth","floor":48,"turns":6},{"damage":117,"enemies":"Awakened One","floor":50,"turns":10}],"seed_played":"-2908382401684788831","potions_obtained":[{"floor":4,"key":"Explosive Potion"},{"floor":10,"key":"SmokeBomb"},{"floor":13,"key":"Swift Potion"},{"floor":14,"key":"Explosive Potion"},{"floor":22,"key":"ElixirPotion"},{"floor":24,"key":"FairyPotion"},{"floor":33,"key":"BloodPotion"},{"floor":36,"key":"EssenceOfSteel"},{"floor":42,"key":"Explosive Potion"},{"floor":44,"key":"SteroidPotion"},{"floor":47,"key":"BloodPotion"},{"floor":48,"key":"Strength Potion"}],"is_trial":false,"path_per_floor":["M","?","$","M","M","R","?","R","T","M","E","$","E","M","R","B",null,"M","$","?","?","M","R","E","?","T","E","M","R","E","M","R","B",null,"M","M","?","?","M","R","E","M","T","E","?","$","E","M","R","B",null],"character_chosen":"IRONCLAD","items_purchased":["Juzu Bracelet","Flex","Regen Potion","Anger","Good Instincts","Flex","Lizard Tail","Heavy Blade"],"campfire_rested":5,"item_purchase_floors":[3,3,3,12,19,19,46,46],"current_hp_per_floor":[80,80,80,80,80,80,77,77,77,80,54,54,51,45,69,75,80,80,80,80,65,47,72,57,57,57,36,32,57,47,31,56,46,85,85,85,85,85,85,85,75,59,59,36,74,74,73,20,42,39],"gold":83,"neow_bonus":"","is_daily":true,"chose_seed":false,"campfire_upgraded":3,"win_rate":0.0,"timestamp":1608371846,"path_taken":["M","?","$","M","M","R","?","R","T","M","E","?","E","M","R","BOSS","M","$","?","?","M","R","E","?","T","E","M","R","E","M","R","BOSS","M","M","?","?","M","R","E","M","T","E","?","$","E","M","R","BOSS"],"items_purchased_type":["Relic","Card","Potion","Card","Card","Card","Relic","Card"],"build_version":"2020-12-13","purchased_purges":1,"victory":true,"max_hp_per_floor":[80,80,80,80,80,80,80,80,80,80,80,80,80,80,80,80,80,80,80,80,85,85,85,85,85,85,85,85,85,85,85,85,85,85,85,85,85,85,85,85,85,85,85,85,74,74,74,74,74,74],"card_choices":[{"not_picked":["Havoc","Body Slam"],"picked":"Sword Boomerang","floor":0},{"not_picked":["Sword Boomerang","Havoc"],"picked":"Shrug It Off","floor":0},{"not_picked":["Rampage","Combust"],"picked":"Flex","floor":0},{"not_picked":["Power Through","Sword Boomerang"],"picked":"Cleave","floor":0},{"not_picked":["Wild Strike","Thunderclap"],"picked":"Flex","floor":0},{"not_picked":["Iron Wave","Clash"],"picked":"Cleave","floor":0},{"not_picked":["Clothesline","Thunderclap"],"picked":"Power Through","floor":0},{"not_picked":["Pommel Strike","Evolve"],"picked":"Cleave","floor":0},{"not_picked":["Clash","Headbutt"],"picked":"Twin Strike","floor":0},{"not_picked":["Headbutt","Pummel"],"picked":"Pommel Strike","floor":0},{"not_picked":["Shockwave","Warcry"],"picked":"Sword Boomerang","floor":0},{"not_picked":["Whirlwind","Blood for Blood"],"picked":"Clash","floor":0},{"not_picked":["Power Through","Clothesline"],"picked":"Battle Trance","floor":0},{"not_picked":["Ghostly Armor","Armaments"],"picked":"Shrug It Off","floor":0},{"not_picked":["Warcry","Armaments"],"picked":"Pommel Strike","floor":0},{"not_picked":["Iron Wave","Blood for Blood"],"picked":"Anger","floor":1},{"not_picked":["Blood for Blood","Sword Boomerang"],"picked":"Cleave","floor":4},{"not_picked":["Sentinel","Clothesline"],"picked":"Shrug It Off","floor":5},{"not_picked":["Power Through","Pommel Strike"],"picked":"Anger","floor":7},{"not_picked":["Sentinel","Armaments"],"picked":"Perfected Strike","floor":10},{"not_picked":["Berserk","Barricade"],"picked":"Double Tap","floor":11},{"not_picked":["Berserk","Feed"],"picked":"Immolate","floor":13},{"not_picked":["Metallicize","Uppercut"],"picked":"Sword Boomerang","floor":14},{"not_picked":["Barricade","Juggernaut"],"picked":"Demon Form","floor":16},{"not_picked":["Iron Wave+1","Sever Soul+1"],"picked":"Perfected Strike+1","floor":18},{"not_picked":["Clothesline","Hemokinesis","Rupture"],"picked":"SKIP","floor":22},{"not_picked":["Brutality","Fiend Fire","Barricade"],"picked":"SKIP","floor":24},{"not_picked":["Limit Break","Demon Form"],"picked":"Reaper","floor":27},{"not_picked":["Headbutt","Sever Soul","Warcry"],"picked":"SKIP","floor":28},{"not_picked":["Limit Break","Corruption"],"picked":"Reaper","floor":30},{"not_picked":["Searing Blow+1","Headbutt"],"picked":"Flex","floor":31},{"not_picked":["Fiend Fire","Exhume"],"picked":"Double Tap","floor":33},{"not_picked":["Disarm+1","Armaments+1"],"picked":"Cleave+1","floor":35},{"not_picked":["Clothesline+1","Evolve+1","Sever Soul+1"],"picked":"SKIP","floor":36},{"not_picked":["Rupture","Clothesline","Blood for Blood"],"picked":"SKIP","floor":39},{"not_picked":["Brutality","Fiend Fire"],"picked":"Bludgeon","floor":41},{"not_picked":["Perfected Strike","Cleave"],"picked":"Battle Trance+1","floor":42},{"not_picked":["Brutality+1","Barricade+1"],"picked":"Limit Break","floor":44},{"not_picked":["Juggernaut+1","Reaper"],"picked":"Impervious","floor":47},{"not_picked":["Intimidate","Disarm+1"],"picked":"Twin Strike+1","floor":48}],"player_experience":1111300,"relics_obtained":[{"floor":7,"key":"Calipers"},{"floor":9,"key":"Incense Burner"},{"floor":11,"key":"Vajra"},{"floor":13,"key":"Bottled Flame"},{"floor":24,"key":"Potion Belt"},{"floor":26,"key":"Shuriken"},{"floor":27,"key":"War Paint"},{"floor":30,"key":"Oddly Smooth Stone"},{"floor":41,"key":"White Beast Statue"},{"floor":43,"key":"InkBottle"},{"floor":44,"key":"Frozen Egg 2"},{"floor":47,"key":"Turnip"}],"event_choices":[{"damage_healed":0,"gold_gain":175,"player_choice":"AGREE","damage_taken":114,"max_hp_gain":0,"max_hp_loss":0,"event_name":"betterThird:BetterSerpent","floor":2,"gold_loss":0},{"damage_healed":0,"gold_gain":0,"player_choice":"Searched \u00272\u0027 times","damage_taken":0,"max_hp_gain":0,"max_hp_loss":0,"event_name":"Dead Adventurer","floor":7,"gold_loss":0},{"damage_healed":0,"gold_gain":0,"player_choice":"Upgraded","damage_taken":0,"max_hp_gain":0,"max_hp_loss":0,"event_name":"Upgrade Shrine","floor":20,"gold_loss":0,"cards_upgraded":["Perfected Strike"]},{"damage_healed":0,"gold_gain":0,"player_choice":"Shed Blood","damage_taken":20,"max_hp_gain":5,"max_hp_loss":0,"event_name":"Forgotten Altar","floor":21,"gold_loss":0},{"damage_healed":0,"gold_gain":0,"player_choice":"Ignored","damage_taken":0,"max_hp_gain":0,"max_hp_loss":0,"event_name":"Cursed Tome","floor":25,"gold_loss":0},{"cards_removed":["Sword Boomerang"],"damage_healed":0,"gold_gain":0,"player_choice":"Removed Attack","damage_taken":0,"max_hp_gain":0,"max_hp_loss":0,"event_name":"Falling","floor":37,"gold_loss":0},{"damage_healed":0,"gold_gain":0,"player_choice":"Ignored","damage_taken":0,"max_hp_gain":0,"max_hp_loss":0,"event_name":"Tomb of Lord Red Mask","floor":38,"gold_loss":0},{"damage_healed":74,"gold_gain":0,"player_choice":"Heal","damage_taken":0,"max_hp_gain":0,"max_hp_loss":11,"event_name":"The Moai Head","floor":45,"gold_loss":0}],"is_beta":false,"boss_relics":[{"not_picked":["Snecko Eye","Velvet Choker"],"picked":"SlaversCollar"},{"not_picked":["Calling Bell","Black Star"],"picked":"Black Blood"}],"items_purged_floors":[12],"is_endless":false,"potions_floor_spawned":[4,10,13,14,22,24,33,36,42,44,47,48],"ascension_level":0}}