{"host":"dcj2yvrgcvh5dl2s","time":1608357729,"event":{"mods":["BaseMod","Better Note","Block Reminder","Colored Powertips","DeckTracker","Minty Spire (QoL Compilation)","Quick Restart","Rare Cards Sparkle","Relic Stats","StSLib"],"gold_per_floor":[364,34,48,48,61,90,90,109,109,126,153,118,128,228,228,323,323,341,28,28,28,127,127,154,174,201,214,214,233,233,258,258,358,358,376,121,134,134,153,180,180,206,206,206,219,251,263,276,276,276,276],"floor_reached":50,"playtime":2374,"items_purged":["Bash"],"score":1146,"play_id":"b2d33782-6b15-4b42-b4fd-fc63b1db8215","local_time":"20201219160209","is_ascension_mode":true,"campfire_choices":[{"data":"Whirlwind","floor":15,"key":"SMITH"},{"data":"Perfected Strike","floor":23,"key":"SMITH"},{"data":"Double Tap","floor":28,"key":"SMITH"},{"data":"Flex","floor":30,"key":"SMITH"},{"floor":32,"key":"REST"},{"data":"Intimidate","floor":41,"key":"SMITH"},{"data":"Shockwave","floor":44,"key":"SMITH"},{"data":"Offering","floor":49,"key":"SMITH"}],"circlet_count":0,"master_deck":["AscendersBane","Strike_R","Strike_R","Strike_R","Strike_R","Strike_R","Defend_R","Defend_R","Defend_R","Defend_R","Sword Boomerang","Battle Trance","Perfected Strike+1","Whirlwind+1","Metallicize","Disarm","Shockwave+1","Body Slam+1","Double Tap+1","Shrug It Off","Shrug It Off","Shrug It Off","Intimidate+1","Flex+1","Twin Strike+1","Pommel Strike+1","Offering","Battle Trance+1","Shrug It Off","Body Slam+1","Pommel Strike+1","Pommel Strike+1","Offering+1","Flex+1"],"relics":["Black Blood","Juzu Bracelet","Chemical X","Pen Nib","FossilizedHelix","Molten Egg 2","Pocketwatch","Black Star","StrikeDummy","Toy Ornithopter","Dead Branch","Regal Pillow","Potion Belt","Vajra","Strawberry","Akabeko","Anchor","Orichalcum","Frozen Egg 2","Bottled Flame","Dream Catcher","Turnip"],"acts_visited":["TheCity","TheBeyond"],"potions_floor_usage":[5,6,11,33,33,33,33,33,37,42,42,50,50,50],"damage_taken":[{"damage":20,"enemies":"Small Slimes","floor":1,"turns":4},{"damage":13,"enemies":"2 Louse","floor":3,"turns":3},{"damage":0,"enemies":"Cultist","floor":5,"turns":2},{"damage":15,"enemies":"3 Sentries","floor":6,"turns":8},{"damage":0,"enemies":"Red Slaver","floor":8,"turns":2},{"damage":6,"enemies":"Looter","floor":10,"turns":3},{"damage":0,"enemies":"Lagavulin","floor":11,"turns":5},{"damage":0,"enemies":"Exordium Thugs","floor":13,"turns":3},{"damage":30,"enemies":"The Guardian","floor":16,"turns":6},{"damage":8,"enemies":"Chosen","floor":18,"turns":4},{"damage":17,"enemies":"Book of Stabbing","floor":24,"turns":3},{"damage":6,"enemies":"3 Byrds","floor":25,"turns":4},{"damage":0,"enemies":"Snecko","floor":27,"turns":3},{"damage":23,"enemies":"Chosen and Byrds","floor":29,"turns":3},{"damage":0,"enemies":"Gremlin Leader","floor":31,"turns":3},{"damage":48,"enemies":"Collector","floor":33,"turns":10},{"damage":15,"enemies":"3 Darklings","floor":35,"turns":3},{"damage":16,"enemies":"3 Shapes","floor":37,"turns":3},{"damage":0,"enemies":"3 Darklings","floor":39,"turns":3},{"damage":6,"enemies":"Reptomancer","floor":40,"turns":3},{"damage":44,"enemies":"Giant Head","floor":42,"turns":6},{"damage":6,"enemies":"Maw","floor":45,"turns":6},{"damage":0,"enemies":"Nemesis","floor":46,"turns":1},{"damage":0,"enemies":"Spire Growth","floor":47,"turns":2},{"damage":6,"enemies":"Transient","floor":48,"turns":5},{"damage":78,"enemies":"Awakened One","floor":50,"turns":7}],"seed_played":"1997708357612564464","potions_obtained":[{"floor":3,"key":"AttackPotion"},{"floor":5,"key":"DistilledChaos"},{"floor":10,"key":"DistilledChaos"},{"floor":13,"key":"Weak Potion"},{"floor":16,"key":"EssenceOfSteel"},{"floor":18,"key":"EntropicBrew"},{"floor":31,"key":"EssenceOfSteel"},{"floor":35,"key":"AttackPotion"},{"floor":37,"key":"LiquidMemories"},{"floor":46,"key":"Strength Potion"},{"floor":48,"key":"Fruit Juice"}],"is_trial":false,"path_per_floor":["M","$","M","?","M","E","?","M","T","M","E","?","M","?","R","B",null,"M","$","?","$","?","R","E","M","T","M","R","M","R","E","R","B",null,"M","$","M","?","M","E","R","E","T","R","M","E","M","M","R","B"],"character_chosen":"IRONCLAD","items_purchased":["Juzu Bracelet","Chemical X","Sword Boomerang","StrikeDummy","Shrug It Off","Strawberry","Shrug It Off"],"campfire_rested":1,"item_purchase_floors":[2,2,2,19,19,36,36],"current_hp_per_floor":[58,58,51,18,24,15,33,39,39,39,45,63,69,69,69,45,65,63,63,63,63,63,63,52,52,52,58,58,41,41,47,69,32,60,57,64,65,65,72,72,72,50,50,50,56,68,72,72,72,0,0],"gold":276,"neow_bonus":"TWO_FIFTY_GOLD","is_daily":false,"chose_seed":false,"campfire_upgraded":7,"win_rate":0.0,"timestamp":1608357729,"path_taken":["M","$","M","?","M","E","?","M","T","M","E","?","M","?","R","BOSS","M","$","?","$","?","R","E","M","T","M","R","M","R","E","R","BOSS","M","$","M","?","M","E","R","E","T","R","M","E","M","M","R","BOSS"],"items_purchased_type":["Relic","Relic","Card","Relic","Card","Relic","Card"],"build_version":"2020-12-13","purchased_purges":1,"victory":false,"max_hp_per_floor":[72,72,72,72,72,72,72,72,72,72,72,72,72,72,72,72,72,72,72,69,69,69,69,69,69,69,69,69,69,69,69,69,69,69,69,76,76,72,72,72,72,72,72,72,72,72,72,72,72,77,77],"relic_stats":{"Regal Pillow":2,"counters":[26,105],"Dead Branch":[65],"Black Blood":179,"Pen Nib":[16],"Juzu Bracelet":1,"Orichalcum":[42],"Dream Catcher":0,"Turnip":[0],"Black Star":5,"Chemical X":[38],"obtain_stats":[{"Potion Belt":31,"Regal Pillow":26,"Dead Branch":24,"Vajra":31,"Black Blood":34,"Pen Nib":4,"Juzu Bracelet":2,"Orichalcum":42,"Frozen Egg 2":42,"Burning Blood":0,"Akabeko":40,"Anchor":40,"Bottled Flame":43,"Dream Catcher":46,"Strawberry":36,"Molten Egg 2":9,"Turnip":46,"Black Star":17,"Chemical X":2,"StrikeDummy":19,"FossilizedHelix":6,"Toy Ornithopter":24,"Pocketwatch":11},{"Potion Belt":15,"Regal Pillow":12,"Dead Branch":11,"Vajra":15,"Black Blood":16,"Pen Nib":2,"Juzu Bracelet":1,"Orichalcum":21,"Frozen Egg 2":21,"Burning Blood":0,"Akabeko":20,"Anchor":20,"Bottled Flame":21,"Dream Catcher":23,"Strawberry":17,"Molten Egg 2":5,"Turnip":23,"Black Star":9,"Chemical X":1,"StrikeDummy":10,"FossilizedHelix":4,"Toy Ornithopter":11,"Pocketwatch":7},{"Potion Belt":56,"Regal Pillow":47,"Dead Branch":43,"Vajra":56,"Black Blood":66,"Pen Nib":7,"Juzu Bracelet":4,"Orichalcum":84,"Frozen Egg 2":84,"Burning Blood":0,"Akabeko":78,"Anchor":78,"Bottled Flame":84,"Dream Catcher":91,"Strawberry":69,"Molten Egg 2":19,"Turnip":91,"Black Star":36,"Chemical X":4,"StrikeDummy":40,"FossilizedHelix":17,"Toy Ornithopter":43,"Pocketwatch":27}],"Toy Ornithopter":20,"Pocketwatch":[87]},"card_choices":[{"not_picked":["Iron Wave","Rupture","Power Through"],"picked":"SKIP","floor":1},{"not_picked":["Cleave","Anger"],"picked":"Battle Trance","floor":3},{"not_picked":["True Grit","Wild Strike"],"picked":"Perfected Strike","floor":5},{"not_picked":["Ghostly Armor","Second Wind"],"picked":"Whirlwind","floor":6},{"not_picked":["Warcry","Bloodletting"],"picked":"Metallicize","floor":8},{"not_picked":["Clash+1","Metallicize"],"picked":"Disarm","floor":10},{"not_picked":["Reckless Charge+1","Clothesline+1"],"picked":"Shockwave","floor":11},{"not_picked":["Clash+1","Fire Breathing"],"picked":"Body Slam+1","floor":13},{"not_picked":["Brutality","Limit Break"],"picked":"Double Tap","floor":16},{"not_picked":["Clothesline+1","Cleave+1"],"picked":"Shrug It Off","floor":18},{"not_picked":["Thunderclap+1","True Grit"],"picked":"Shrug It Off","floor":24},{"not_picked":["Cleave+1","True Grit"],"picked":"Intimidate","floor":25},{"not_picked":["True Grit+1","Shrug It Off"],"picked":"Flex","floor":27},{"not_picked":["True Grit","Wild Strike+1"],"picked":"Twin Strike+1","floor":29},{"not_picked":["Wild Strike+1","Warcry"],"picked":"Pommel Strike+1","floor":31},{"not_picked":["Exhume","Barricade"],"picked":"Offering","floor":33},{"not_picked":["True Grit","Sword Boomerang+1"],"picked":"Battle Trance+1","floor":35},{"not_picked":["Sentinel+1","Armaments"],"picked":"Body Slam+1","floor":37},{"not_picked":["Dropkick+1","Spot Weakness"],"picked":"Pommel Strike+1","floor":39},{"not_picked":["Perfected Strike+1","Searing Blow+1"],"picked":"Pommel Strike+1","floor":40},{"not_picked":["Feel No Pain+1","Thunderclap+1"],"picked":"Offering","floor":42},{"not_picked":["Wild Strike+1","Pommel Strike+1"],"picked":"Flex+1","floor":45},{"not_picked":["True Grit","Uppercut+1","Power Through"],"picked":"SKIP","floor":46},{"not_picked":["Carnage+1","Iron Wave+1","Power Through"],"picked":"SKIP","floor":47},{"not_picked":["True Grit","Immolate+1","Sentinel+1"],"picked":"SKIP","floor":48}],"player_experience":1987992,"relics_obtained":[{"floor":6,"key":"FossilizedHelix"},{"floor":9,"key":"Molten Egg 2"},{"floor":11,"key":"Pocketwatch"},{"floor":24,"key":"Toy Ornithopter"},{"floor":24,"key":"Dead Branch"},{"floor":26,"key":"Regal Pillow"},{"floor":31,"key":"Potion Belt"},{"floor":31,"key":"Vajra"},{"floor":40,"key":"Akabeko"},{"floor":40,"key":"Anchor"},{"floor":42,"key":"Orichalcum"},{"floor":42,"key":"Frozen Egg 2"},{"floor":43,"key":"Bottled Flame"},{"floor":46,"key":"Dream Catcher"},{"floor":46,"key":"Turnip"}],"event_choices":[{"damage_healed":0,"gold_gain":0,"player_choice":"Success","damage_taken":33,"relics_obtained":["Pen Nib"],"max_hp_gain":0,"max_hp_loss":0,"event_name":"Scrap Ooze","floor":4,"gold_loss":0},{"damage_healed":18,"gold_gain":0,"player_choice":"Healed and dodged fight","damage_taken":0,"max_hp_gain":0,"max_hp_loss":0,"event_name":"Mushrooms","floor":7,"gold_loss":0,"cards_obtained":["Parasite"]},{"damage_healed":18,"gold_gain":0,"player_choice":"Healed","damage_taken":0,"max_hp_gain":0,"max_hp_loss":0,"event_name":"The Cleric","floor":12,"gold_loss":35},{"damage_healed":0,"gold_gain":100,"player_choice":"Pray","damage_taken":0,"max_hp_gain":0,"max_hp_loss":0,"event_name":"Golden Shrine","floor":14,"gold_loss":0},{"cards_removed":["Parasite"],"damage_healed":0,"gold_gain":0,"player_choice":"Purged","damage_taken":0,"max_hp_gain":0,"max_hp_loss":0,"event_name":"Purifier","floor":20,"gold_loss":0},{"damage_healed":0,"gold_gain":99,"player_choice":"Stole From Cult","damage_taken":0,"max_hp_gain":0,"max_hp_loss":0,"event_name":"Nest","floor":22,"gold_loss":0},{"damage_healed":0,"gold_gain":0,"player_choice":"Max HP","damage_taken":0,"max_hp_gain":0,"max_hp_loss":4,"event_name":"Winding Halls","floor":38,"gold_loss":0}],"is_beta":false,"boss_relics":[{"not_picked":["Fusion Hammer","Ectoplasm"],"picked":"Black Star"},{"not_picked":["Pandora\u0027s Box","Tiny House"],"picked":"Black Blood"}],"items_purged_floors":[36],"is_endless":false,"potions_floor_spawned":[3,5,10,13,16,18,29,31,35,37,46,48],"killed_by":"Awakened One","ascension_level":11}}