{"host":"gbop6m4qugddaz18","time":1608417654,"event":{"mods":["2.2 Compatiblity","BaseMod","Better Third Choice","Block Reminder","Downfall","GifTheSpireLib","Highlight Path","Minty Spire (QoL Compilation)","Replay The Spire","StSLib"],"gold_per_floor":[99,99,99,99,99,128,128,128,140,167,167,25,40,59,71,167,167,167,200,200,200,230,248,248,248,248,248],"floor_reached":26,"playtime":2415,"items_purged":["Burn"],"score":341,"play_id":"611b312e-ec67-4f72-98d7-1aa8f32287ad","local_time":"20201219174054","is_ascension_mode":true,"campfire_choices":[{"data":"Neutralize","floor":1,"key":"SMITH"},{"data":"Infinite Blades","floor":5,"key":"SMITH"},{"data":"ReplayTheSpireMod:Scrap Shanks","floor":8,"key":"SMITH"},{"data":"Dodge and Roll","floor":18,"key":"SMITH"},{"floor":20,"key":"REST"}],"circlet_count":0,"master_deck":["Defend_G","Defend_G","Defend_G","Defend_G","Defend_G","Survivor","Neutralize+1","Infinite Blades+1","Sucker Punch","ReplayTheSpireMod:Scrap Shanks+1","Cloak And Dagger","Infinite Blades+1","Eviscerate","Cloak And Dagger","Escape Plan","Masterful Stab","Dodge and Roll+1","After Image","Deflect+1","Shame","Dodge and Roll","Slice","Bite","Bite","Bite","Bite","Bite"],"relics":["Ring of the Snake","downfall:HeartsMalice","Eternal Feather","ReplayTheSpireMod:Ninjato","ReplayTheSpireMod:Lightbulb","Black Star","Paper Crane","Tiny Chest","Replay:Baseball","The Courier","White Beast Statue","Replay:Towering Pillar of Hats"],"acts_visited":["Exordium","TheCity"],"potions_floor_usage":[19],"damage_taken":[{"damage":0,"enemies":"2 Louse","floor":2,"turns":1},{"damage":0,"enemies":"Jaw Worm","floor":3,"turns":1},{"damage":0,"enemies":"3 Sentries","floor":6,"turns":1},{"damage":0,"enemies":"Cultist","floor":9,"turns":4},{"damage":19,"enemies":"Gremlin Nob","floor":10,"turns":5},{"damage":0,"enemies":"downfall:FleeingMerchant","floor":12,"turns":4},{"damage":18,"enemies":"Large Slime","floor":13,"turns":4},{"damage":9,"enemies":"3 Louse","floor":14,"turns":3},{"damage":8,"enemies":"Blue Slaver","floor":15,"turns":3},{"damage":2,"enemies":"Hexaghost","floor":16,"turns":11},{"damage":26,"enemies":"Slavers","floor":19,"turns":10},{"damage":21,"enemies":"Book of Stabbing","floor":22,"turns":9},{"damage":6,"enemies":"Chosen","floor":23,"turns":7},{"damage":53,"enemies":"Slavers","floor":26,"turns":3}],"seed_played":"-2619924729044478608","potions_obtained":[{"floor":9,"key":"ColorlessPotion"},{"floor":13,"key":"Energy Potion"},{"floor":16,"key":"AttackPotion"},{"floor":22,"key":"SpeedPotion"}],"is_trial":false,"path_per_floor":["R","M","M","?","R","E","T","R","M","E","?","$","M","M","M","B",null,"R","E","R","?","E","M","T","?","E"],"character_chosen":"THE_SILENT","items_purchased":["Cloak And Dagger"],"campfire_rested":1,"item_purchase_floors":[12],"current_hp_per_floor":[70,70,70,70,70,70,70,70,70,51,51,51,33,24,16,14,70,70,44,70,70,49,43,43,43,0,0],"gold":248,"neow_bonus":"THREE_ENEMY_KILL","is_daily":false,"chose_seed":false,"campfire_upgraded":4,"win_rate":0.0,"timestamp":1608417654,"path_taken":["R","M","M","?","R","E","T","R","M","E","?","$","M","?","M","BOSS","R","E","R","?","E","M","T","?","E"],"items_purchased_type":["Card"],"build_version":"2020-12-13","purchased_purges":1,"victory":false,"max_hp_per_floor":[70,70,70,70,70,70,70,70,70,70,70,70,70,70,70,70,70,70,70,70,70,70,70,70,49,49,49],"card_choices":[{"not_picked":["Reflex","Deadly Poison"],"picked":"Infinite Blades","floor":2},{"not_picked":["Replay:Poison Smokescreen","Poisoned Stab"],"picked":"Sucker Punch","floor":3},{"not_picked":["Eviscerate","Riddle With Holes"],"picked":"ReplayTheSpireMod:Scrap Shanks","floor":6},{"not_picked":["Prepared","Dagger Throw"],"picked":"Cloak And Dagger","floor":9},{"not_picked":["Dagger Spray","Backstab"],"picked":"Infinite Blades","floor":10},{"not_picked":["Bane","Poison Darts"],"picked":"Eviscerate","floor":12},{"not_picked":["Bouncing Flask","Poisoned Stab"],"picked":"Escape Plan","floor":13},{"not_picked":["Underhanded Strike","Sneak Up"],"picked":"Masterful Stab","floor":14},{"not_picked":["Hidden Blade","Dagger Spray"],"picked":"Dodge and Roll","floor":15},{"not_picked":["ReplayTheSpireMod:From All Sides","Night Terror"],"picked":"After Image","floor":16},{"not_picked":["ReplayTheSpireMod:The Works+1","ReplayTheSpireMod:Scrap Shanks+1"],"picked":"Deflect+1","floor":19},{"not_picked":["Backflip","Acrobatics"],"picked":"Dodge and Roll","floor":22},{"not_picked":["Predator+1","Concentrate"],"picked":"Slice","floor":23}],"player_experience":478981,"relics_obtained":[{"floor":6,"key":"Eternal Feather"},{"floor":7,"key":"ReplayTheSpireMod:Ninjato"},{"floor":10,"key":"ReplayTheSpireMod:Lightbulb"},{"floor":19,"key":"Paper Crane"},{"floor":19,"key":"Tiny Chest"},{"floor":22,"key":"The Courier"},{"floor":22,"key":"White Beast Statue"},{"floor":24,"key":"Replay:Towering Pillar of Hats"}],"event_choices":[{"damage_healed":70,"gold_gain":0,"player_choice":"Embrace Burn","damage_taken":0,"max_hp_gain":0,"max_hp_loss":70,"event_name":"betterThird:BetterShining","floor":4,"gold_loss":0},{"damage_healed":0,"gold_gain":0,"player_choice":"Upgraded","damage_taken":0,"max_hp_gain":0,"max_hp_loss":0,"event_name":"Upgrade Shrine","floor":11,"gold_loss":0,"cards_upgraded":["Infinite Blades"]},{"damage_healed":0,"gold_gain":0,"player_choice":"Stole Relic","damage_taken":0,"relics_obtained":["Replay:Baseball"],"max_hp_gain":0,"max_hp_loss":0,"event_name":"Addict","floor":21,"gold_loss":0,"cards_obtained":["Shame"]},{"damage_healed":0,"gold_gain":0,"player_choice":"Became a vampire","damage_taken":0,"max_hp_gain":0,"max_hp_loss":21,"event_name":"Vampires","floor":25,"gold_loss":0,"cards_obtained":["Bite","Bite","Bite","Bite","Bite"]}],"is_beta":false,"boss_relics":[{"not_picked":["Tiny House","Snecko Scales"],"picked":"Black Star"}],"items_purged_floors":[12],"is_endless":false,"potions_floor_spawned":[9,13,16,22,23],"killed_by":"Slavers","ascension_level":3}}