{"host":"1hv1kueuvc4r3rdp","time":1608402847,"event":{"mods":["AchievementEnabler","BaseMod","DeckTracker","Highlight Path","Minty Spire (QoL Compilation)","Permanent Neow","StSLib"],"gold_per_floor":[114,114,125,137,147,179,179,198,223,251,99,99,99,114,114,209,209,199,214,313,328,348,375,394,394,394,394,442,474,484,484,484,484,484],"floor_reached":33,"playtime":1576,"items_purged":[],"score":405,"play_id":"3b77abbc-45d0-4370-aac7-58e6eba60ad2","local_time":"20201219123407","is_ascension_mode":true,"campfire_choices":[{"data":"Doom and Gloom","floor":7,"key":"SMITH"},{"floor":13,"key":"REST"},{"data":"Zap","floor":15,"key":"SMITH"},{"floor":25,"key":"REST"},{"floor":27,"key":"REST"},{"data":"Buffer","floor":32,"key":"SMITH"}],"circlet_count":0,"master_deck":["Strike_B","Strike_B","Defend_B","Defend_B","Defend_B","Defend_B","Zap+1","Dualcast","Doom and Gloom+1","Go for the Eyes","Ball Lightning","Core Surge","Defragment+1","Leap","Buffer+1","Conserve Battery","Aggregate","Fusion+1","Barrage","Capacitor+1","Biased Cognition+1"],"relics":["Cracked Core","Toy Ornithopter","Pen Nib","Art of War","ClockworkSouvenir","Inserter","Oddly Smooth Stone","Letter Opener","Bag of Marbles","Frozen Egg 2"],"acts_visited":["Exordium","TheCity"],"potions_floor_usage":[6,10,21,23,24,30,33],"damage_taken":[{"damage":0,"enemies":"Small Slimes","floor":1,"turns":3},{"damage":0,"enemies":"2 Louse","floor":3,"turns":2},{"damage":2,"enemies":"Jaw Worm","floor":4,"turns":3},{"damage":11,"enemies":"Looter","floor":5,"turns":3},{"damage":16,"enemies":"Gremlin Nob","floor":6,"turns":3},{"damage":0,"enemies":"Large Slime","floor":8,"turns":3},{"damage":30,"enemies":"Lagavulin","floor":10,"turns":5},{"damage":0,"enemies":"2 Fungi Beasts","floor":14,"turns":3},{"damage":10,"enemies":"Slime Boss","floor":16,"turns":7},{"damage":17,"enemies":"2 Thieves","floor":18,"turns":4},{"damage":1,"enemies":"Spheric Guardian","floor":19,"turns":4},{"damage":12,"enemies":"3 Cultists","floor":21,"turns":4},{"damage":2,"enemies":"Snecko","floor":22,"turns":4},{"damage":29,"enemies":"Slavers","floor":23,"turns":5},{"damage":4,"enemies":"Shelled Parasite and Fungi","floor":24,"turns":4},{"damage":0,"enemies":"Gremlin Leader","floor":29,"turns":6},{"damage":3,"enemies":"Sentry and Sphere","floor":30,"turns":5},{"damage":66,"enemies":"Automaton","floor":33,"turns":8}],"seed_played":"533813453739571005","potions_obtained":[{"floor":0,"key":"SteroidPotion"},{"floor":0,"key":"AttackPotion"},{"floor":0,"key":"EssenceOfDarkness"},{"floor":1,"key":"PowerPotion"},{"floor":10,"key":"SkillPotion"},{"floor":14,"key":"Explosive Potion"},{"floor":21,"key":"FearPotion"},{"floor":23,"key":"AttackPotion"},{"floor":24,"key":"Explosive Potion"}],"is_trial":false,"path_per_floor":["M","?","M","M","M","E","R","M","T","E","$","?","R","M","R","B",null,"M","M","?","M","M","E","M","R","T","R","T","E","M","?","R","B"],"character_chosen":"DEFECT","items_purchased":["ClockworkSouvenir"],"campfire_rested":3,"item_purchase_floors":[11],"current_hp_per_floor":[75,75,75,73,62,46,46,46,46,21,21,21,43,43,43,33,65,48,47,47,40,38,14,15,37,37,59,59,59,61,61,61,0,0],"gold":484,"neow_bonus":"THREE_SMALL_POTIONS","is_daily":false,"chose_seed":false,"campfire_upgraded":3,"win_rate":0.0,"timestamp":1608402847,"path_taken":["M","?","M","M","M","E","R","M","T","E","$","?","R","M","R","BOSS","M","M","?","M","M","E","M","R","T","R","?","E","M","?","R","BOSS"],"items_purchased_type":["Relic"],"build_version":"2020-12-13","purchased_purges":0,"victory":false,"max_hp_per_floor":[75,75,75,75,75,75,75,75,75,75,75,75,75,75,75,75,75,75,75,75,75,75,75,75,75,75,75,75,75,75,75,75,75,75],"card_choices":[{"not_picked":["Barrage","Cold Snap","Steam"],"picked":"SKIP","floor":1},{"not_picked":["Stack","Auto Shields"],"picked":"Doom and Gloom","floor":3},{"not_picked":["Double Energy","Conserve Battery"],"picked":"Go for the Eyes","floor":4},{"not_picked":["Rebound","Beam Cell"],"picked":"Ball Lightning","floor":5},{"not_picked":["Stack","Recycle"],"picked":"Core Surge","floor":6},{"not_picked":["BootSequence","Cold Snap"],"picked":"Defragment","floor":8},{"not_picked":["Coolheaded","Rebound","Gash"],"picked":"SKIP","floor":10},{"not_picked":["Skim","Sweeping Beam"],"picked":"Leap","floor":14},{"not_picked":["Hyperbeam","Multi-Cast"],"picked":"Buffer","floor":16},{"not_picked":["Skim","Scrape"],"picked":"Conserve Battery","floor":18},{"not_picked":["Redo","Rebound","Coolheaded"],"picked":"SKIP","floor":19},{"not_picked":["Hello World","Reprogram+1","Chaos"],"picked":"SKIP","floor":21},{"not_picked":["Compile Driver+1","Leap"],"picked":"Aggregate","floor":22},{"not_picked":["Coolheaded","Conserve Battery"],"picked":"Fusion+1","floor":23},{"not_picked":["Redo","Steam","Coolheaded"],"picked":"SKIP","floor":24},{"not_picked":["Stack+1","BootSequence"],"picked":"Barrage","floor":29},{"not_picked":["Reprogram","Doom and Gloom+1","Fission"],"picked":"SKIP","floor":30}],"player_experience":1061401,"relics_obtained":[{"floor":6,"key":"Toy Ornithopter"},{"floor":9,"key":"Pen Nib"},{"floor":10,"key":"Art of War"},{"floor":23,"key":"Oddly Smooth Stone"},{"floor":26,"key":"Letter Opener"},{"floor":28,"key":"Bag of Marbles"},{"floor":29,"key":"Frozen Egg 2"}],"event_choices":[{"damage_healed":0,"gold_gain":0,"player_choice":"Ignored","damage_taken":0,"max_hp_gain":0,"max_hp_loss":0,"event_name":"Liars Game","floor":2,"gold_loss":0},{"damage_healed":0,"gold_gain":0,"player_choice":"Grow","damage_taken":0,"max_hp_gain":0,"max_hp_loss":0,"event_name":"Living Wall","floor":12,"gold_loss":0,"cards_upgraded":["Defragment"]},{"damage_healed":0,"gold_gain":99,"player_choice":"Stole From Cult","damage_taken":0,"max_hp_gain":0,"max_hp_loss":0,"event_name":"Nest","floor":20,"gold_loss":0},{"damage_healed":0,"gold_gain":0,"cards_transformed":["Strike_B","Strike_B"],"player_choice":"Became Test Subject","damage_taken":0,"max_hp_gain":0,"max_hp_loss":0,"event_name":"Drug Dealer","floor":31,"gold_loss":0,"cards_obtained":["Capacitor","Biased Cognition"]}],"is_beta":false,"boss_relics":[{"not_picked":["FrozenCore","SacredBark"],"picked":"Inserter"}],"items_purged_floors":[],"is_endless":false,"potions_floor_spawned":[1,3,10,14,16,21,23,24],"killed_by":"Automaton","ascension_level":5}}