{"host":"3srbdas3e7jgqz5l","time":1608387860,"event":{"mods":["BaseMod","Downfall","Minty Spire (QoL Compilation)","StSLib"],"gold_per_floor":[99,99,24,44,44,77,77,110,122,47,59,59,78,125,141,237,237,237,248,348,348,361,361,361,393,393,427,145,145,163,148,164,267,267,267,267,285,313,330,343,343,377,314,352,353,453,85,97,109,109,109,137,39,39,39],"floor_reached":56,"playtime":5662,"items_purged":["Guardian:Strike_Guardian","Guardian:Strike_Guardian+1"],"score":1383,"play_id":"71fec711-1642-4fa1-9186-ff7cd09bbfb2","local_time":"20201219142420","is_ascension_mode":true,"campfire_choices":[{"floor":1,"key":"RECALL"},{"data":"Guardian:TwinSlam","floor":3,"key":"SMITH"},{"data":"Guardian:Strike_Guardian","floor":5,"key":"SMITH"},{"data":"Guardian:ExploitGems","floor":10,"key":"SMITH"},{"data":"Guardian:BronzeArmor","floor":18,"key":"SMITH"},{"floor":26,"key":"REST"},{"data":"Guardian:BaubleBeam","floor":35,"key":"SMITH"},{"data":"Guardian:PrismaticBeam","floor":54,"key":"SMITH"}],"circlet_count":0,"master_deck":["Guardian:Defend_Guardian+1","Guardian:Defend_Guardian","Guardian:Defend_Guardian+1","Guardian:Defend_Guardian+1","Guardian:CurlUp+1","Guardian:TwinSlam+1","Guardian:GemFinder+1","Guardian:ExploitGems+1","Guardian:BronzeArmor+1","Guardian:AncientConstruct","Guardian:Recover+1","Guardian:FloatingOrbs+1","Guardian:CrystalBeam+1","Guardian:WalkerClaw","Guardian:PiercingHide","Guardian:DonusPower","Guardian:PrismaticBeam+1","Guardian:PiercingHide+1","Guardian:BaubleBeam+1","Guardian:AncientConstruct","Guardian:WalkerClaw+1","Guardian:PiercingHide+1","Guardian:CrystalBeam+1","Guardian:PrismaticBeam","Guardian:WalkerClaw+1","Guardian:PiercingHide+1"],"relics":["Guardian:ModeShifter","downfall:HeartBlessingRed","Toy Ornithopter","Meat on the Bone","downfall:HeartBlessingGreen","War Paint","Astrolabe","Gambling Chip","Pantograph","downfall:RedIOU","Mummified Hand","Guardian:PickAxe","Gremlin Horn","MutagenicStrength","Coffee Dripper","Blood Vial","MawBank","downfall:HeartBlessingBlue","Ancient Tea Set","Bottled Flame","Potion Belt","Turnip","Bag of Marbles"],"acts_visited":["Exordium","TheCity","TheBeyond","TheEnding"],"potions_floor_usage":[6,22,31,42,52,55,55,55,55,55,55,55],"damage_taken":[{"damage":0,"enemies":"Jaw Worm","floor":4,"turns":3},{"damage":24,"enemies":"3 Sentries","floor":6,"turns":10},{"damage":17,"enemies":"Gremlin Nob","floor":8,"turns":5},{"damage":1,"enemies":"2 Louse","floor":9,"turns":2},{"damage":2,"enemies":"Cultist","floor":11,"turns":3},{"damage":0,"enemies":"Exordium Thugs","floor":13,"turns":3},{"damage":0,"enemies":"Large Slime","floor":15,"turns":5},{"damage":5,"enemies":"downfall:Watcher","floor":16,"turns":16},{"damage":0,"enemies":"Spheric Guardian","floor":19,"turns":3},{"damage":2,"enemies":"downfall:Ironclad","floor":20,"turns":9},{"damage":10,"enemies":"Centurion and Healer","floor":22,"turns":6},{"damage":74,"enemies":"Gremlin Leader","floor":25,"turns":10},{"damage":27,"enemies":"Slavers","floor":27,"turns":8},{"damage":0,"enemies":"downfall:FleeingMerchant","floor":28,"turns":4},{"damage":0,"enemies":"Chosen and Byrds","floor":30,"turns":4},{"damage":0,"enemies":"downfall:FleeingMerchant","floor":31,"turns":4},{"damage":3,"enemies":"Cultist and Chosen","floor":32,"turns":6},{"damage":24,"enemies":"downfall:Silent","floor":33,"turns":9},{"damage":0,"enemies":"3 Shapes","floor":37,"turns":4},{"damage":0,"enemies":"Reptomancer","floor":38,"turns":4},{"damage":0,"enemies":"3 Darklings","floor":39,"turns":4},{"damage":0,"enemies":"Spire Growth","floor":40,"turns":4},{"damage":31,"enemies":"Nemesis","floor":42,"turns":5},{"damage":0,"enemies":"Giant Head","floor":44,"turns":5},{"damage":0,"enemies":"downfall:FleeingMerchant","floor":45,"turns":3},{"damage":10,"enemies":"downfall:LadyInBlue","floor":46,"turns":4},{"damage":2,"enemies":"Writhing Mass","floor":48,"turns":6},{"damage":0,"enemies":"Transient","floor":49,"turns":5},{"damage":8,"enemies":"downfall:Ironclad","floor":50,"turns":6},{"damage":72,"enemies":"downfall:CharBossMerchant","floor":52,"turns":10},{"damage":3,"enemies":"downfall:NeowBoss","floor":55,"turns":20}],"seed_played":"-9007803780982743118","potions_obtained":[{"floor":4,"key":"Explosive Potion"},{"floor":6,"key":"Ancient Potion"},{"floor":15,"key":"Dexterity Potion"},{"floor":16,"key":"DistilledChaos"},{"floor":22,"key":"Fruit Juice"},{"floor":27,"key":"Swift Potion"},{"floor":32,"key":"Guardian:DefensiveModePotion"},{"floor":44,"key":"SneckoOil"},{"floor":46,"key":"EntropicBrew"},{"floor":46,"key":"Swift Potion"},{"floor":48,"key":"PowerPotion"}],"is_trial":false,"path_per_floor":["R","?","R","M","R","E","T","E","M","R","M","?","M","T","M","B",null,"R","M","?","?","M","?","T","E","R","E","$","?","M","$","M","B",null,"R","?","M","E","M","M","T","E","R","E","$","?","$","M","M","B",null,"E","$","R","B",null],"character_chosen":"GUARDIAN","items_purchased":["Guardian:Gem_Synthetic","Guardian:PrismaticBeam","Bottled Flame","Turnip","Guardian:PrismaticBeam","Slimebound:ThreeZeroPotion"],"campfire_rested":1,"item_purchase_floors":[28,28,45,47,47,53],"current_hp_per_floor":[80,80,80,80,80,56,56,39,50,50,48,48,48,48,48,43,80,80,80,78,78,78,78,78,16,41,26,38,38,50,55,52,53,85,85,85,85,85,85,85,85,54,64,66,68,60,60,60,62,81,95,40,40,40,95],"gold":39,"neow_bonus":"ONE_RANDOM_RARE_CARD","is_daily":false,"chose_seed":false,"campfire_upgraded":6,"win_rate":0.0,"timestamp":1608387860,"path_taken":["R","?","R","M","R","E","T","E","M","R","M","?","M","?","M","BOSS","R","M","?","?","M","?","T","E","R","E","$","?","M","$","M","BOSS","R","?","?","E","M","M","T","E","R","E","$","?","?","M","M","BOSS","E","$","R","BOSS"],"items_purchased_type":["Card","Card","Relic","Relic","Card","Potion"],"build_version":"2020-12-13","purchased_purges":2,"victory":true,"max_hp_per_floor":[80,80,80,80,80,80,80,80,80,80,80,80,80,80,80,80,80,80,80,80,80,85,85,85,85,85,85,85,85,85,85,85,85,85,85,85,85,85,85,85,85,85,95,95,95,95,95,95,95,95,95,95,95,95,95],"card_choices":[{"not_picked":["Guardian:Gem_Cyan","Guardian:Gem_Lightblue"],"picked":"Guardian:Gem_Green","floor":4},{"not_picked":["Guardian:PrimingBeam","Guardian:Gem_Yellow"],"picked":"Guardian:Gem_Lightblue","floor":4},{"not_picked":["Guardian:Gem_Lightblue","Guardian:Gem_Cyan"],"picked":"Guardian:Gem_Red","floor":6},{"not_picked":["Guardian:Incinerate","Guardian:Repulse","Guardian:TemporalStrike"],"picked":"SKIP","floor":6},{"not_picked":["Guardian:Gem_Green","Guardian:Gem_Cyan"],"picked":"Guardian:Gem_Red","floor":8},{"not_picked":["Guardian:PrimingBeam","Guardian:TimeCapacitor"],"picked":"Guardian:ExploitGems","floor":8},{"not_picked":["Guardian:Gem_Green","Guardian:Gem_Lightblue"],"picked":"Guardian:Gem_Cyan","floor":9},{"not_picked":["Guardian:SpikerProtocol","Guardian:ChargeCore","Guardian:TemporalStrike"],"picked":"SKIP","floor":9},{"not_picked":["Guardian:Gem_Red","Guardian:Gem_Green"],"picked":"Guardian:Gem_Cyan","floor":11},{"not_picked":["Guardian:BronzeOrb","Guardian:RefractedBeam","Guardian:Gem_Green"],"picked":"SKIP","floor":11},{"not_picked":["Guardian:Gem_Lightblue","Guardian:Gem_Cyan"],"picked":"Guardian:Gem_Red","floor":13},{"not_picked":["Guardian:Recover","Guardian:Repulse","Guardian:PiercingHide"],"picked":"SKIP","floor":13},{"not_picked":["Guardian:Gem_Lightblue","Guardian:Gem_Cyan"],"picked":"Guardian:Gem_Red","floor":15},{"not_picked":["Guardian:ChargeCore","Guardian:Gem_Cyan"],"picked":"Guardian:BronzeArmor","floor":15},{"not_picked":["Guardian:ConstructionForm","Guardian:GemFire"],"picked":"Guardian:AncientConstruct","floor":16},{"not_picked":["Guardian:Gem_Lightblue","Guardian:Gem_Green"],"picked":"Guardian:Gem_Cyan","floor":19},{"not_picked":["Guardian:Gem_Cyan","Guardian:Planning+1","Guardian:ShieldCharger"],"picked":"SKIP","floor":19},{"not_picked":["Guardian:MultiBeam","Guardian:ChargeCore"],"picked":"Guardian:WalkerClaw","floor":20},{"not_picked":["Guardian:Gem_Cyan","Guardian:Gem_Red"],"picked":"Guardian:Gem_Green","floor":22},{"not_picked":["Guardian:Clone","Guardian:PrimingBeam"],"picked":"Guardian:PiercingHide","floor":22},{"not_picked":["Guardian:Suspension","Guardian:TemporalShield"],"picked":"Guardian:Gem_Orange","floor":25},{"not_picked":["Guardian:PrismaticBarrier","Guardian:Gem_Lightblue"],"picked":"Guardian:DonusPower","floor":27},{"not_picked":["Guardian:Gem_Red","Guardian:WalkerClaw","Guardian:Gem_Green"],"picked":"SKIP","floor":28},{"not_picked":["Guardian:Gem_Red","Guardian:Gem_Lightblue"],"picked":"Guardian:Gem_Cyan","floor":30},{"not_picked":["Guardian:Reroute","Guardian:WalkerClaw","Guardian:PiercingHide"],"picked":"SKIP","floor":30},{"not_picked":["Guardian:PolyBeam","Guardian:Emergency"],"picked":"Guardian:PiercingHide+1","floor":31},{"not_picked":["Guardian:Incinerate+1","Guardian:Gem_Green"],"picked":"Guardian:BaubleBeam","floor":32},{"not_picked":["Guardian:Gem_Lightblue","Guardian:Gem_Green"],"picked":"Guardian:Gem_Red","floor":33},{"not_picked":["Guardian:StasisStrike","Guardian:TimeSifter"],"picked":"Guardian:AncientConstruct","floor":33},{"not_picked":["Guardian:Gem_Green","Guardian:Gem_Cyan"],"picked":"Guardian:Gem_Red","floor":37},{"not_picked":["Guardian:Harden+1","Guardian:Gem_Lightblue","Guardian:Recover"],"picked":"SKIP","floor":37},{"not_picked":["Guardian:Gem_Red","Guardian:Gem_Cyan"],"picked":"Guardian:Gem_Green","floor":38},{"not_picked":["Guardian:Recover+1","Guardian:Emergency"],"picked":"Guardian:Gem_White","floor":38},{"not_picked":["Guardian:RollAttack+1","Guardian:Gem_Red"],"picked":"Guardian:WalkerClaw+1","floor":39},{"not_picked":["Guardian:Gem_Lightblue","Guardian:Gem_Green"],"picked":"Guardian:Gem_Red","floor":39},{"not_picked":["Guardian:Gem_Lightblue","Guardian:Reroute","Guardian:Recover+1"],"picked":"SKIP","floor":40},{"not_picked":["Guardian:AncientConstruct","Guardian:BronzeOrb"],"picked":"Guardian:Gem_White","floor":42},{"not_picked":["Guardian:ShieldCharger","Guardian:Gem_Lightblue","Guardian:Gem_Green"],"picked":"SKIP","floor":44},{"not_picked":["Guardian:ChargeCore","Guardian:Gem_Green"],"picked":"Guardian:PiercingHide+1","floor":45},{"not_picked":["Guardian:HyperBeam_Guardian","Guardian:TemporalStrike+1"],"picked":"Guardian:CrystalBeam+1","floor":46},{"not_picked":["Guardian:Gem_Cyan","Guardian:Suspension"],"picked":"Guardian:WalkerClaw+1","floor":48},{"not_picked":["Guardian:Gem_Green","Guardian:Gem_Cyan"],"picked":"Guardian:Gem_Red","floor":49},{"not_picked":["Guardian:PrimingBeam","Guardian:TemporalShield"],"picked":"Guardian:PiercingHide+1","floor":49},{"not_picked":["Guardian:Gem_Yellow","Guardian:ChargeCore","Guardian:VentSteam"],"picked":"SKIP","floor":52}],"player_experience":466284,"relics_obtained":[{"floor":6,"key":"Pen Nib"},{"floor":7,"key":"Toy Ornithopter"},{"floor":8,"key":"Meat on the Bone"},{"floor":14,"key":"War Paint"},{"floor":20,"key":"Gambling Chip"},{"floor":20,"key":"Pantograph"},{"floor":24,"key":"Mummified Hand"},{"floor":25,"key":"Guardian:PickAxe"},{"floor":27,"key":"Gremlin Horn"},{"floor":38,"key":"Blood Vial"},{"floor":42,"key":"MawBank"},{"floor":44,"key":"Ancient Tea Set"},{"floor":46,"key":"Potion Belt"},{"floor":52,"key":"Bag of Marbles"}],"event_choices":[{"cards_removed":["Regret"],"damage_healed":0,"gold_gain":0,"player_choice":"Forget","damage_taken":0,"max_hp_gain":0,"max_hp_loss":0,"event_name":"Living Wall","floor":12,"gold_loss":0},{"damage_healed":0,"gold_gain":0,"player_choice":"Ignored","damage_taken":0,"max_hp_gain":0,"max_hp_loss":0,"event_name":"Ghosts","floor":23,"gold_loss":0},{"damage_healed":0,"gold_gain":0,"player_choice":"Inject Mutagens","damage_taken":0,"relics_obtained":["MutagenicStrength"],"max_hp_gain":0,"max_hp_loss":0,"event_name":"Drug Dealer","floor":29,"gold_loss":0},{"damage_healed":0,"gold_gain":0,"player_choice":"Got Potions","damage_taken":0,"max_hp_gain":0,"max_hp_loss":0,"event_name":"Lab","floor":36,"gold_loss":0}],"is_beta":false,"boss_relics":[{"not_picked":["expansioncontent:StudyCardRelic","Runic Dome"],"picked":"Astrolabe"},{"not_picked":["Sozu","Fusion Hammer"],"picked":"Coffee Dripper"}],"items_purged_floors":[28,45],"is_endless":false,"potions_floor_spawned":[4,6,15,16,19,20,22,27,30,32,39,44,48,49],"ascension_level":1}}