{"host":"xy5qih4nvxccm4rc","time":1608405707,"event":{"mods":["AchievementEnabler","BaseMod","Minty Spire (QoL Compilation)","StSLib"],"gold_per_floor":[118,129,129,79,79,79,108,108,131,131,147,0,34,45,45,143,143,154,0,360,374,374,374,406,406,432,27,27,106,140,140,140,140,140],"floor_reached":33,"playtime":1295,"items_purged":["Strike_R"],"score":463,"play_id":"627a62ae-7641-4c7b-9e17-92573b669043","local_time":"20201219132147","is_ascension_mode":true,"campfire_choices":[{"data":"Intimidate","floor":6,"key":"SMITH"},{"data":"Cleave","floor":8,"key":"SMITH"},{"data":"Bash","floor":10,"key":"SMITH"},{"data":"Immolate","floor":15,"key":"SMITH"},{"data":"Whirlwind","floor":23,"key":"SMITH"},{"floor":28,"key":"RECALL"},{"data":"RitualDagger","floor":32,"key":"SMITH"}],"circlet_count":0,"master_deck":["Strike_R+1","Strike_R","Defend_R","Defend_R","Defend_R","Bash+1","Cleave+1","Intimidate+1","Thunderclap","Dropkick","Immolate+1","Uppercut+1","Whirlwind+1","Anger","Feed","Burning Pact","Twin Strike","Carnage","Flame Barrier","RitualDagger+1"],"relics":["Burning Blood","NeowsBlessing","Gambling Chip","Art of War","Oddly Smooth Stone","Bag of Preparation","Black Star","MealTicket","Centennial Puzzle","Orichalcum","Lantern","Red Skull","Lee\u0027s Waffle","Whetstone","Mango"],"acts_visited":["Exordium","TheCity"],"potions_floor_usage":[16,24,27,33],"damage_taken":[{"damage":0,"enemies":"Jaw Worm","floor":1,"turns":1},{"damage":0,"enemies":"Small Slimes","floor":2,"turns":1},{"damage":0,"enemies":"Gremlin Nob","floor":7,"turns":1},{"damage":0,"enemies":"Cultist","floor":11,"turns":3},{"damage":20,"enemies":"3 Sentries","floor":13,"turns":4},{"damage":5,"enemies":"Looter","floor":14,"turns":2},{"damage":52,"enemies":"Slime Boss","floor":16,"turns":11},{"damage":11,"enemies":"Spheric Guardian","floor":18,"turns":3},{"damage":0,"enemies":"3 Byrds","floor":21,"turns":3},{"damage":0,"enemies":"Gremlin Leader","floor":24,"turns":3},{"damage":43,"enemies":"Book of Stabbing","floor":30,"turns":5},{"damage":76,"enemies":"Champ","floor":33,"turns":11}],"seed_played":"-5559961927234727612","potions_obtained":[{"floor":11,"key":"Swift Potion"},{"floor":13,"key":"ElixirPotion"},{"floor":16,"key":"Fire Potion"},{"floor":21,"key":"Swift Potion"},{"floor":30,"key":"Block Potion"}],"is_trial":false,"path_per_floor":["M","M","?","?","?","R","E","R","T","R","M","$","E","M","R","B",null,"M","$","?","M","?","R","E","?","T","$","R","T","E","?","R","B"],"character_chosen":"IRONCLAD","items_purchased":["Uppercut","MealTicket","Red Skull","Lee\u0027s Waffle","Fruit Juice"],"campfire_rested":0,"item_purchase_floors":[12,19,27,27,27],"current_hp_per_floor":[78,80,77,77,77,77,80,80,80,80,80,80,66,67,67,21,65,60,60,24,33,33,33,39,39,39,95,95,95,72,66,66,0,0],"gold":140,"neow_bonus":"THREE_ENEMY_KILL","is_daily":false,"chose_seed":false,"campfire_upgraded":6,"win_rate":0.0,"timestamp":1608405707,"path_taken":["M","M","?","?","?","R","E","R","T","R","?","$","E","M","R","BOSS","M","$","?","?","?","R","E","?","T","$","R","?","E","?","R","BOSS"],"items_purchased_type":["Card","Relic","Relic","Relic","Potion"],"build_version":"2020-12-13","purchased_purges":1,"victory":false,"max_hp_per_floor":[80,80,80,80,80,80,80,80,80,80,80,80,80,80,80,80,80,80,80,80,83,83,83,83,83,83,95,95,95,109,109,109,109,109],"card_choices":[{"not_picked":["Perfected Strike","Intimidate"],"picked":"Cleave","floor":1},{"not_picked":["Warcry","Dark Embrace"],"picked":"Intimidate","floor":2},{"not_picked":["Dark Embrace","Cleave"],"picked":"Dropkick","floor":7},{"not_picked":["Heavy Blade","Combust"],"picked":"Immolate","floor":11},{"not_picked":["Combust","Shrug It Off"],"picked":"Whirlwind","floor":13},{"not_picked":["Body Slam","Warcry"],"picked":"Anger","floor":14},{"not_picked":["Limit Break","Reaper"],"picked":"Feed","floor":16},{"not_picked":["Thunderclap","Cleave"],"picked":"Burning Pact","floor":18},{"not_picked":["Iron Wave","Sever Soul"],"picked":"Twin Strike","floor":21},{"not_picked":["Rampage+1","Impervious"],"picked":"Carnage","floor":24},{"not_picked":["Fiend Fire","Combust"],"picked":"Flame Barrier","floor":30}],"player_experience":311510,"relics_obtained":[{"floor":7,"key":"Art of War"},{"floor":9,"key":"Oddly Smooth Stone"},{"floor":13,"key":"Bag of Preparation"},{"floor":24,"key":"Centennial Puzzle"},{"floor":24,"key":"Orichalcum"},{"floor":26,"key":"Lantern"},{"floor":30,"key":"Whetstone"},{"floor":30,"key":"Mango"}],"event_choices":[{"damage_healed":0,"gold_gain":0,"player_choice":"Success","damage_taken":3,"relics_obtained":["Gambling Chip"],"max_hp_gain":0,"max_hp_loss":0,"event_name":"Scrap Ooze","floor":3,"gold_loss":0},{"cards_removed":["Strike_R"],"damage_healed":0,"gold_gain":0,"player_choice":"Card Removal","damage_taken":0,"max_hp_gain":0,"max_hp_loss":0,"event_name":"The Cleric","floor":4,"gold_loss":50},{"damage_healed":0,"gold_gain":0,"cards_transformed":["Strike_R"],"player_choice":"Transformed","damage_taken":0,"max_hp_gain":0,"max_hp_loss":0,"event_name":"Transmorgrifier","floor":5,"gold_loss":0,"cards_obtained":["Thunderclap"]},{"damage_healed":0,"gold_gain":360,"player_choice":"GOLD GOLD GOLD GOLD ","damage_taken":36,"max_hp_gain":0,"max_hp_loss":0,"event_name":"Knowing Skull","floor":20,"potions_obtained":[],"gold_loss":0,"cards_obtained":[]},{"cards_removed":["Defend_R"],"damage_healed":0,"gold_gain":0,"player_choice":"Elegance","damage_taken":0,"max_hp_gain":0,"max_hp_loss":0,"event_name":"Back to Basics","floor":22,"gold_loss":0},{"damage_healed":0,"gold_gain":0,"player_choice":"Ignored","damage_taken":0,"max_hp_gain":0,"max_hp_loss":0,"event_name":"Beggar","floor":25,"gold_loss":0},{"damage_healed":0,"gold_gain":0,"player_choice":"Joined the Cult","damage_taken":6,"max_hp_gain":0,"max_hp_loss":0,"event_name":"Nest","floor":31,"gold_loss":0,"cards_obtained":["RitualDagger"]}],"is_beta":false,"boss_relics":[{"not_picked":["Tiny House","Runic Cube"],"picked":"Black Star"}],"items_purged_floors":[12],"is_endless":false,"potions_floor_spawned":[11,13,16,21,30],"killed_by":"Champ","ascension_level":6}}