{"host":"lyyljzh2o9w4r18r","time":1608370643,"event":{"mods":["BaseMod","Minty Spire (QoL Compilation)","StSLib","The Druid","The Runesmith"],"gold_per_floor":[113,113,44,44,58,58,98,123,123,150,162,198,250,280,292,423,435,460,457,482,494,494],"floor_reached":21,"playtime":2096,"items_purged":[],"score":291,"play_id":"2aba03ef-2300-4e1d-8c7d-5e4402727518","local_time":"20201219183723","is_ascension_mode":false,"campfire_choices":[{"data":"Runesmith:Permafrost","floor":6.0,"key":"SMITH"},{"data":"Runesmith:MetallurgicalResearch","floor":11.0,"key":"SMITH"},{"data":"Runesmith:MakeshiftArmor","floor":15.0,"key":"SMITH"}],"circlet_count":0,"master_deck":["Runesmith:Strike_RS","Runesmith:Strike_RS","Runesmith:Strike_RS","Runesmith:Strike_RS","Runesmith:Defend_RS","Runesmith:Defend_RS","Runesmith:Defend_RS","Runesmith:Defend_RS","Runesmith:CraftFirestone","Runesmith:Fortify","Runesmith:Permafrost+1","Runesmith:CraftProtectio","Runesmith:MakeshiftArmor+1","Runesmith:Firestorm","Runesmith:MetallurgicalResearch+1","Runesmith:Malloc","Runesmith:GoWithTheFlow","Runesmith:ElementalConversion","Runesmith:PerfectChisel","Runesmith:ReplicatingBarrier","Runesmith:MakeshiftArmor","Runesmith:BackupBattery+1","Runesmith:CraftMagma"],"relics":["Runesmith:BrokenRuby","NeowsBlessing","Golden Idol","Eternal Feather","White Beast Statue","MawBank","Bag of Preparation","Black Star"],"acts_visited":["Exordium","TheCity"],"potions_floor_usage":[21,21],"damage_taken":[{"damage":0.0,"enemies":"Jaw Worm","floor":1.0,"turns":1.0},{"damage":0.0,"enemies":"Small Slimes","floor":5.0,"turns":2.0},{"damage":0.0,"enemies":"Gremlin Nob","floor":7.0,"turns":1.0},{"damage":3.0,"enemies":"Cultist","floor":8.0,"turns":5.0},{"damage":0.0,"enemies":"Exordium Thugs","floor":12.0,"turns":6.0},{"damage":0.0,"enemies":"Lagavulin","floor":13.0,"turns":9.0},{"damage":11.0,"enemies":"Gremlin Gang","floor":14.0,"turns":5.0},{"damage":0.0,"enemies":"Hexaghost","floor":16.0,"turns":10.0},{"damage":28.0,"enemies":"3 Byrds","floor":18.0,"turns":7.0},{"damage":16.0,"enemies":"2 Thieves","floor":19.0,"turns":4.0},{"damage":8.0,"enemies":"Centurion and Healer","floor":20.0,"turns":8.0},{"damage":14,"enemies":"3 Cultists","floor":21,"turns":4}],"seed_played":"-2569352883415985990","potions_obtained":[{"floor":1.0,"key":"Fire Potion"},{"floor":8.0,"key":"Strength Potion"},{"floor":12.0,"key":"SteroidPotion"},{"floor":13.0,"key":"Dexterity Potion"},{"floor":14.0,"key":"Explosive Potion"},{"floor":16.0,"key":"Block Potion"},{"floor":19.0,"key":"Block Potion"},{"floor":20.0,"key":"Energy Potion"}],"is_trial":false,"path_per_floor":["M","?","$","?","M","R","E","M","T","T","R","M","E","M","R","B",null,"M","M","M","M"],"character_chosen":"RUNESMITH_CLASS","items_purchased":["Runesmith:CraftProtectio","Runesmith:MakeshiftArmor"],"campfire_rested":0,"item_purchase_floors":[3,3],"current_hp_per_floor":[70,53,53,53,53,53,53,50,50,50,59,59,59,48,57,57,70,42,26,18,4,4],"gold":494,"neow_bonus":"THREE_ENEMY_KILL","is_daily":false,"chose_seed":false,"campfire_upgraded":3,"win_rate":0.0,"timestamp":1608370643,"path_taken":["M","?","$","?","M","R","E","?","T","?","R","M","E","M","R","BOSS","M","M","?","M"],"items_purchased_type":["Card","Card"],"build_version":"2020-12-13","purchased_purges":0,"victory":false,"max_hp_per_floor":[70,70,70,70,70,70,70,70,70,70,70,70,70,70,70,70,70,70,70,70,70,70],"card_choices":[{"not_picked":["Runesmith:GoWithTheFlow","Runesmith:HammerThrow"],"picked":"Runesmith:Permafrost","floor":1.0},{"not_picked":["Runesmith:HeatExchange","Runesmith:Retool"],"picked":"Runesmith:Firestorm","floor":5.0},{"not_picked":["Runesmith:HeatedChisel","Runesmith:Overpower"],"picked":"Runesmith:MetallurgicalResearch","floor":7.0},{"not_picked":["Runesmith:RuneHurl","Runesmith:Prism"],"picked":"Runesmith:Malloc","floor":8.0},{"not_picked":["Runesmith:Retool","Runesmith:MakeshiftArmor"],"picked":"Runesmith:GoWithTheFlow","floor":12.0},{"not_picked":["Runesmith:CraftIncendium","Runesmith:HeatedChisel"],"picked":"Runesmith:ElementalConversion","floor":13.0},{"not_picked":["Runesmith:Discharge","Runesmith:HammerTime"],"picked":"Runesmith:PerfectChisel","floor":14.0},{"not_picked":["Runesmith:UnlimitedPower","Runesmith:DuctTape"],"picked":"Runesmith:ReplicatingBarrier","floor":16.0},{"not_picked":["Runesmith:StaticCage","Runesmith:HammerThrow"],"picked":"Runesmith:MakeshiftArmor","floor":18.0},{"not_picked":["Runesmith:UnstableHammer+1","Runesmith:HeatExchange+1"],"picked":"Runesmith:BackupBattery+1","floor":19.0},{"not_picked":["Runesmith:Grindstone","Runesmith:HammerThrow"],"picked":"Runesmith:CraftMagma","floor":20.0}],"player_experience":180257,"relics_obtained":[{"floor":7.0,"key":"Eternal Feather"},{"floor":9.0,"key":"White Beast Statue"},{"floor":10.0,"key":"MawBank"},{"floor":13.0,"key":"Bag of Preparation"}],"event_choices":[{"damage_healed":0.0,"max_hp_gain":0.0,"max_hp_loss":0.0,"gold_gain":0.0,"event_name":"Golden Idol","player_choice":"Take Damage","floor":2.0,"gold_loss":0.0,"damage_taken":17.0,"relics_obtained":["Golden Idol"]},{"damage_healed":0.0,"max_hp_gain":0.0,"max_hp_loss":0.0,"gold_gain":0.0,"event_name":"NoteForYourself","player_choice":"Ignored","floor":4.0,"gold_loss":0.0,"damage_taken":0.0}],"is_beta":false,"boss_relics":[{"not_picked":["Cursed Key","Fusion Hammer"],"picked":"Black Star"}],"items_purged_floors":[],"is_endless":false,"potions_floor_spawned":[1,8,12,13,14,16,18,19,20],"killed_by":"3 Cultists","ascension_level":0}}