{"host":"q87smtchbkq9l0at","time":1608366196,"event":{"mods":["BaseMod","Colored Map","Colored Powertips","Minty Spire (QoL Compilation)","Quick Restart","StSLib","SuperFastMode"],"gold_per_floor":[109,109,127,59,76,76,111,130,154,170,170,195,195,218,218,348,348,363,363,142,158,183,183,221,221,221,260,48,72,87,0,0,120,120,135,135,4,22,38,38,62,62,88,9,28,28,28],"floor_reached":46,"playtime":1669,"items_purged":["Strike_R"],"score":513,"play_id":"725c1e6d-9544-4281-8152-87597eb1241d","local_time":"20201219162316","is_ascension_mode":true,"campfire_choices":[{"data":"Body Slam","floor":6.0,"key":"SMITH"},{"floor":13.0,"key":"REST"},{"data":"Limit Break","floor":15.0,"key":"SMITH"},{"floor":23.0,"key":"REST"},{"floor":25.0,"key":"REST"},{"floor":32.0,"key":"REST"},{"floor":40,"key":"RECALL"},{"floor":42,"key":"REST"}],"circlet_count":0,"master_deck":["Strike_R","Strike_R","Strike_R","Defend_R","Defend_R","Defend_R","Defend_R","Bash","Body Slam+1","Dropkick","Limit Break+1","Offering","Rupture","Spot Weakness","Headbutt","Brutality","CurseOfTheBell","Pummel","Entrench","True Grit+1","Combust","Heavy Blade","Exhume","Warcry","Metallicize","Corruption","Offering","Shrug It Off","Battle Trance","Deep Breath","Parasite","Seeing Red"],"relics":["Burning Blood","Pen Nib","Oddly Smooth Stone","Golden Idol","Calling Bell","PreservedInsect","Self Forming Clay","Shovel","Membership Card","Toy Ornithopter","Mercury Hourglass","Strawberry","Kunai","Black Star","Eternal Feather","Omamori","Strange Spoon"],"acts_visited":["TheCity","TheBeyond"],"potions_floor_usage":[33,38],"damage_taken":[{"damage":8.0,"enemies":"2 Louse","floor":1.0,"turns":3.0},{"damage":1.0,"enemies":"Cultist","floor":3.0,"turns":3.0},{"damage":11.0,"enemies":"Jaw Worm","floor":5.0,"turns":3.0},{"damage":12.0,"enemies":"Gremlin Nob","floor":7.0,"turns":3.0},{"damage":10.0,"enemies":"Large Slime","floor":8.0,"turns":5.0},{"damage":22.0,"enemies":"Lots of Slimes","floor":10.0,"turns":4.0},{"damage":6.0,"enemies":"Blue Slaver","floor":12.0,"turns":2.0},{"damage":0.0,"enemies":"Large Slime","floor":14.0,"turns":8.0},{"damage":41.0,"enemies":"Slime Boss","floor":16.0,"turns":8.0},{"damage":26.0,"enemies":"Spheric Guardian","floor":18.0,"turns":4.0},{"damage":4.0,"enemies":"Chosen","floor":21.0,"turns":3.0},{"damage":44.0,"enemies":"Snake Plant","floor":22.0,"turns":6.0},{"damage":31.0,"enemies":"Slavers","floor":24.0,"turns":4.0},{"damage":33.0,"enemies":"Gremlin Leader","floor":27.0,"turns":5.0},{"damage":22.0,"enemies":"Centurion and Healer","floor":29.0,"turns":6.0},{"damage":22.0,"enemies":"Snecko","floor":30.0,"turns":5.0},{"damage":51,"enemies":"Champ","floor":33,"turns":8},{"damage":38,"enemies":"Orb Walker","floor":35,"turns":4},{"damage":50,"enemies":"3 Darklings","floor":38,"turns":6},{"damage":23,"enemies":"Writhing Mass","floor":39,"turns":5},{"damage":21,"enemies":"Spire Growth","floor":41,"turns":4},{"damage":59,"enemies":"Transient","floor":45,"turns":5},{"damage":35,"enemies":"Jaw Worm Horde","floor":46,"turns":2}],"seed_played":"-6955729686969511453","potions_obtained":[{"floor":3.0,"key":"EntropicBrew"},{"floor":8.0,"key":"SkillPotion"},{"floor":12.0,"key":"Energy Potion"},{"floor":14.0,"key":"LiquidBronze"},{"floor":19.0,"key":"FearPotion"},{"floor":19.0,"key":"EntropicBrew"},{"floor":19.0,"key":"SpeedPotion"},{"floor":21.0,"key":"Energy Potion"},{"floor":29.0,"key":"DistilledChaos"},{"floor":35,"key":"BlessingOfTheForge"},{"floor":38,"key":"FairyPotion"},{"floor":41,"key":"Block Potion"}],"is_trial":false,"path_per_floor":["M","?","M","$","M","R","E","M","T","M","?","M","R","M","R","B",null,"M","?","$","M","M","R","E","R","T","E","$","M","M","?","R","B",null,"M","?","$","M","M","R","M","R","T","$","M","M"],"character_chosen":"IRONCLAD","items_purchased":["Limit Break","Entrench","Membership Card","Kunai","PowerPotion","Warcry","Metallicize","Shrug It Off","Battle Trance","Regen Potion","Deep Breath","Strange Spoon"],"campfire_rested":5,"item_purchase_floors":[4,20,20,28,28,28,28,37,37,37,37,44],"current_hp_per_floor":[78,78,80,80,75,75,69,65,65,49,29,29,53,59,59,24,80,60,60,60,62,24,48,39,63,63,43,43,27,16,16,42,31,87,55,55,55,31,14,32,17,61,61,61,8,0,0],"gold":28,"neow_bonus":"RANDOM_COMMON_RELIC","is_daily":false,"chose_seed":false,"campfire_upgraded":2,"win_rate":0.0,"timestamp":1608366196,"path_taken":["M","?","?","$","M","R","E","?","T","M","?","M","R","M","R","BOSS","M","?","$","?","M","R","E","R","T","E","$","?","M","?","R","BOSS","M","?","?","?","M","R","?","R","T","?","M","M"],"items_purchased_type":["Card","Card","Relic","Relic","Potion","Card","Card","Card","Card","Potion","Card","Relic"],"build_version":"2020-12-13","purchased_purges":1,"victory":false,"max_hp_per_floor":[80,80,80,80,80,80,80,80,80,80,80,80,80,80,80,80,80,80,80,80,80,80,80,80,80,80,87,87,87,87,87,87,87,87,87,87,87,87,87,87,87,87,87,87,87,87,87],"card_choices":[{"not_picked":["Wild Strike","Infernal Blade"],"picked":"Body Slam","floor":1.0},{"not_picked":["True Grit","Sword Boomerang"],"picked":"Dropkick","floor":3.0},{"not_picked":["Rampage","Sword Boomerang"],"picked":"Offering","floor":5.0},{"not_picked":["Armaments","Iron Wave"],"picked":"Rupture","floor":7.0},{"not_picked":["Perfected Strike","Flex"],"picked":"Spot Weakness","floor":8.0},{"not_picked":["Armaments","Infernal Blade","Body Slam"],"picked":"SKIP","floor":10.0},{"not_picked":["Iron Wave","Searing Blow","Body Slam"],"picked":"SKIP","floor":12.0},{"not_picked":["True Grit","Disarm"],"picked":"Headbutt","floor":14.0},{"not_picked":["Juggernaut","Limit Break"],"picked":"Brutality","floor":16.0},{"not_picked":["Spot Weakness+1","Body Slam"],"picked":"Pummel","floor":18.0},{"not_picked":["Iron Wave","Headbutt"],"picked":"True Grit+1","floor":21.0},{"not_picked":["Dropkick+1","Sever Soul"],"picked":"Combust","floor":22.0},{"not_picked":["Thunderclap","Uppercut"],"picked":"Heavy Blade","floor":24.0},{"not_picked":["Evolve","Spot Weakness"],"picked":"Exhume","floor":27.0},{"not_picked":["Warcry","Clothesline+1","Sword Boomerang"],"picked":"SKIP","floor":29.0},{"not_picked":["Body Slam+1","Sword Boomerang+1"],"picked":"Corruption","floor":30.0},{"not_picked":["Double Tap","Exhume"],"picked":"Offering","floor":33},{"not_picked":["Flex","Havoc+1","Rage"],"picked":"SKIP","floor":35},{"not_picked":["Evolve+1","Sever Soul","Pommel Strike"],"picked":"SKIP","floor":38},{"not_picked":["Flex+1","Sword Boomerang+1","Iron Wave+1"],"picked":"SKIP","floor":39},{"not_picked":["Headbutt","Iron Wave+1"],"picked":"Seeing Red","floor":41},{"not_picked":["Warcry","Body Slam","Armaments"],"picked":"SKIP","floor":45}],"player_experience":41083,"relics_obtained":[{"floor":7.0,"key":"Oddly Smooth Stone"},{"floor":17.0,"key":"PreservedInsect"},{"floor":17.0,"key":"Self Forming Clay"},{"floor":17.0,"key":"Shovel"},{"floor":24.0,"key":"Toy Ornithopter"},{"floor":26.0,"key":"Mercury Hourglass"},{"floor":27.0,"key":"Strawberry"},{"floor":43,"key":"Omamori"}],"event_choices":[{"cards_removed":["Strike_R"],"damage_healed":0.0,"max_hp_gain":0.0,"max_hp_loss":0.0,"gold_gain":0.0,"event_name":"Purifier","player_choice":"Purged","floor":2.0,"gold_loss":0.0,"damage_taken":0.0},{"damage_healed":0.0,"max_hp_gain":0.0,"max_hp_loss":0.0,"gold_gain":0.0,"event_name":"Golden Idol","player_choice":"Take Damage","floor":11.0,"gold_loss":0.0,"damage_taken":20.0,"relics_obtained":["Golden Idol"]},{"damage_healed":0.0,"max_hp_gain":0.0,"max_hp_loss":0.0,"gold_gain":0.0,"event_name":"Lab","player_choice":"Got Potions","floor":19.0,"gold_loss":0.0,"damage_taken":0.0},{"damage_healed":0.0,"max_hp_gain":0.0,"max_hp_loss":0.0,"gold_gain":0.0,"event_name":"Masked Bandits","player_choice":"Paid Fearfully","floor":31.0,"gold_loss":87.0,"damage_taken":0.0},{"damage_healed":0,"gold_gain":0,"player_choice":"Gave Potion","damage_taken":0,"relics_obtained":["Eternal Feather"],"max_hp_gain":0,"max_hp_loss":0,"event_name":"WeMeetAgain","floor":36,"gold_loss":0}],"is_beta":false,"boss_relics":[{"not_picked":["Runic Dome","Empty Cage"],"picked":"Calling Bell"},{"not_picked":["Fusion Hammer","Philosopher\u0027s Stone"],"picked":"Black Star"}],"items_purged_floors":[20],"is_endless":false,"potions_floor_spawned":[3,8,12,14,21,22,29,35,38,41],"killed_by":"Jaw Worm Horde","ascension_level":1}}