{"host":"v4s5k3c6jywmeofl","time":1608411653,"event":{"mods":["Act Like it!","BaseMod","Colored Map","Downfall","Gensokyo","Hallownest","Hermit","Marisa????????","Minty Spire (QoL Compilation)","Quick Restart","Random Character Button","Rare Cards Sparkle","Replay The Spire","StSLib","The Animator","The Bug Knight","The Cursed","The Hierophant","The Servant 0.9.4"],"gold_per_floor":[213,213,231,127,127,160,177,210,210,229,229,274,274],"floor_reached":12,"playtime":870,"items_purged":[],"score":88,"play_id":"59fd68f1-1e67-4595-ac21-367a0d6a4d2c","local_time":"20201219160053","is_ascension_mode":false,"campfire_choices":[],"circlet_count":0,"master_deck":["Strike_S","Strike_S","Strike_S","Strike_S","Defend_S","Defend_S","Defend_S","Defend_S","KidneyShot","Exchange","InstantArmor","SilverBlades","Rearm","Starlight","Injury","BestPractice","Starlight","TimeWarp","ReturningBlade","Voices"],"relics":["Uniform","Gensokyo:CelestialsFlawlessClothing","Kunai","Blue Doll","Chameleon Ring","ReplayTheSpireMod:Ring of Exchange","ReplayTheSpireMod:Ring of Challenge"],"acts_visited":["Gensokyo:Gensokyo"],"potions_floor_usage":[12],"damage_taken":[{"damage":0,"enemies":"Gensokyo:3_Fairies","floor":1,"turns":4},{"damage":3,"enemies":"Gensokyo:Python","floor":3,"turns":3},{"damage":37,"enemies":"Gensokyo:Aya","floor":6,"turns":9},{"damage":9,"enemies":"Gensokyo:Gryphon","floor":7,"turns":6},{"damage":12,"enemies":"Gensokyo:Mamizou","floor":8,"turns":7},{"damage":7,"enemies":"Gensokyo:CorruptedTreant","floor":10,"turns":3},{"damage":120,"enemies":"Gensokyo:Aya","floor":12,"turns":8}],"seed_played":"2300256678333041116","potions_obtained":[{"floor":1,"key":"SkillPotion"},{"floor":7,"key":"Swift Potion"}],"is_trial":false,"path_per_floor":["M","?","M","$","?","E","M","E","T","M","?","E"],"character_chosen":"THE_SERVANT","items_purchased":["Rearm","Starlight"],"campfire_rested":0,"item_purchase_floors":[4,4],"current_hp_per_floor":[65,49,46,46,46,9,65,53,53,46,46,0,0],"gold":274,"neow_bonus":"HUNDRED_GOLD","is_daily":false,"chose_seed":false,"campfire_upgraded":0,"win_rate":0.0,"timestamp":1608411653,"path_taken":["M","?","M","$","?","E","M","E","T","M","?","E"],"items_purchased_type":["Card","Card"],"build_version":"2020-12-13","purchased_purges":0,"victory":false,"max_hp_per_floor":[65,65,65,65,65,65,65,65,65,65,65,65,65],"card_choices":[{"not_picked":["Barrier","SurpressingFire"],"picked":"InstantArmor","floor":1},{"not_picked":["Rearm","Collapse"],"picked":"SilverBlades","floor":3},{"not_picked":["Gouge","WasteNot"],"picked":"BestPractice","floor":6},{"not_picked":["Defy","ShatteredReality"],"picked":"Starlight","floor":7},{"not_picked":["StarChef","MoonPhase"],"picked":"TimeWarp","floor":8},{"not_picked":["Starlight","Shuttle"],"picked":"ReturningBlade","floor":10}],"player_experience":86969,"relics_obtained":[{"floor":6,"key":"Blue Doll"},{"floor":8,"key":"Chameleon Ring"},{"floor":11,"key":"ReplayTheSpireMod:Ring of Exchange"},{"floor":11,"key":"ReplayTheSpireMod:Ring of Challenge"}],"event_choices":[],"is_beta":false,"boss_relics":[],"items_purged_floors":[],"is_endless":false,"potions_floor_spawned":[1,7],"killed_by":"Gensokyo:Aya","ascension_level":0}}