{"host":"a5lz0e76zb3fcwkm","time":1608381804,"event":{"mods":["AchievementEnabler","BaseMod","Colored Map","Colored Powertips","Minty Spire (QoL Compilation)","StSLib","SuperFastMode"],"gold_per_floor":[117,132,207,224,224,258,258,258,258],"floor_reached":8,"playtime":196,"items_purged":[],"score":112,"play_id":"ebf2e83c-6cd6-41d9-a38d-23342c67db55","local_time":"20201219214324","is_ascension_mode":true,"campfire_choices":[{"data":"1","floor":7,"key":"LIFT"}],"circlet_count":0,"master_deck":["AscendersBane","Strike_R","Strike_R","Strike_R","Defend_R","Defend_R","Defend_R","Bash","Dark Embrace","Spot Weakness","Shockwave","Heavy Blade","Shrug It Off"],"relics":["Burning Blood","Girya"],"acts_visited":["Exordium"],"potions_floor_usage":[6,6,6],"damage_taken":[{"damage":12.0,"enemies":"Small Slimes","floor":1.0,"turns":4.0},{"damage":6.0,"enemies":"2 Louse","floor":2.0,"turns":4.0},{"damage":14.0,"enemies":"Jaw Worm","floor":4.0,"turns":5.0},{"damage":14,"enemies":"3 Sentries","floor":6,"turns":7},{"damage":35,"enemies":"Lagavulin","floor":8,"turns":7}],"seed_played":"-6191314025552156642","potions_obtained":[{"floor":1.0,"key":"SmokeBomb"},{"floor":2.0,"key":"EntropicBrew"},{"floor":6,"key":"Block Potion"}],"is_trial":false,"path_per_floor":["M","M","?","M","?","E","R","E"],"character_chosen":"IRONCLAD","items_purchased":[],"campfire_rested":0,"item_purchase_floors":[],"current_hp_per_floor":[44,44,33,25,25,17,17,0,0],"gold":258,"neow_bonus":"TRANSFORM_TWO_CARDS","is_daily":false,"chose_seed":false,"campfire_upgraded":0,"win_rate":0.0,"timestamp":1608381804,"path_taken":["M","M","?","M","?","E","R","E"],"items_purchased_type":[],"build_version":"2020-12-13","purchased_purges":0,"victory":false,"max_hp_per_floor":[75,75,75,75,75,75,75,75,75],"card_choices":[{"not_picked":["Dark Embrace","Inflame"],"picked":"Shockwave","floor":1.0},{"not_picked":["Twin Strike","Dropkick"],"picked":"Heavy Blade","floor":2.0},{"not_picked":["Uppercut","Heavy Blade","Dark Embrace"],"picked":"SKIP","floor":4.0},{"not_picked":["Pommel Strike","Warcry"],"picked":"Shrug It Off","floor":6}],"player_experience":1612282,"relics_obtained":[{"floor":6,"key":"Girya"}],"event_choices":[{"damage_healed":0.0,"max_hp_gain":0.0,"max_hp_loss":0.0,"gold_gain":75.0,"event_name":"World of Goop","player_choice":"Gather Gold","floor":3.0,"gold_loss":0.0,"damage_taken":11.0},{"cards_removed":["Strike_R"],"damage_healed":0,"gold_gain":0,"player_choice":"Forget","damage_taken":0,"max_hp_gain":0,"max_hp_loss":0,"event_name":"Living Wall","floor":5,"gold_loss":0}],"is_beta":false,"boss_relics":[],"items_purged_floors":[],"is_endless":false,"potions_floor_spawned":[1,2,6],"killed_by":"Lagavulin","ascension_level":20}}