{"host":"12piqfhmdln9x2la","time":1608398141,"event":{"mods":["2.2 Compatiblity","AchievementEnabler","BaseMod","BetterRewards","Colored Powertips","Minty Spire (QoL Compilation)","Quick Restart","SuperFastMode"],"gold_per_floor":[116,416,416,431,451,479,479,479,479,492,492,492,505,532,532,532,532],"floor_reached":16,"playtime":220,"items_purged":[],"score":110,"play_id":"52ae8046-0991-45f8-bd24-6a3091f9ec53","local_time":"20201220021541","is_ascension_mode":false,"campfire_choices":[{"data":"Genetic Algorithm","floor":15,"key":"SMITH"}],"circlet_count":0,"master_deck":["Strike_B","Strike_B","Strike_B","Defend_B","Defend_B","Defend_B","Defend_B","Zap","Dualcast","Compile Driver","Redo","Sunder","Genetic Algorithm+1","Ball Lightning","Parasite","Auto Shields","Turbo"],"relics":["Cracked Core","NeowsBlessing","Old Coin","Blood Vial","Vajra","Darkstone Periapt","PreservedInsect"],"acts_visited":["Exordium"],"potions_floor_usage":[6,16],"damage_taken":[{"damage":0,"enemies":"Jaw Worm","floor":1,"turns":1},{"damage":0,"enemies":"Cultist","floor":4,"turns":1},{"damage":0,"enemies":"2 Louse","floor":5,"turns":1},{"damage":49,"enemies":"Lagavulin","floor":6,"turns":6},{"damage":15,"enemies":"Large Slime","floor":10,"turns":4},{"damage":8,"enemies":"Red Slaver","floor":13,"turns":3},{"damage":35,"enemies":"Gremlin Nob","floor":14,"turns":4},{"damage":46,"enemies":"The Guardian","floor":16,"turns":7}],"seed_played":"6764508714650373916","potions_obtained":[{"floor":4,"key":"PowerPotion"},{"floor":10,"key":"SkillPotion"}],"is_trial":false,"path_per_floor":["M","?","?","M","M","E","?","?","T","M","?","?","M","E","R","B"],"character_chosen":"DEFECT","items_purchased":[],"campfire_rested":0,"item_purchase_floors":[],"current_hp_per_floor":[75,75,75,75,75,26,14,14,14,1,25,81,73,40,40,0,0],"gold":532,"neow_bonus":"THREE_ENEMY_KILL","is_daily":false,"chose_seed":false,"campfire_upgraded":1,"win_rate":0.0,"timestamp":1608398141,"path_taken":["M","?","?","?","M","E","?","?","T","?","?","?","M","E","R","BOSS"],"items_purchased_type":[],"build_version":"2020-12-13","purchased_purges":0,"victory":false,"max_hp_per_floor":[75,75,75,75,75,75,75,75,75,75,81,81,81,81,81,81,81],"card_choices":[{"not_picked":["Sweeping Beam","Cold Snap"],"picked":"Compile Driver","floor":1},{"not_picked":["Cold Snap","Leap"],"picked":"Redo","floor":4},{"not_picked":["Compile Driver","Leap"],"picked":"Sunder","floor":5},{"not_picked":["BootSequence","Reprogram"],"picked":"Genetic Algorithm","floor":6},{"not_picked":["Skim","Turbo"],"picked":"Ball Lightning","floor":10},{"not_picked":["Lockon","Compile Driver"],"picked":"Auto Shields","floor":13},{"not_picked":["Stack","Sweeping Beam"],"picked":"Turbo","floor":14}],"player_experience":105362,"relics_obtained":[{"floor":6,"key":"Blood Vial"},{"floor":9,"key":"Darkstone Periapt"},{"floor":14,"key":"PreservedInsect"}],"event_choices":[{"damage_healed":0,"gold_gain":0,"player_choice":"Box","damage_taken":0,"relics_obtained":["Old Coin"],"max_hp_gain":0,"max_hp_loss":0,"event_name":"Big Fish","floor":2,"gold_loss":0,"cards_obtained":["Regret"]},{"cards_removed":["Regret"],"damage_healed":0,"gold_gain":0,"player_choice":"Removed Curses","damage_taken":0,"max_hp_gain":0,"max_hp_loss":0,"event_name":"Fountain of Cleansing","floor":3,"gold_loss":0},{"damage_healed":0,"gold_gain":0,"player_choice":"Success","damage_taken":12,"relics_obtained":["Vajra"],"max_hp_gain":0,"max_hp_loss":0,"event_name":"Scrap Ooze","floor":7,"gold_loss":0},{"cards_removed":["Strike_B"],"damage_healed":0,"gold_gain":0,"player_choice":"Purged","damage_taken":0,"max_hp_gain":0,"max_hp_loss":0,"event_name":"Purifier","floor":8,"gold_loss":0},{"damage_healed":18,"gold_gain":0,"player_choice":"Healed and dodged fight","damage_taken":0,"max_hp_gain":0,"max_hp_loss":0,"event_name":"Mushrooms","floor":11,"gold_loss":0,"cards_obtained":["Parasite"]},{"damage_healed":56,"gold_gain":0,"player_choice":"Full Heal","damage_taken":0,"max_hp_gain":0,"max_hp_loss":0,"event_name":"Wheel of Change","floor":12,"gold_loss":0}],"is_beta":false,"boss_relics":[],"items_purged_floors":[],"is_endless":false,"potions_floor_spawned":[4,10],"killed_by":"The Guardian","ascension_level":0}}