{"host":"26mrfot5w7uj2ebc","time":1608371884,"event":{"mods":["AchievementEnabler","BaseMod","Colored Map","Minty Spire (QoL Compilation)"],"gold_per_floor":[115,127,147,157,170,170,195,195,221,237,254,271,297,297,297,398,398,434,449,64,64,64,64,89,89,89],"floor_reached":25,"playtime":1142,"items_purged":["Defend_P"],"score":237,"play_id":"4b8c9b19-f336-4352-8303-f8eb6c325afb","local_time":"20201219185804","is_ascension_mode":false,"campfire_choices":[{"data":"Vigilance","floor":6.0,"key":"SMITH"},{"floor":8.0,"key":"RECALL"},{"floor":15,"key":"REST"},{"floor":23,"key":"REST"}],"circlet_count":0,"master_deck":["Strike_P","Strike_P","Strike_P","Strike_P","Defend_P+1","Defend_P","Defend_P","Eruption","Vigilance+1","Crescendo","FollowUp","SignatureMove","FollowUp+1","BowlingBash","Indignation","Worship","ForeignInfluence","Wish","ThirdEye+1","ForeignInfluence","LessonLearned","Evaluate","Conclude","J.A.X.+1","SandsOfTime+1","PathToVictory"],"relics":["Snecko Eye","Sundial","Dream Catcher","Omamori","Cursed Key","Du-Vu Doll","War Paint"],"acts_visited":["Exordium","TheCity"],"potions_floor_usage":[13,16,19,21,25],"damage_taken":[{"damage":0.0,"enemies":"Cultist","floor":1.0,"turns":2.0},{"damage":2.0,"enemies":"Small Slimes","floor":2.0,"turns":3.0},{"damage":0.0,"enemies":"2 Louse","floor":3.0,"turns":1.0},{"damage":1.0,"enemies":"Exordium Wildlife","floor":4.0,"turns":2.0},{"damage":4.0,"enemies":"Blue Slaver","floor":5.0,"turns":2.0},{"damage":15.0,"enemies":"3 Sentries","floor":7.0,"turns":4.0},{"damage":0.0,"enemies":"Large Slime","floor":10.0,"turns":3.0},{"damage":0.0,"enemies":"2 Fungi Beasts","floor":11.0,"turns":2.0},{"damage":0.0,"enemies":"3 Louse","floor":12.0,"turns":2.0},{"damage":35,"enemies":"Lagavulin","floor":13,"turns":3},{"damage":24,"enemies":"Hexaghost","floor":16,"turns":5},{"damage":0,"enemies":"Chosen","floor":18,"turns":3},{"damage":17,"enemies":"2 Thieves","floor":19,"turns":4},{"damage":0,"enemies":"Centurion and Healer","floor":21,"turns":1},{"damage":37,"enemies":"Gremlin Leader","floor":24,"turns":4},{"damage":48,"enemies":"Snake Plant","floor":25,"turns":3}],"seed_played":"3337724692125294272","potions_obtained":[{"floor":3.0,"key":"SpeedPotion"},{"floor":4.0,"key":"SneckoOil"},{"floor":7.0,"key":"SneckoOil"},{"floor":10.0,"key":"Explosive Potion"},{"floor":13,"key":"SmokeBomb"},{"floor":24,"key":"Block Potion"}],"is_trial":false,"path_per_floor":["M","M","M","M","M","R","E","R","T","M","M","M","E","?","R","B",null,"M","M","$","M","?","R","E","M"],"character_chosen":"WATCHER","items_purchased":["Du-Vu Doll"],"campfire_rested":2,"item_purchase_floors":[20],"current_hp_per_floor":[72,70,70,69,65,65,50,50,50,50,50,50,15,15,36,12,72,72,55,55,55,55,72,35,0,0],"gold":89,"neow_bonus":"BOSS_RELIC","is_daily":false,"chose_seed":false,"campfire_upgraded":1,"win_rate":0.0,"timestamp":1608371884,"path_taken":["M","M","M","M","M","R","E","R","T","?","M","M","E","?","R","BOSS","M","M","$","M","?","R","E","M"],"items_purchased_type":["Relic"],"build_version":"2020-12-13","purchased_purges":1,"victory":false,"max_hp_per_floor":[72,72,72,72,72,72,72,72,72,72,72,72,72,72,72,72,72,72,72,72,72,72,72,72,72,72],"card_choices":[{"not_picked":["ClearTheMind","InnerPeace"],"picked":"Crescendo","floor":1.0},{"not_picked":["PathToVictory","Collect"],"picked":"FollowUp","floor":2.0},{"not_picked":["Evaluate","Protect"],"picked":"SignatureMove","floor":3.0},{"not_picked":["SignatureMove","JustLucky"],"picked":"FollowUp","floor":4.0},{"not_picked":["Pray","Halt"],"picked":"BowlingBash","floor":5.0},{"not_picked":["ClearTheMind","Devotion"],"picked":"Omniscience","floor":7.0},{"not_picked":["LikeWater","CutThroughFate"],"picked":"Indignation","floor":10.0},{"not_picked":["Halt","EmptyFist"],"picked":"Worship","floor":11.0},{"not_picked":["CrushJoints","CarveReality"],"picked":"ForeignInfluence","floor":12.0},{"not_picked":["DeceiveReality","BowlingBash"],"picked":"Wish","floor":13},{"not_picked":["PathToVictory","CarveReality"],"picked":"ForeignInfluence","floor":15},{"not_picked":["Brilliance","SpiritShield"],"picked":"LessonLearned","floor":16},{"not_picked":["PathToVictory","JustLucky+1"],"picked":"Evaluate","floor":18},{"not_picked":["Halt","ClearTheMind+1"],"picked":"Conclude","floor":19},{"not_picked":["FlurryOfBlows+1","Weave"],"picked":"SandsOfTime+1","floor":23},{"not_picked":["LikeWater","Weave"],"picked":"PathToVictory","floor":24}],"player_experience":178678,"relics_obtained":[{"floor":7.0,"key":"Sundial"},{"floor":9.0,"key":"Dream Catcher"},{"floor":13,"key":"Omamori"},{"floor":24,"key":"War Paint"}],"event_choices":[{"cards_removed":["Omniscience"],"damage_healed":0,"gold_gain":0,"player_choice":"Took Card","damage_taken":0,"max_hp_gain":0,"max_hp_loss":0,"event_name":"NoteForYourself","floor":14,"gold_loss":0,"cards_obtained":["ThirdEye"]},{"damage_healed":0,"gold_gain":0,"player_choice":"Obtain J.A.X.","damage_taken":0,"max_hp_gain":0,"max_hp_loss":0,"event_name":"Drug Dealer","floor":22,"gold_loss":0,"cards_obtained":["J.A.X."]}],"is_beta":false,"boss_relics":[{"not_picked":["Fusion Hammer","SacredBark"],"picked":"Cursed Key"}],"items_purged_floors":[20],"is_endless":false,"potions_floor_spawned":[3,4,7,10,13,24],"killed_by":"Snake Plant","ascension_level":0}}