{"host":"kpyoctgc7jne3jiy","time":1608384477,"event":{"mods":["AchievementEnabler","BaseMod","Minty Spire (QoL Compilation)"],"gold_per_floor":[114,114,47,62,77,77,120,120,120,135,165,15,45,60,60,160,160,175,129,144,159,174,174,204,303,303,333,348,348,378,393,393,493,493,508,523,523,523,538,538,568,583,583,613,613,130,160,175,175,175],"floor_reached":51,"playtime":5289,"items_purged":[],"score":957,"play_id":"cf804376-0b07-4e83-9f54-efad488b2c43","local_time":"20201219142757","daily_mods":["Draft","Uncertain Future","Elite Swarm"],"is_ascension_mode":false,"campfire_choices":[{"data":"Armaments","floor":6.0,"key":"SMITH"},{"data":"Shockwave","floor":8.0,"key":"SMITH"},{"data":"Barricade","floor":15,"key":"SMITH"},{"data":"Seeing Red","floor":23,"key":"SMITH"},{"data":"Armaments","floor":29,"key":"SMITH"},{"data":"Double Tap","floor":32,"key":"SMITH"},{"data":"Body Slam","floor":40,"key":"SMITH"},{"data":"Offering","floor":49,"key":"SMITH"}],"circlet_count":0,"master_deck":["Body Slam+1","Rampage","Power Through","Thunderclap","Cleave","Clothesline","Pommel Strike","Clash","Pummel","Shockwave+1","Clash","Power Through","Armaments+1","Pommel Strike","Iron Wave","Inflame","Shrug It Off+1","Armaments+1","Barricade+1","Feed","Metallicize","Demon Form","Flex+1","Seeing Red+1","Reaper","Impervious","Double Tap+1","Offering+1","CurseOfTheBell","Disarm+1","Exhume","Limit Break","Flame Barrier","Infernal Blade"],"relics":["Burning Blood","Calipers","Incense Burner","Vajra","Nunchaku","Bottled Flame","SlaversCollar","Potion Belt","Shuriken","War Paint","Oddly Smooth Stone","Calling Bell","Akabeko","White Beast Statue","Turnip","InkBottle","Frozen Egg 2","The Courier","Lizard Tail","Cauldron","Bird Faced Urn"],"acts_visited":["Exordium","TheCity","TheBeyond"],"potions_floor_usage":[10,16,22,36,44,44,50,50,50,50,50],"damage_taken":[{"damage":0.0,"enemies":"Small Slimes","floor":1.0,"turns":2.0},{"damage":1.0,"enemies":"2 Louse","floor":4.0,"turns":2.0},{"damage":6.0,"enemies":"Jaw Worm","floor":5.0,"turns":2.0},{"damage":9.0,"enemies":"Lagavulin Event","floor":7.0,"turns":5.0},{"damage":4,"enemies":"Gremlin Gang","floor":10,"turns":3},{"damage":0,"enemies":"Gremlin Nob","floor":11,"turns":2},{"damage":0,"enemies":"3 Sentries","floor":13,"turns":3},{"damage":0,"enemies":"Blue Slaver","floor":14,"turns":3},{"damage":0,"enemies":"Slime Boss","floor":16,"turns":8},{"damage":11,"enemies":"Spheric Guardian","floor":18,"turns":6},{"damage":26,"enemies":"2 Thieves","floor":20,"turns":4},{"damage":17,"enemies":"Snake Plant","floor":21,"turns":4},{"damage":12,"enemies":"Centurion and Healer","floor":22,"turns":7},{"damage":28,"enemies":"Slavers","floor":24,"turns":3},{"damage":19,"enemies":"Gremlin Leader","floor":27,"turns":5},{"damage":11,"enemies":"3 Cultists","floor":28,"turns":5},{"damage":8,"enemies":"Slavers","floor":30,"turns":6},{"damage":13,"enemies":"Sentry and Sphere","floor":31,"turns":5},{"damage":0,"enemies":"Champ","floor":33,"turns":8},{"damage":18,"enemies":"3 Shapes","floor":35,"turns":7},{"damage":19,"enemies":"Orb Walker","floor":36,"turns":8},{"damage":16,"enemies":"4 Shapes","floor":39,"turns":10},{"damage":15,"enemies":"Giant Head","floor":41,"turns":9},{"damage":6,"enemies":"Maw","floor":42,"turns":9},{"damage":46,"enemies":"Reptomancer","floor":44,"turns":4},{"damage":32,"enemies":"Giant Head","floor":47,"turns":10},{"damage":2,"enemies":"Spire Growth","floor":48,"turns":4},{"damage":38,"enemies":"Awakened One","floor":50,"turns":8}],"seed_played":"-2908382401684788831","potions_obtained":[{"floor":4.0,"key":"Explosive Potion"},{"floor":10,"key":"SmokeBomb"},{"floor":13,"key":"Swift Potion"},{"floor":14,"key":"Explosive Potion"},{"floor":20,"key":"ElixirPotion"},{"floor":21,"key":"FairyPotion"},{"floor":30,"key":"BloodPotion"},{"floor":33,"key":"EssenceOfSteel"},{"floor":35,"key":"Ancient Potion"},{"floor":36,"key":"ElixirPotion"},{"floor":39,"key":"Weak Potion"},{"floor":42,"key":"ColorlessPotion"},{"floor":44,"key":"BloodPotion"},{"floor":46,"key":"EntropicBrew"},{"floor":46,"key":"CultistPotion"}],"is_trial":false,"path_per_floor":["M","?","$","M","M","R","?","R","T","M","E","$","E","M","R","B",null,"M","$","M","M","M","R","E","?","T","E","M","R","E","M","R","B",null,"M","M","?","?","M","R","E","M","T","E","?","$","E","M","R","B",null],"character_chosen":"IRONCLAD","items_purchased":["Inflame","Nunchaku","Flex","Lizard Tail","Flame Barrier","Infernal Blade","Cauldron"],"campfire_rested":0,"item_purchase_floors":[3,12,19,46,46,46,46],"current_hp_per_floor":[80,80,80,80,80,80,77,77,77,79,80,80,80,80,80,80,80,75,75,55,48,45,45,26,26,26,37,56,56,87,80,80,93,93,92,83,83,83,101,101,101,101,101,67,67,67,84,92,92,104],"gold":175,"neow_bonus":"","is_daily":true,"chose_seed":false,"campfire_upgraded":8,"win_rate":0.0,"timestamp":1608384477,"path_taken":["M","?","$","M","M","R","?","R","T","M","E","?","E","M","R","BOSS","M","$","?","?","M","R","E","?","T","E","M","R","E","M","R","BOSS","M","M","?","?","M","R","E","M","T","E","?","$","E","M","R","BOSS"],"items_purchased_type":["Card","Relic","Card","Relic","Card","Card","Relic"],"build_version":"2020-12-13","purchased_purges":0,"victory":true,"max_hp_per_floor":[80,80,80,80,80,80,80,80,80,80,80,80,80,80,80,80,80,80,80,80,84,87,87,90,90,90,90,90,90,93,93,93,93,93,97,97,97,97,101,101,101,101,101,101,101,101,104,104,104,104],"card_choices":[{"not_picked":["Havoc","Sword Boomerang"],"picked":"Body Slam","floor":0.0},{"not_picked":["Sword Boomerang","Havoc"],"picked":"Shrug It Off","floor":0.0},{"not_picked":["Flex","Combust"],"picked":"Rampage","floor":0.0},{"not_picked":["Cleave","Sword Boomerang"],"picked":"Power Through","floor":0.0},{"not_picked":["Flex","Wild Strike"],"picked":"Thunderclap","floor":0.0},{"not_picked":["Iron Wave","Clash"],"picked":"Cleave","floor":0.0},{"not_picked":["Power Through","Thunderclap"],"picked":"Clothesline","floor":0.0},{"not_picked":["Cleave","Evolve"],"picked":"Pommel Strike","floor":0.0},{"not_picked":["Twin Strike","Headbutt"],"picked":"Clash","floor":0.0},{"not_picked":["Headbutt","Pommel Strike"],"picked":"Pummel","floor":0.0},{"not_picked":["Sword Boomerang","Warcry"],"picked":"Shockwave","floor":0.0},{"not_picked":["Whirlwind","Blood for Blood"],"picked":"Clash","floor":0.0},{"not_picked":["Clothesline","Battle Trance"],"picked":"Power Through","floor":0.0},{"not_picked":["Shrug It Off","Ghostly Armor"],"picked":"Armaments","floor":0.0},{"not_picked":["Warcry","Armaments"],"picked":"Pommel Strike","floor":0.0},{"not_picked":["Blood for Blood","Anger"],"picked":"Iron Wave","floor":1.0},{"not_picked":["Blood for Blood","Sword Boomerang","Cleave"],"picked":"SKIP","floor":4.0},{"not_picked":["Sentinel","Clothesline"],"picked":"Shrug It Off","floor":5.0},{"not_picked":["Sentinel","Perfected Strike"],"picked":"Armaments","floor":10},{"not_picked":["Double Tap","Berserk"],"picked":"Barricade","floor":11},{"not_picked":["Berserk","Immolate"],"picked":"Feed","floor":13},{"not_picked":["Uppercut","Sword Boomerang"],"picked":"Metallicize","floor":14},{"not_picked":["Barricade","Juggernaut"],"picked":"Demon Form","floor":16},{"not_picked":["Iron Wave+1","Perfected Strike+1","Sever Soul+1"],"picked":"SKIP","floor":18},{"not_picked":["Clothesline","Hemokinesis","Rupture"],"picked":"SKIP","floor":20},{"not_picked":["Wild Strike","Pommel Strike"],"picked":"Seeing Red","floor":21},{"not_picked":["Flex","Shrug It Off+1","Evolve"],"picked":"SKIP","floor":22},{"not_picked":["Demon Form","Double Tap"],"picked":"Reaper","floor":24},{"not_picked":["Limit Break","Berserk"],"picked":"Impervious","floor":27},{"not_picked":["Headbutt+1","Rupture","Wild Strike"],"picked":"SKIP","floor":28},{"not_picked":["Berserk","Corruption"],"picked":"Double Tap","floor":30},{"not_picked":["Iron Wave","Metallicize","Pommel Strike"],"picked":"SKIP","floor":31},{"not_picked":["Demon Form","Corruption"],"picked":"Offering","floor":33},{"not_picked":["Cleave+1","Armaments+1"],"picked":"Disarm+1","floor":35},{"not_picked":["Clothesline+1","Evolve+1","Double Tap"],"picked":"SKIP","floor":36},{"not_picked":["Clash","Cleave","Sentinel"],"picked":"SKIP","floor":39},{"not_picked":["Fiend Fire","Bludgeon"],"picked":"Exhume","floor":41},{"not_picked":["Perfected Strike","Cleave","Battle Trance+1"],"picked":"SKIP","floor":42},{"not_picked":["Brutality+1","Barricade+1"],"picked":"Limit Break","floor":44},{"not_picked":["Corruption+1","Barricade+1","Demon Form+1"],"picked":"SKIP","floor":47},{"not_picked":["Heavy Blade","Headbutt+1","Reckless Charge"],"picked":"SKIP","floor":48}],"player_experience":217290,"relics_obtained":[{"floor":7.0,"key":"Calipers"},{"floor":9.0,"key":"Incense Burner"},{"floor":11,"key":"Vajra"},{"floor":13,"key":"Bottled Flame"},{"floor":24,"key":"Potion Belt"},{"floor":26,"key":"Shuriken"},{"floor":27,"key":"War Paint"},{"floor":30,"key":"Oddly Smooth Stone"},{"floor":34,"key":"Akabeko"},{"floor":34,"key":"White Beast Statue"},{"floor":34,"key":"Turnip"},{"floor":41,"key":"InkBottle"},{"floor":43,"key":"Frozen Egg 2"},{"floor":44,"key":"The Courier"},{"floor":47,"key":"Bird Faced Urn"}],"event_choices":[{"damage_healed":0.0,"max_hp_gain":0.0,"max_hp_loss":0.0,"gold_gain":0.0,"event_name":"Liars Game","player_choice":"Ignored","floor":2.0,"gold_loss":0.0,"damage_taken":0.0},{"damage_healed":0.0,"max_hp_gain":0.0,"max_hp_loss":0.0,"gold_gain":0.0,"event_name":"Dead Adventurer","player_choice":"Searched \u00272\u0027 times","floor":7.0,"gold_loss":0.0,"damage_taken":0.0},{"damage_healed":0,"gold_gain":99,"player_choice":"Stole From Cult","damage_taken":0,"max_hp_gain":0,"max_hp_loss":0,"event_name":"Nest","floor":25,"gold_loss":0},{"cards_removed":["Shrug It Off"],"damage_healed":0,"gold_gain":0,"player_choice":"Removed Skill","damage_taken":0,"max_hp_gain":0,"max_hp_loss":0,"event_name":"Falling","floor":37,"gold_loss":0},{"damage_healed":0,"gold_gain":0,"player_choice":"Ignored","damage_taken":0,"max_hp_gain":0,"max_hp_loss":0,"event_name":"Tomb of Lord Red Mask","floor":38,"gold_loss":0},{"damage_healed":0,"gold_gain":0,"player_choice":"Ignored","damage_taken":0,"max_hp_gain":0,"max_hp_loss":0,"event_name":"Mysterious Sphere","floor":45,"gold_loss":0}],"is_beta":false,"boss_relics":[{"not_picked":["Snecko Eye","Velvet Choker"],"picked":"SlaversCollar"},{"not_picked":["Black Blood","Black Star"],"picked":"Calling Bell"}],"items_purged_floors":[],"is_endless":false,"potions_floor_spawned":[4,10,13,14,20,21,30,33,35,36,39,41,42,44,47,48],"ascension_level":0}}