{"host":"vd5put2n5b3t1prw","time":1608360032,"event":{"mods":["2.2 Compatiblity","AchievementEnabler","BaseMod","Better Altar","Better Match","Better Note","Better Sensory Stone","Better Silent Start","Better Skull","Better Third Choice","Better Vampires","Better-Laid Plans","BetterRewards","Block Reminder","Card Forge","Colored Map","Custom Start","Downfall","Emptier Cage","Marked Mod","Minty Spire (QoL Compilation)","Quick Restart","Random Character Button","Relic Stats","Reorder Act Four","Spicy Shops","StSLib","Transform Curses","Waifu the Spire"],"gold_per_floor":[113,132,147,147,173,215,215,240,240,253,262,262,26,26,26,159,159,189,189,214,214,214,214,266,266,266,299,37,37,37,37,37,165,165,192,152,170,170,74,123,123,175,198,231,231,231,564,575,575,575,575,54,54,86,86],"floor_reached":56,"playtime":7028,"items_purged":["Strike_G","Strike_G+1","Strike_G+1","Noxious Fumes+1"],"score":1798,"play_id":"7a804eb5-fb35-4c6b-9a97-5d827ed7b31e","local_time":"20201219004032","is_ascension_mode":true,"campfire_choices":[{"data":"Accuracy","floor":7,"key":"SMITH"},{"data":"Envenom","floor":15,"key":"SMITH"},{"data":"A Thousand Cuts","floor":23,"key":"SMITH"},{"data":"Infinite Blades","floor":32,"key":"SMITH"},{"floor":41,"key":"REST"},{"floor":46,"key":"RECALL"},{"floor":49,"key":"REST"},{"data":"Infinite Blades","floor":53,"key":"SMITH"}],"circlet_count":0,"master_deck":["Defend_G+1","Defend_G+1","Defend_G+1","Defend_G+1","Survivor+1","Cloak And Dagger+1","Accuracy+1","Acrobatics+1","Footwork","Footwork+1","Well Laid Plans+1","Deflect+1","Setup+1","Night Terror+1","Cloak And Dagger+1","Cloak And Dagger+1","Envenom+1","Terror+1","Footwork+1","A Thousand Cuts+1","Finisher+1","Prepared+1","Infinite Blades+1","Cloak And Dagger+1","A Thousand Cuts+1","Night Terror+1","Accuracy+1","Madness+1","Madness+1","Accuracy+1","Cloak And Dagger+1","Setup+1","Blur+1","Infinite Blades+1","Blur+1","expansioncontent:ManipulateTime+1"],"relics":["Ring of the Snake","Hammer of Thor","Seething Fire","Anvil of the Gods","Toxic Egg 2","Ninja Scroll","Orrery","InkBottle","Membership Card","Pantograph","Shuriken","Vajra","Juzu Bracelet","DollysMirror","CeramicFish","Whetstone","War Paint","Bronze Scales","Tiny Chest","SlaversCollar","Bottled Lightning","Question Card","Orichalcum","Matryoshka","WristBlade","Regal Pillow","Omamori","Peace Pipe","Kunai","Darkstone Periapt","Smiling Mask","Pen Nib","Mummified Hand","Strawberry","TwistedFunnel","Eternal Feather","Bag of Marbles"],"acts_visited":["Exordium","TheCity","TheBeyond","TheEnding"],"potions_floor_usage":[6,8,18,24,50,55,55,55],"damage_taken":[{"damage":0,"enemies":"2 Louse","floor":1,"turns":1},{"damage":0,"enemies":"Small Slimes","floor":2,"turns":2},{"damage":0,"enemies":"Jaw Worm","floor":3,"turns":2},{"damage":1,"enemies":"2 Fungi Beasts","floor":5,"turns":3},{"damage":17,"enemies":"Gremlin Nob","floor":6,"turns":6},{"damage":0,"enemies":"Red Slaver","floor":8,"turns":4},{"damage":0,"enemies":"Large Slime","floor":10,"turns":4},{"damage":12,"enemies":"Hexaghost","floor":16,"turns":6},{"damage":0,"enemies":"Spheric Guardian","floor":18,"turns":3},{"damage":2,"enemies":"2 Thieves","floor":20,"turns":3},{"damage":28,"enemies":"Gremlin Leader","floor":24,"turns":5},{"damage":8,"enemies":"Centurion and Healer","floor":27,"turns":4},{"damage":3,"enemies":"Automaton","floor":33,"turns":4},{"damage":14,"enemies":"3 Darklings","floor":35,"turns":4},{"damage":43,"enemies":"Nemesis","floor":40,"turns":5},{"damage":12,"enemies":"Reptomancer","floor":42,"turns":4},{"damage":0,"enemies":"3 Shapes","floor":44,"turns":5},{"damage":0,"enemies":"Transient","floor":48,"turns":4},{"damage":54,"enemies":"Time Eater","floor":50,"turns":8},{"damage":5,"enemies":"Shield and Spear","floor":54,"turns":2},{"damage":32,"enemies":"The Heart","floor":55,"turns":6}],"seed_played":"-1378513762931726090","potions_obtained":[{"floor":1,"key":"hexamod:EctoCoolerPotion"},{"floor":6,"key":"Explosive Potion"},{"floor":8,"key":"Explosive Potion"},{"floor":20,"key":"SkillPotion"},{"floor":33,"key":"Dexterity Potion"},{"floor":40,"key":"EntropicBrew"}],"is_trial":false,"path_per_floor":["M","M","M","?","M","E","R","M","T","M","?","?","$","?","R","B",null,"M","?","M","?","T","R","E","?","T","M","$","?","T","?","R","B",null,"M","?","?","T","$","E","R","E","T","M","?","R","?","M","R","B",null,"$","R","E","B",null],"character_chosen":"THE_SILENT","items_purchased":["Toxic Egg 2","Ninja Scroll","Orrery","Footwork","InkBottle","Membership Card","Pantograph","Shuriken","Vajra","Juzu Bracelet","Footwork","Well Laid Plans","DollysMirror","Bronze Scales","Footwork","Tiny Chest","FairyPotion","A Thousand Cuts","Accuracy","Peace Pipe","Mummified Hand","Infinite Blades","Blur+1","Strawberry","DistilledChaos","TwistedFunnel","Eternal Feather","expansioncontent:ManipulateTime+1"],"campfire_rested":2,"item_purchase_floors":[0,0,0,0,0,0,0,0,0,0,0,0,0,13,13,13,28,28,39,39,52,52,52,52,52,52,52,52],"current_hp_per_floor":[70,70,70,63,62,45,45,45,45,45,45,50,50,50,50,57,69,69,69,67,51,51,51,23,79,79,71,71,71,71,71,71,76,79,65,65,55,55,55,12,50,38,38,38,38,38,38,38,76,25,79,86,86,81,54],"gold":86,"neow_bonus":"","is_daily":false,"chose_seed":false,"campfire_upgraded":5,"win_rate":0.0,"timestamp":1608360032,"path_taken":["M","M","M","?","M","E","R","M","T","M","?","?","$","?","R","BOSS","M","?","M","?","?","R","E","?","T","M","?","?","?","?","R","BOSS","M","?","?","?","$","E","R","E","T","M","?","R","?","M","R","BOSS","$","R","E","BOSS"],"items_purchased_type":["Relic","Relic","Relic","Card","Relic","Relic","Relic","Relic","Relic","Relic","Card","Card","Relic","Relic","Card","Relic","Potion","Card","Card","Relic","Relic","Card","Card","Relic","Potion","Relic","Relic","Card"],"build_version":"2020-12-13","purchased_purges":4,"victory":true,"max_hp_per_floor":[70,70,70,70,70,70,70,70,70,70,70,75,75,69,69,69,69,69,69,69,69,69,69,69,79,79,79,79,79,79,79,79,79,79,79,79,79,79,79,79,79,79,79,79,79,79,79,79,79,79,79,86,86,86,86],"relic_stats":{"Darkstone Periapt":0,"Regal Pillow":30,"counters":[136,523],"CeramicFish":198,"Eternal Feather":0,"Pen Nib":[16],"Juzu Bracelet":5,"Whetstone":["Strike_G","Strike_G"],"War Paint":["Defend_G","Defend_G"],"Orichalcum":[96],"Question Card":8,"Smiling Mask":0,"Peace Pipe":0,"Shuriken":[65],"Mummified Hand":[111],"Pantograph":116,"Bronze Scales":[237],"Tiny Chest":3,"Kunai":[25],"obtain_stats":[{"Ice Cream":12,"TwistedFunnel":52,"Tiny House":34,"Calipers":36,"Gremlin Horn":23,"CeramicFish":4,"Vajra":43,"Hammer of Thor":0,"Whetstone":6,"Bottled Tornado":11,"Sozu":34,"Centennial Puzzle":54,"HornCleat":45,"FaceOfCleric":0,"DollysMirror":48,"Sundial":41,"Strawberry":45,"MealTicket":9,"Kunai":23,"Toxic Egg 2":0,"Pear":43,"Happy Flower":44,"Oddly Smooth Stone":0,"Eternal Feather":52,"Pen Nib":43,"Letter Opener":0,"War Paint":13,"Question Card":43,"Du-Vu Doll":30,"SlaversCollar":17,"Anvil of the Gods":0,"Shuriken":26,"Bronze Scales":54,"Molten Egg 2":0,"Black Star":34,"Nloth\u0027s Gift":21,"Ring of the Serpent":17,"Pocketwatch":43,"Darkstone Periapt":42,"Lantern":22,"Regal Pillow":38,"Black Blood":17,"Magic Flower":36,"StoneCalendar":44,"Mango":7,"Snake Skull":8,"Bag of Preparation":6,"Juzu Bracelet":48,"Empty Cage":17,"Ancient Tea Set":23,"Smiling Mask":43,"ClockworkSouvenir":30,"Nunchaku":54,"Matryoshka":9,"WristBlade":34,"Mummified Hand":40,"Ninja Scroll":0,"Gambling Chip":52,"Pantograph":0,"Tiny Chest":13,"Cracked Core":0,"Red Skull":13,"InkBottle":25,"Ring of the Snake":0,"Golden Idol":4,"Thread and Needle":38,"betterThird:NestCultRelic":25,"PreservedInsect":43,"Omamori":38,"Seething Fire":0,"Odd Mushroom":8,"Frozen Egg 2":6,"Orichalcum":0,"MawBank":46,"Mercury Hourglass":26,"Peace Pipe":39,"Anchor":47,"Ornamental Fan":26,"Orrery":28,"Art of War":40,"Bag of Marbles":54,"Membership Card":4,"Bottled Lightning":37,"Toy Ornithopter":30,"FossilizedHelix":48,"TungstenRod":28},{"Ice Cream":7,"TwistedFunnel":134,"Tiny House":75,"Calipers":77,"Gremlin Horn":13,"CeramicFish":118,"Vajra":21,"Hammer of Thor":0,"Whetstone":120,"Bottled Tornado":62,"Sozu":45,"Centennial Puzzle":26,"HornCleat":22,"FaceOfCleric":85,"DollysMirror":53,"Sundial":80,"Strawberry":22,"MealTicket":90,"Kunai":70,"Toxic Egg 2":115,"Pear":49,"Happy Flower":109,"Oddly Smooth Stone":27,"Eternal Feather":134,"Pen Nib":131,"Letter Opener":56,"War Paint":64,"Question Card":80,"Du-Vu Doll":74,"SlaversCollar":66,"Anvil of the Gods":0,"Shuriken":13,"Bronze Scales":55,"Molten Egg 2":27,"Black Star":17,"Nloth\u0027s Gift":38,"Ring of the Serpent":96,"Pocketwatch":109,"Darkstone Periapt":131,"Lantern":69,"Regal Pillow":129,"Black Blood":36,"Magic Flower":47,"StoneCalendar":21,"Mango":31,"Snake Skull":62,"Bag of Preparation":4,"Juzu Bracelet":112,"Empty Cage":8,"Ancient Tea Set":40,"Smiling Mask":131,"ClockworkSouvenir":15,"Nunchaku":26,"Matryoshka":5,"WristBlade":128,"Mummified Hand":21,"Ninja Scroll":115,"Gambling Chip":113,"Pantograph":115,"Tiny Chest":122,"Cracked Core":0,"Red Skull":34,"InkBottle":102,"Ring of the Snake":0,"Golden Idol":2,"Thread and Needle":20,"betterThird:NestCultRelic":13,"PreservedInsect":21,"Omamori":129,"Seething Fire":0,"Odd Mushroom":5,"Frozen Egg 2":62,"Orichalcum":85,"MawBank":111,"Mercury Hourglass":72,"Peace Pipe":129,"Anchor":53,"Ornamental Fan":42,"Orrery":42,"Art of War":21,"Bag of Marbles":135,"Membership Card":30,"Bottled Lightning":47,"Toy Ornithopter":15,"FossilizedHelix":24,"TungstenRod":42},{"Ice Cream":17,"TwistedFunnel":515,"Tiny House":280,"Calipers":287,"Gremlin Horn":34,"CeramicFish":443,"Vajra":53,"Hammer of Thor":0,"Whetstone":452,"Bottled Tornado":227,"Sozu":141,"Centennial Puzzle":61,"HornCleat":54,"FaceOfCleric":321,"DollysMirror":183,"Sundial":300,"Strawberry":54,"MealTicket":342,"Kunai":259,"Toxic Egg 2":438,"Pear":169,"Happy Flower":418,"Oddly Smooth Stone":65,"Eternal Feather":515,"Pen Nib":498,"Letter Opener":202,"War Paint":236,"Question Card":300,"Du-Vu Doll":275,"SlaversCollar":244,"Anvil of the Gods":0,"Shuriken":34,"Bronze Scales":196,"Molten Egg 2":65,"Black Star":45,"Nloth\u0027s Gift":105,"Ring of the Serpent":377,"Pocketwatch":418,"Darkstone Periapt":498,"Lantern":255,"Regal Pillow":489,"Black Blood":98,"Magic Flower":151,"StoneCalendar":53,"Mango":81,"Snake Skull":227,"Bag of Preparation":13,"Juzu Bracelet":427,"Empty Cage":22,"Ancient Tea Set":114,"Smiling Mask":498,"ClockworkSouvenir":40,"Nunchaku":61,"Matryoshka":15,"WristBlade":485,"Mummified Hand":53,"Ninja Scroll":438,"Gambling Chip":431,"Pantograph":438,"Tiny Chest":460,"Cracked Core":0,"Red Skull":88,"InkBottle":397,"Ring of the Snake":0,"Golden Idol":5,"Thread and Needle":52,"betterThird:NestCultRelic":34,"PreservedInsect":53,"Omamori":489,"Seething Fire":0,"Odd Mushroom":15,"Frozen Egg 2":227,"Orichalcum":321,"MawBank":424,"Mercury Hourglass":267,"Peace Pipe":489,"Anchor":183,"Ornamental Fan":124,"Orrery":124,"Art of War":53,"Bag of Marbles":517,"Membership Card":73,"Bottled Lightning":151,"Toy Ornithopter":40,"FossilizedHelix":57,"TungstenRod":124}],"InkBottle":[84],"Ring of the Snake":[0]},"card_choices":[{"not_picked":["Underhanded Strike","Predator"],"picked":"Cloak And Dagger+1","floor":0},{"not_picked":["Outmaneuver+1","Eviscerate"],"picked":"Noxious Fumes","floor":0},{"not_picked":["Flying Knee","Underhanded Strike"],"picked":"Accuracy","floor":0},{"not_picked":["Bane","Slice"],"picked":"Acrobatics+1","floor":0},{"not_picked":["Concentrate+1","Prepared+1"],"picked":"Setup+1","floor":1},{"not_picked":["Flying Knee","Slice"],"picked":"Night Terror+1","floor":2},{"not_picked":["Leg Sweep+1","Masterful Stab","All Out Attack"],"picked":"SKIP","floor":3},{"not_picked":["Dagger Throw","Bane"],"picked":"Cloak And Dagger+1","floor":5},{"not_picked":["PiercingWail+1","Flechettes"],"picked":"Cloak And Dagger+1","floor":6},{"not_picked":["Tactician+1","Slice"],"picked":"Envenom","floor":8},{"not_picked":["Quick Slash","Dodge and Roll+1","Slice"],"picked":"SKIP","floor":10},{"not_picked":["Corpse Explosion+1","Die Die Die"],"picked":"A Thousand Cuts","floor":16},{"not_picked":["All Out Attack","Deadly Poison+1"],"picked":"Finisher+1","floor":18},{"not_picked":["Slice+1","Outmaneuver+1"],"picked":"Prepared+1","floor":20},{"not_picked":["Deadly Poison+1","Flying Knee+1"],"picked":"Infinite Blades","floor":24},{"not_picked":["Poisoned Stab","Well Laid Plans","Dagger Throw"],"picked":"Cloak And Dagger+1","floor":27},{"not_picked":["Glass Knife","A Thousand Cuts","Grand Finale"],"picked":"Night Terror+1","floor":33},{"not_picked":["Flying Knee","Dagger Throw+1","Backflip+1"],"picked":"Accuracy","floor":35},{"not_picked":["Finisher","Slice","Underhanded Strike"],"picked":"Cloak And Dagger+1","floor":40},{"not_picked":["Calculated Gamble+1","Burst+1","Escape Plan+1"],"picked":"Setup+1","floor":42},{"not_picked":["Blade Dance+1","Cloak And Dagger+1","Infinite Blades"],"picked":"Blur+1","floor":44},{"not_picked":["Bane+1","Outmaneuver+1","Bouncing Flask+1","Distraction+1"],"picked":"SKIP","floor":48},{"not_picked":["Bullet Time+1","Prepared+1","Distraction+1","Choke"],"picked":"SKIP","floor":54}],"player_experience":253895,"relics_obtained":[{"floor":6,"key":"Whetstone"},{"floor":9,"key":"War Paint"},{"floor":22,"key":"Bottled Lightning"},{"floor":24,"key":"Question Card"},{"floor":30,"key":"Matryoshka"},{"floor":38,"key":"Regal Pillow"},{"floor":38,"key":"Omamori"},{"floor":40,"key":"Kunai"},{"floor":42,"key":"Darkstone Periapt"},{"floor":43,"key":"Smiling Mask"},{"floor":43,"key":"Pen Nib"},{"floor":54,"key":"Bag of Marbles"}],"event_choices":[{"damage_healed":0,"gold_gain":0,"player_choice":"Relic ","damage_taken":7,"max_hp_gain":0,"max_hp_loss":0,"event_name":"betterThird:BetterScrap","floor":4,"gold_loss":0,"cards_obtained":["MarkedMod:ChiBlock"]},{"damage_healed":0,"gold_gain":0,"cards_transformed":["Strike_G"],"player_choice":"Change","damage_taken":0,"max_hp_gain":0,"max_hp_loss":0,"event_name":"Living Wall","floor":11,"gold_loss":0,"cards_obtained":["Terror"]},{"damage_healed":0,"gold_gain":0,"player_choice":"Donut","damage_taken":0,"max_hp_gain":5,"max_hp_loss":0,"event_name":"Big Fish","floor":12,"gold_loss":0},{"damage_healed":0,"gold_gain":0,"player_choice":"Lose Max HP","damage_taken":0,"relics_obtained":["Golden Idol"],"max_hp_gain":0,"max_hp_loss":6,"event_name":"Golden Idol","floor":14,"gold_loss":0},{"damage_healed":0,"gold_gain":0,"player_choice":"Ignored","damage_taken":0,"max_hp_gain":0,"max_hp_loss":0,"event_name":"betterNote:BetterNote","floor":19,"gold_loss":0,"cards_obtained":["DeusExMachina"]},{"damage_healed":0,"gold_gain":0,"player_choice":"Obtained Book","damage_taken":16,"max_hp_gain":0,"max_hp_loss":0,"event_name":"Cursed Tome","floor":21,"gold_loss":0},{"cards_removed":["hexamod:SixthSeal"],"damage_healed":46,"gold_gain":0,"player_choice":"Offered Rare","damage_taken":0,"max_hp_gain":10,"max_hp_loss":0,"event_name":"Bonfire Elementals","floor":25,"gold_loss":0},{"cards_removed":["Cloak And Dagger"],"damage_healed":0,"gold_gain":0,"player_choice":"Gave Card","damage_taken":0,"relics_obtained":["Orichalcum"],"max_hp_gain":0,"max_hp_loss":0,"event_name":"WeMeetAgain","floor":29,"gold_loss":0},{"damage_healed":0,"gold_gain":0,"player_choice":"Upgraded Two","damage_taken":0,"max_hp_gain":0,"max_hp_loss":0,"event_name":"Designer","floor":36,"gold_loss":40,"cards_upgraded":["Accuracy","A Thousand Cuts"]},{"damage_healed":0,"gold_gain":0,"player_choice":"Embrace Madness","damage_taken":10,"max_hp_gain":0,"max_hp_loss":0,"event_name":"Winding Halls","floor":37,"gold_loss":0,"cards_obtained":["Madness","Madness"]},{"damage_healed":0,"gold_gain":0,"player_choice":"Upgraded","damage_taken":0,"max_hp_gain":0,"max_hp_loss":0,"event_name":"Upgrade Shrine","floor":45,"gold_loss":0,"cards_upgraded":["Accuracy"]},{"damage_healed":0,"gold_gain":333,"player_choice":"Gave Idol","damage_taken":0,"max_hp_gain":0,"max_hp_loss":0,"event_name":"The Moai Head","floor":47,"relics_lost":["Golden Idol"],"gold_loss":0}],"is_beta":false,"boss_relics":[{"not_picked":["Ectoplasm","Cursed Key"],"picked":"SlaversCollar"},{"not_picked":["Velvet Choker","Runic Pyramid"],"picked":"WristBlade"}],"items_purged_floors":[0,13,28,28],"is_endless":false,"potions_floor_spawned":[1,6,8,20,33,40],"ascension_level":3}}