{"host":"bq4pt811tk9yrmjl","time":1608343004,"event":{"mods":["AchievementEnabler","BaseMod","Colored Map","Colored Powertips","Defuse TimeMaze Blight","Minty Spire (QoL Compilation)","StSLib","SuperFastMode","UnlockEverythingMod"],"gold_per_floor":[113,113,113,127,127,127,158,158,236,250,250,305,317,359,371,481,493,523,545,557,569,608,635,647,647],"floor_reached":24,"playtime":347,"items_purged":[],"score":238,"play_id":"f5f2dc4b-e0a5-4289-9a9f-f682c3a42172","local_time":"20201218235644","is_ascension_mode":true,"campfire_choices":[{"data":"Bash","floor":6,"key":"SMITH"},{"data":"Body Slam","floor":8,"key":"SMITH"},{"data":"Metallicize","floor":11,"key":"SMITH"},{"data":"Demon Form","floor":15,"key":"SMITH"}],"circlet_count":0,"master_deck":["Strike_R","Strike_R","Strike_R","Strike_R","Strike_R","Defend_R","Defend_R+1","Defend_R","Defend_R+1","Bash+1","Shrug It Off+1","Disarm+1","Body Slam+1","Metallicize+1","Whirlwind","Demon Form+1","Berserk","Pummel","Armaments+1","Uppercut+1"],"relics":["Burning Blood","NeowsBlessing","Omamori","Magic Flower","Gremlin Horn","MawBank","Mummified Hand","Black Star","MutagenicStrength","War Paint"],"acts_visited":["Exordium","TheCity"],"potions_floor_usage":[24],"damage_taken":[{"damage":0,"enemies":"Jaw Worm","floor":1,"turns":1},{"damage":0,"enemies":"2 Louse","floor":4,"turns":1},{"damage":0,"enemies":"3 Sentries","floor":7,"turns":2},{"damage":0,"enemies":"Small Slimes","floor":10,"turns":3},{"damage":19,"enemies":"Gremlin Nob","floor":12,"turns":5},{"damage":23,"enemies":"Gremlin Nob","floor":14,"turns":5},{"damage":21,"enemies":"The Guardian","floor":16,"turns":9},{"damage":9,"enemies":"3 Byrds","floor":18,"turns":5},{"damage":39,"enemies":"2 Thieves","floor":19,"turns":4},{"damage":42,"enemies":"3 Cultists","floor":23,"turns":4},{"damage":0,"enemies":"Snake Plant","floor":24,"turns":1}],"seed_played":"-8294678839590061562","potions_obtained":[{"floor":1,"key":"Dexterity Potion"},{"floor":10,"key":"GamblersBrew"},{"floor":12,"key":"Strength Potion"}],"is_trial":false,"path_per_floor":["M","?","T","M","?","R","E","R","T","M","R","?","?","E","R","B",null,"M","M","?","?","T","M","M"],"character_chosen":"IRONCLAD","items_purchased":[],"campfire_rested":0,"item_purchase_floors":[],"current_hp_per_floor":[80,80,80,80,64,64,70,70,70,79,79,69,69,55,55,43,80,80,50,50,50,50,17,17,17],"gold":647,"neow_bonus":"THREE_ENEMY_KILL","is_daily":false,"chose_seed":false,"campfire_upgraded":4,"win_rate":0.0,"timestamp":1608343004,"path_taken":["M","?","?","M","?","R","E","R","T","M","R","?","?","E","R","BOSS","M","?","?","?","?","?","M"],"items_purchased_type":[],"build_version":"2020-12-13","purchased_purges":0,"victory":false,"max_hp_per_floor":[80,80,80,80,80,80,80,80,80,80,80,80,80,80,80,80,80,80,80,80,80,80,80,80,80],"card_choices":[{"not_picked":["Intimidate","Rupture"],"picked":"Shrug It Off","floor":1},{"not_picked":["Intimidate","Sword Boomerang"],"picked":"Disarm","floor":4},{"not_picked":["Iron Wave","Intimidate"],"picked":"Body Slam","floor":7},{"not_picked":["Clash","Thunderclap"],"picked":"Metallicize","floor":10},{"not_picked":["Perfected Strike","Bloodletting"],"picked":"Whirlwind","floor":12},{"not_picked":["Feel No Pain","Heavy Blade"],"picked":"Demon Form","floor":14},{"not_picked":["Fiend Fire","Brutality"],"picked":"Berserk","floor":16},{"not_picked":["Whirlwind","True Grit"],"picked":"Pummel","floor":18},{"not_picked":["Shrug It Off","Burning Pact"],"picked":"Armaments+1","floor":19},{"not_picked":["Hemokinesis","Inflame"],"picked":"Uppercut+1","floor":23}],"player_experience":80062,"relics_obtained":[{"floor":3,"key":"Omamori"},{"floor":7,"key":"Magic Flower"},{"floor":9,"key":"Gremlin Horn"},{"floor":12,"key":"MawBank"},{"floor":14,"key":"Mummified Hand"},{"floor":22,"key":"War Paint"}],"event_choices":[{"damage_healed":0,"gold_gain":0,"player_choice":"Leave","damage_taken":0,"max_hp_gain":0,"max_hp_loss":0,"event_name":"The Cleric","floor":2,"gold_loss":0},{"damage_healed":0,"gold_gain":0,"player_choice":"Entered Light","damage_taken":16,"max_hp_gain":0,"max_hp_loss":0,"event_name":"Shining Light","floor":5,"gold_loss":0,"cards_upgraded":["Disarm","Defend_R"]},{"damage_healed":0,"gold_gain":30,"player_choice":"Searched \u00273\u0027 times","damage_taken":0,"max_hp_gain":0,"max_hp_loss":0,"event_name":"Dead Adventurer","floor":12,"gold_loss":0},{"damage_healed":0,"gold_gain":0,"player_choice":"Bought 0 Potions","damage_taken":0,"max_hp_gain":0,"max_hp_loss":0,"event_name":"The Woman in Blue","floor":13,"gold_loss":0},{"damage_healed":0,"gold_gain":0,"player_choice":"Inject Mutagens","damage_taken":0,"relics_obtained":["MutagenicStrength"],"max_hp_gain":0,"max_hp_loss":0,"event_name":"Drug Dealer","floor":20,"gold_loss":0},{"damage_healed":0,"gold_gain":0,"player_choice":"Ignored","damage_taken":0,"max_hp_gain":0,"max_hp_loss":0,"event_name":"Ghosts","floor":21,"gold_loss":0}],"is_beta":false,"boss_relics":[{"not_picked":["Empty Cage","Runic Dome"],"picked":"Black Star"}],"items_purged_floors":[],"is_endless":false,"potions_floor_spawned":[1,10,12,14],"killed_by":"Snake Plant","ascension_level":1}}