{"host":"d8hh7rr4yzitjeuj","time":1608354258,"event":{"mods":["2.2 Compatiblity","AchievementEnabler","BaseMod","CapriCore","Colored Map","Colored Powertips","Highlight Path","Keyboard Shortcuts","Minty Spire (QoL Compilation)","Permanent Neow","Quick Restart","StSLib","SuperFastMode"],"gold_per_floor":[119,131,148,168,179,179,179,190,190,223,242,254,254,254,254],"floor_reached":14,"playtime":541,"items_purged":[],"score":192,"play_id":"cf05f321-5350-4cf8-927e-5c7a12540b58","local_time":"20201219140418","is_ascension_mode":true,"campfire_choices":[{"data":"Darkness","floor":6.0,"key":"SMITH"},{"data":"Buffer","floor":13,"key":"SMITH"}],"circlet_count":0,"master_deck":["AscendersBane","Strike_B","Strike_B","Strike_B","Defend_B","Defend_B","Defend_B","Defend_B","Zap","Dualcast","Ball Lightning","Auto Shields","Sweeping Beam","Darkness+1","Leap","Buffer+1"],"relics":["Velvet Choker","Strawberry","Gambling Chip"],"acts_visited":["Exordium"],"potions_floor_usage":[],"damage_taken":[{"damage":1.0,"enemies":"2 Louse","floor":1.0,"turns":2.0},{"damage":0.0,"enemies":"Cultist","floor":2.0,"turns":3.0},{"damage":1.0,"enemies":"Jaw Worm","floor":3.0,"turns":3.0},{"damage":11.0,"enemies":"Exordium Thugs","floor":4.0,"turns":4.0},{"damage":7.0,"enemies":"Large Slime","floor":5.0,"turns":5.0},{"damage":0.0,"enemies":"3 Louse","floor":8.0,"turns":2.0},{"damage":30.0,"enemies":"Gremlin Nob","floor":10.0,"turns":4.0},{"damage":0.0,"enemies":"Blue Slaver","floor":11.0,"turns":4.0},{"damage":0,"enemies":"Exordium Wildlife","floor":12,"turns":5},{"damage":27,"enemies":"3 Sentries","floor":14,"turns":7}],"seed_played":"-8259846974279539791","potions_obtained":[{"floor":1.0,"key":"PotionOfCapacity"},{"floor":3.0,"key":"SteroidPotion"},{"floor":4.0,"key":"Energy Potion"}],"is_trial":false,"path_per_floor":["M","M","M","M","M","R","?","M","T","E","M","M","R","E"],"character_chosen":"DEFECT","items_purchased":[],"campfire_rested":0,"item_purchase_floors":[],"current_hp_per_floor":[63,63,62,51,44,44,44,44,51,21,21,21,21,0,0],"gold":254,"neow_bonus":"BOSS_RELIC","is_daily":false,"chose_seed":false,"campfire_upgraded":2,"win_rate":0.0,"timestamp":1608354258,"path_taken":["M","M","M","M","M","R","?","?","T","E","M","M","R","E"],"items_purchased_type":[],"build_version":"2020-12-13","purchased_purges":0,"victory":false,"max_hp_per_floor":[71,71,71,71,71,71,71,71,78,78,78,78,78,78,78],"card_choices":[{"not_picked":["Darkness","Sweeping Beam"],"picked":"Ball Lightning","floor":1.0},{"not_picked":["Go for the Eyes","Leap"],"picked":"Auto Shields","floor":2.0},{"not_picked":["Rip and Tear","Redo"],"picked":"Sweeping Beam","floor":3.0},{"not_picked":["Chaos","Genetic Algorithm"],"picked":"Darkness","floor":4.0},{"not_picked":["Stack","Cold Snap"],"picked":"Leap","floor":5.0},{"not_picked":["Leap","Storm","Streamline"],"picked":"SKIP","floor":8.0},{"not_picked":["Darkness","Recycle"],"picked":"Buffer","floor":10.0},{"not_picked":["Double Energy","Steam","Stack"],"picked":"SKIP","floor":11.0},{"not_picked":["Glacier","Steam","Blizzard"],"picked":"SKIP","floor":12}],"player_experience":1363768,"relics_obtained":[{"floor":9.0,"key":"Strawberry"},{"floor":10.0,"key":"Gambling Chip"}],"event_choices":[{"cards_removed":["Strike_B"],"damage_healed":0.0,"max_hp_gain":0.0,"max_hp_loss":0.0,"gold_gain":0.0,"event_name":"Purifier","player_choice":"Purged","floor":7.0,"gold_loss":0.0,"damage_taken":0.0}],"is_beta":false,"boss_relics":[],"items_purged_floors":[],"is_endless":false,"potions_floor_spawned":[1,3,4,12],"killed_by":"3 Sentries","ascension_level":20}}