{"host":"ldbx2jhnvtia1ouf","time":1608383613,"event":{"mods":["BaseMod","Better Note","Better Sensory Stone","Better Skull","Better Third Choice","Block Reminder","Colored Map","Colored Powertips","Curses Come First","Highlight Path","Minty Spire (QoL Compilation)","Permanent Neow","Spicy Shops","StSLib","Transform Curses","Unceasing Turn Reminder"],"gold_per_floor":[110,120,137,151,151,185,185,185,256,256,273,273,291,311,311,407,407,424,424,440,453,93,120,120,219,219,62,62,72,85,111,111,210,210,223,234,27,47,47,47,59,71,119,135,135,150,165,194,194,194],"floor_reached":51,"playtime":10186,"items_purged":["Strike_R","Strike_R","Burn"],"score":775,"play_id":"0d40913a-5d6b-4d50-97d5-9eb11dbc31f8","local_time":"20201219231333","is_ascension_mode":false,"campfire_choices":[{"floor":7.0,"key":"REST"},{"data":"Demon Form","floor":10.0,"key":"SMITH"},{"data":"Uppercut","floor":15.0,"key":"SMITH"},{"floor":24.0,"key":"REST"},{"floor":32.0,"key":"REST"},{"floor":40,"key":"REST"},{"floor":49,"key":"REST"}],"circlet_count":0,"master_deck":["Strike_R","Strike_R","Defend_R","Defend_R","Defend_R","Defend_R","Bash","Flame Barrier","Pommel Strike","Uppercut+1","Seeing Red","Demon Form+1","Heavy Blade","Spot Weakness","Dropkick","Feed","Seeing Red","Demon Form","Rampage+1","Metallicize","Inflame+1","Shrug It Off","Reaper","Inflame+1","Iron Wave+1","Heavy Blade+1","Twin Strike+1","Pummel+1","Juggernaut","Shrug It Off","Rage","Mind Blast+1","Twin Strike+1","Pain","Iron Wave+1","Pummel+1","Barricade","Combust+1","Inflame+1"],"relics":["Burning Blood","Regal Pillow","Unceasing Top","InkBottle","Bottled Lightning","Velvet Choker","Lee\u0027s Waffle","Dream Catcher","Kunai","Molten Egg 2","Fusion Hammer","WarpedTongs","Omamori","Prayer Wheel","Self Forming Clay"],"acts_visited":["Exordium","TheCity","TheBeyond"],"potions_floor_usage":[48,50,50,50,50,50],"damage_taken":[{"damage":1.0,"enemies":"Cultist","floor":1.0,"turns":3.0},{"damage":1.0,"enemies":"2 Louse","floor":2.0,"turns":3.0},{"damage":6.0,"enemies":"Jaw Worm","floor":3.0,"turns":5.0},{"damage":11.0,"enemies":"Exordium Wildlife","floor":4.0,"turns":5.0},{"damage":56.0,"enemies":"Lagavulin","floor":6.0,"turns":9.0},{"damage":11.0,"enemies":"Gremlin Gang","floor":11.0,"turns":5.0},{"damage":6.0,"enemies":"2 Fungi Beasts","floor":13.0,"turns":5.0},{"damage":13.0,"enemies":"Exordium Thugs","floor":14.0,"turns":5.0},{"damage":43.0,"enemies":"Hexaghost","floor":16.0,"turns":7.0},{"damage":19.0,"enemies":"Chosen","floor":18.0,"turns":6.0},{"damage":13.0,"enemies":"2 Thieves","floor":20.0,"turns":4.0},{"damage":45.0,"enemies":"Centurion and Healer","floor":21.0,"turns":6.0},{"damage":79.0,"enemies":"Gremlin Leader","floor":23.0,"turns":7.0},{"damage":17.0,"enemies":"Snake Plant","floor":29.0,"turns":4.0},{"damage":39.0,"enemies":"Sentry and Sphere","floor":30.0,"turns":7.0},{"damage":51.0,"enemies":"Slavers","floor":31.0,"turns":5.0},{"damage":10.0,"enemies":"Champ","floor":33.0,"turns":6.0},{"damage":6.0,"enemies":"Orb Walker","floor":35.0,"turns":3.0},{"damage":36.0,"enemies":"3 Darklings","floor":36.0,"turns":6.0},{"damage":15.0,"enemies":"Spire Growth","floor":38.0,"turns":4.0},{"damage":28,"enemies":"4 Shapes","floor":41,"turns":6},{"damage":25,"enemies":"3 Darklings","floor":42,"turns":5},{"damage":18,"enemies":"Sphere and 2 Shapes","floor":44,"turns":4},{"damage":12,"enemies":"Jaw Worm Horde","floor":46,"turns":3},{"damage":22,"enemies":"Spire Growth","floor":47,"turns":4},{"damage":39,"enemies":"Nemesis","floor":48,"turns":5},{"damage":78,"enemies":"Awakened One","floor":50,"turns":11}],"seed_played":"-5390960066148950219","potions_obtained":[{"floor":4.0,"key":"Fire Potion"},{"floor":6.0,"key":"EntropicBrew"},{"floor":11.0,"key":"Strength Potion"},{"floor":18.0,"key":"Explosive Potion"},{"floor":21.0,"key":"EntropicBrew"},{"floor":33.0,"key":"EntropicBrew"},{"floor":35.0,"key":"GamblersBrew"},{"floor":46,"key":"FearPotion"},{"floor":47,"key":"Energy Potion"}],"is_trial":false,"path_per_floor":["M","M","M","M","?","E","R","?","T","R","M","T","M","M","R","B",null,"M","?","M","M","$","E","R","?","T","$","?","M","M","E","R","B",null,"M","M","$","M","?","R","M","M","T","M","T","M","M","E","R","B",null],"character_chosen":"IRONCLAD","items_purchased":["Metallicize","Lee\u0027s Waffle","Reaper","Mind Blast+1"],"campfire_rested":5,"item_purchase_floors":[22,22,27,37],"current_hp_per_floor":[80,80,80,75,75,25,64,64,64,64,59,59,59,52,52,15,80,67,67,60,24,90,17,59,59,59,59,59,59,39,21,63,59,90,90,60,60,51,51,90,90,90,90,81,81,79,63,30,73,36],"gold":194,"neow_bonus":"RANDOM_COMMON_RELIC","is_daily":false,"chose_seed":false,"campfire_upgraded":2,"win_rate":0.0,"timestamp":1608383613,"path_taken":["M","M","?","M","?","E","R","?","T","R","M","?","?","?","R","BOSS","M","?","M","?","$","E","R","?","T","$","?","M","M","E","R","BOSS","M","?","$","?","?","R","M","M","T","?","?","M","?","E","R","BOSS"],"items_purchased_type":["Card","Relic","Card","Card"],"build_version":"2020-12-13","purchased_purges":3,"victory":true,"max_hp_per_floor":[80,80,80,80,80,80,80,80,80,80,80,80,80,80,80,80,80,80,80,80,83,90,90,90,90,90,90,90,90,90,90,90,90,90,90,90,90,90,90,90,90,90,90,90,90,94,94,94,94,97],"card_choices":[{"not_picked":["Clash","Warcry","Body Slam"],"picked":"SKIP","floor":1.0},{"not_picked":["Iron Wave","Pommel Strike"],"picked":"Flame Barrier","floor":2.0},{"not_picked":["Rupture","Clash"],"picked":"Pommel Strike","floor":3.0},{"not_picked":["Thunderclap","Sword Boomerang"],"picked":"Uppercut","floor":4.0},{"not_picked":["Intimidate","True Grit"],"picked":"Demon Form","floor":6.0},{"not_picked":["Headbutt","True Grit"],"picked":"Heavy Blade","floor":11.0},{"not_picked":["Intimidate","Body Slam"],"picked":"Spot Weakness","floor":13.0},{"not_picked":["Blood for Blood","Heavy Blade"],"picked":"Dropkick","floor":14.0},{"not_picked":["Berserk","Double Tap"],"picked":"Feed","floor":16.0},{"not_picked":["True Grit","Clothesline"],"picked":"Seeing Red","floor":18.0},{"not_picked":["Perfected Strike","Cleave+1"],"picked":"Rampage+1","floor":20.0},{"not_picked":["Sword Boomerang+1","Pommel Strike","Warcry"],"picked":"SKIP","floor":21.0},{"not_picked":["Flex","Second Wind"],"picked":"Inflame+1","floor":23.0},{"not_picked":["Heavy Blade","Body Slam+1"],"picked":"Shrug It Off","floor":24.0},{"not_picked":["Sword Boomerang+1","True Grit"],"picked":"Iron Wave+1","floor":29.0},{"not_picked":["Bludgeon","Blood for Blood"],"picked":"Heavy Blade+1","floor":30.0},{"not_picked":["Searing Blow+1","Brutality"],"picked":"Twin Strike+1","floor":31.0},{"not_picked":["Heavy Blade+1","Anger+1"],"picked":"Pummel+1","floor":32.0},{"not_picked":["Impervious","Corruption"],"picked":"Juggernaut","floor":33.0},{"not_picked":["Power Through+1","Shockwave"],"picked":"Shrug It Off","floor":35.0},{"not_picked":["Flame Barrier","True Grit+1"],"picked":"Rage","floor":36.0},{"not_picked":["Armaments+1","Dark Embrace"],"picked":"Twin Strike+1","floor":38},{"not_picked":["Searing Blow+1","Body Slam+1","Pommel Strike+1"],"picked":"SKIP","floor":41},{"not_picked":["Seeing Red","Pommel Strike+1"],"picked":"Iron Wave+1","floor":42},{"not_picked":["Flex+1","Whirlwind+1"],"picked":"Pummel+1","floor":44},{"not_picked":["Dropkick+1","Flex"],"picked":"Barricade","floor":46},{"not_picked":["Perfected Strike+1","Burning Pact+1","Body Slam+1"],"picked":"SKIP","floor":46},{"not_picked":["Spot Weakness","Barricade"],"picked":"Combust+1","floor":47},{"not_picked":["Bloodletting","Headbutt+1","Dark Embrace"],"picked":"SKIP","floor":47},{"not_picked":["Warcry+1","Dark Embrace","Sword Boomerang+1"],"picked":"SKIP","floor":48},{"not_picked":["True Grit+1","Entrench"],"picked":"Inflame+1","floor":49}],"player_experience":45995,"relics_obtained":[{"floor":6.0,"key":"Unceasing Top"},{"floor":9.0,"key":"InkBottle"},{"floor":12.0,"key":"Bottled Lightning"},{"floor":23.0,"key":"Dream Catcher"},{"floor":26.0,"key":"Kunai"},{"floor":31.0,"key":"Molten Egg 2"},{"floor":43,"key":"Omamori"},{"floor":45,"key":"Prayer Wheel"},{"floor":48,"key":"Self Forming Clay"}],"event_choices":[{"damage_healed":0.0,"max_hp_gain":0.0,"max_hp_loss":0.0,"gold_gain":0.0,"cards_transformed":["Strike_R"],"event_name":"Living Wall","player_choice":"Change","floor":5.0,"gold_loss":0.0,"damage_taken":0.0,"cards_obtained":["Seeing Red"]},{"damage_healed":64.0,"max_hp_gain":0.0,"max_hp_loss":80.0,"gold_gain":0.0,"event_name":"betterThird:BetterShining","player_choice":"Embrace Burn","floor":8.0,"gold_loss":0.0,"damage_taken":0.0},{"cards_removed":["Demon Form"],"damage_healed":0.0,"max_hp_gain":0.0,"max_hp_loss":0.0,"gold_gain":0.0,"event_name":"betterNote:BetterNote","player_choice":"Take \u0026 Give","floor":19.0,"gold_loss":0.0,"damage_taken":0.0,"cards_obtained":["Demon Form"]},{"damage_healed":0.0,"max_hp_gain":0.0,"max_hp_loss":0.0,"gold_gain":99.0,"event_name":"betterThird:BetterNest","player_choice":"Steal","floor":25.0,"gold_loss":0.0,"damage_taken":0.0},{"damage_healed":0.0,"max_hp_gain":0.0,"max_hp_loss":0.0,"gold_gain":0.0,"event_name":"Duplicator","player_choice":"Copied","floor":28.0,"gold_loss":0.0,"damage_taken":0.0,"cards_obtained":["Inflame"]},{"damage_healed":0,"gold_gain":0,"player_choice":"Rummage","damage_taken":0,"relics_obtained":["WarpedTongs"],"max_hp_gain":0,"max_hp_loss":0,"event_name":"Accursed Blacksmith","floor":39,"gold_loss":0,"cards_obtained":["Pain"]}],"is_beta":false,"boss_relics":[{"not_picked":["Ectoplasm","Runic Cube"],"picked":"Velvet Choker"},{"not_picked":["Coffee Dripper","Runic Dome"],"picked":"Fusion Hammer"}],"items_purged_floors":[22,22,37],"is_endless":false,"potions_floor_spawned":[4,6,11,13,18,21,29,33,35,46,47],"ascension_level":0}}