{"host":"zftkeu5v9gqs3wr3","time":1608378583,"event":{"mods":["Act Like it!","Bard","BaseMod","CapriCore","Curses Come First","Elementarium","Gensokyo","Hermit","Jorbs\u0027s Wanderer Trilogy","Mad Scientist","Minty Spire (QoL Compilation)","Potionbrewer","Rare Cards Sparkle","Shade Mod","StSLib","The Cursed","The Immortal","The Runesmith","TheSwordswoman"],"gold_per_floor":[116,191,202,271,282,282,294,312,337,337,40,40,40,52,52,156,156,151,18,37,47,47,47,59,59,84,115,39,39,59,75,75,173,173,190,264,264,314,314,314,330,330,330],"floor_reached":42,"playtime":5960,"items_purged":[],"score":433,"play_id":"580bd379-1cf9-400c-a46d-059e3c2accc4","local_time":"20201219114943","is_ascension_mode":false,"campfire_choices":[{"data":"TheCursedMod:Stigma","floor":6,"key":"SMITH"},{"data":"TheCursedMod:TroublousMinions","floor":10,"key":"SMITH"},{"data":"TheCursedMod:RapidMovement","floor":12,"key":"SMITH"},{"data":"TheCursedMod:Evocation","floor":15,"key":"SMITH"},{"data":"TheCursedMod:SurpriseAttack","floor":23,"key":"SMITH"},{"data":"TheCursedMod:SurpriseAttack","floor":25,"key":"SMITH"},{"data":"TheCursedMod:BlessingInDisguise","floor":29,"key":"SMITH"},{"floor":32,"key":"REST"},{"data":"TheCursedMod:Hemoplague","floor":40,"key":"SMITH"}],"circlet_count":0,"master_deck":["TheCursedMod:Defend_TheCursed","TheCursedMod:Defend_TheCursed","TheCursedMod:Defend_TheCursed","TheCursedMod:CursedWand+1","TheCursedMod:CleanUpWorkshop","TheCursedMod:Dregs","TheCursedMod:RapidMovement+1","TheCursedMod:TroublousMinions+1","TheCursedMod:Stigma+1","TheCursedMod:Mangle","TheCursedMod:Evocation+1","TheCursedMod:SurpriseAttack+1","TheCursedMod:StunningStrike","CurseOfTheBell","TheCursedMod:Obscuration","TheCursedMod:BlessingInDisguise+1","TheCursedMod:SurpriseAttack+1","Bite","Bite","Bite","Bite","Bite","TheCursedMod:HellsGateOpen+1","TheCursedMod:AntiAging","TheCursedMod:VitalStrike","TheCursedMod:CursedBlade","TheCursedMod:CursedAmulet","TheCursedMod:Hemoplague+1","TheCursedMod:DemonSword","TheCursedMod:DoubleShield","TheCursedMod:TacticalStrike"],"relics":["TheCursedMod:BlackMagic101","Bottled Lightning","Strawberry","Tiny Chest","ClockworkSouvenir","Calling Bell","MawBank","potionbrewer:BottledElixir","Unceasing Top","Lee\u0027s Waffle","Bag of Preparation","Letter Opener","SacredBark","TheCursedMod:BloodyHarpoon","TungstenRod"],"acts_visited":["Exordium","TheCity","TheBeyond"],"potions_floor_usage":[3,14,21,33,33,38,42],"damage_taken":[{"damage":3,"enemies":"Small Slimes","floor":1,"turns":3},{"damage":3,"enemies":"Jaw Worm","floor":3,"turns":4},{"damage":0,"enemies":"2 Louse","floor":5,"turns":3},{"damage":3,"enemies":"Lots of Slimes","floor":7,"turns":5},{"damage":0,"enemies":"3 Louse","floor":8,"turns":4},{"damage":6,"enemies":"Large Slime","floor":14,"turns":8},{"damage":32,"enemies":"Hexaghost","floor":16,"turns":9},{"damage":28,"enemies":"2 Thieves","floor":18,"turns":5},{"damage":20,"enemies":"Spheric Guardian","floor":20,"turns":6},{"damage":17,"enemies":"Snake Plant","floor":21,"turns":6},{"damage":10,"enemies":"Snecko","floor":24,"turns":5},{"damage":44,"enemies":"Slavers","floor":27,"turns":9},{"damage":11,"enemies":"3 Cultists","floor":30,"turns":5},{"damage":6,"enemies":"Cultist and Chosen","floor":31,"turns":8},{"damage":22,"enemies":"Champ","floor":33,"turns":20},{"damage":42,"enemies":"3 Darklings","floor":35,"turns":6},{"damage":0,"enemies":"Mind Bloom Boss Battle","floor":38,"turns":7},{"damage":4,"enemies":"3 Shapes","floor":41,"turns":4},{"damage":67,"enemies":"Nemesis","floor":42,"turns":6}],"seed_played":"-2028452566644093615","potions_obtained":[{"floor":1,"key":"AttackPotion"},{"floor":8,"key":"SpeedPotion"},{"floor":20,"key":"Swift Potion"},{"floor":27,"key":"Block Potion"},{"floor":30,"key":"SpeedPotion"},{"floor":33,"key":"Fire Potion"},{"floor":41,"key":"Dexterity Potion"}],"is_trial":false,"path_per_floor":["M","?","M","T","M","R","M","M","T","R","$","R","?","M","R","B",null,"M","$","M","M","?","R","M","R","T","E","$","R","M","M","R","B",null,"M","T","?","?","?","R","M","E"],"character_chosen":"THE_CURSED","items_purchased":["Tiny Chest","ClockworkSouvenir","Lee\u0027s Waffle","TheCursedMod:VitalStrike","TheCursedMod:CursedBlade"],"campfire_rested":1,"item_purchase_floors":[11,11,19,28,28],"current_hp_per_floor":[72,61,58,58,58,58,55,55,62,62,62,62,62,56,56,24,82,54,89,69,52,52,52,54,54,54,24,24,24,21,23,42,44,68,28,28,28,34,34,34,32,0,0],"gold":330,"neow_bonus":"UPGRADE_CARD","is_daily":false,"chose_seed":false,"campfire_upgraded":8,"win_rate":0.0,"timestamp":1608378583,"path_taken":["M","?","M","?","M","R","M","M","T","R","?","R","?","M","R","BOSS","M","$","M","?","?","R","M","R","T","E","$","R","M","M","R","BOSS","M","?","?","?","?","R","M","E"],"items_purchased_type":["Relic","Relic","Relic","Card","Card"],"build_version":"2020-12-13","purchased_purges":0,"victory":false,"max_hp_per_floor":[75,75,75,75,75,75,75,75,82,82,82,82,82,82,82,82,82,82,89,89,89,62,62,62,62,62,62,62,62,64,66,66,68,68,68,68,68,70,70,70,70,70,70],"card_choices":[{"not_picked":["TheCursedMod:CircleOfAmplification","TheCursedMod:CursedShiv"],"picked":"TheCursedMod:RapidMovement","floor":1},{"not_picked":["TheCursedMod:SpitefulPray","TheCursedMod:SpitefulPlan"],"picked":"TheCursedMod:TroublousMinions","floor":3},{"not_picked":["TheCursedMod:TacticalStrike","TheCursedMod:CircleOfWindfury"],"picked":"TheCursedMod:Stigma","floor":5},{"not_picked":["TheCursedMod:CursedBlade","TheCursedMod:Stigma"],"picked":"TheCursedMod:Mangle","floor":7},{"not_picked":["TheCursedMod:CircleOfFocus","TheCursedMod:CursedMace"],"picked":"TheCursedMod:Evocation","floor":8},{"not_picked":["TheCursedMod:CursedArmor","TheCursedMod:Torture"],"picked":"TheCursedMod:SurpriseAttack","floor":14},{"not_picked":["TheCursedMod:AntiAging","TheCursedMod:ParallelWorld"],"picked":"TheCursedMod:StunningStrike","floor":16},{"not_picked":["TheCursedMod:BloodBarrier","TheCursedMod:Torture"],"picked":"TheCursedMod:Obscuration","floor":18},{"not_picked":["TheCursedMod:EmpowerCircles","TheCursedMod:SurpriseAttack"],"picked":"TheCursedMod:BlessingInDisguise","floor":20},{"not_picked":["TheCursedMod:SmokeScreen+1","TheCursedMod:CursedBlade"],"picked":"TheCursedMod:SurpriseAttack","floor":21},{"not_picked":["TheCursedMod:Grudge+1","TheCursedMod:DoubleShield"],"picked":"TheCursedMod:HellsGateOpen+1","floor":24},{"not_picked":["TheCursedMod:ReleasedStrength","TheCursedMod:DoubleShield"],"picked":"TheCursedMod:AntiAging","floor":27},{"not_picked":["TheCursedMod:FleshFromBone","TheCursedMod:ReleasedStrength"],"picked":"TheCursedMod:CursedAmulet","floor":30},{"not_picked":["TheCursedMod:SpitefulPlan","TheCursedMod:WearCloak"],"picked":"TheCursedMod:Hemoplague","floor":31},{"not_picked":["TheCursedMod:NeowsMight","TheCursedMod:DemonicPact"],"picked":"TheCursedMod:DemonSword","floor":33},{"not_picked":["TheCursedMod:Torture+1","TheCursedMod:CursedMace"],"picked":"TheCursedMod:Wield+1","floor":35},{"not_picked":["TheCursedMod:CursedStaff","TheCursedMod:CircleOfFlame"],"picked":"TheCursedMod:DoubleShield","floor":38},{"not_picked":["TheCursedMod:CursedArmor","TheCursedMod:AshesToAshes"],"picked":"TheCursedMod:TacticalStrike","floor":41}],"player_experience":90662,"relics_obtained":[{"floor":4,"key":"Bottled Lightning"},{"floor":9,"key":"Strawberry"},{"floor":17,"key":"MawBank"},{"floor":17,"key":"potionbrewer:BottledElixir"},{"floor":17,"key":"Unceasing Top"},{"floor":26,"key":"Bag of Preparation"},{"floor":27,"key":"Letter Opener"},{"floor":36,"key":"TheCursedMod:BloodyHarpoon"},{"floor":38,"key":"TungstenRod"}],"event_choices":[{"damage_healed":0,"gold_gain":75,"player_choice":"Gather Gold","damage_taken":11,"max_hp_gain":0,"max_hp_loss":0,"event_name":"World of Goop","floor":2,"gold_loss":0},{"cards_removed":["TheCursedMod:Defend_TheCursed"],"damage_healed":0,"gold_gain":0,"player_choice":"Purged","damage_taken":0,"max_hp_gain":0,"max_hp_loss":0,"event_name":"Purifier","floor":13,"gold_loss":0},{"damage_healed":0,"gold_gain":0,"player_choice":"Became a vampire","damage_taken":0,"max_hp_gain":0,"max_hp_loss":27,"event_name":"Vampires","floor":22,"gold_loss":0,"cards_obtained":["Bite","Bite","Bite","Bite","Bite"]},{"damage_healed":0,"gold_gain":0,"player_choice":"Ignored","damage_taken":0,"max_hp_gain":0,"max_hp_loss":0,"event_name":"Tomb of Lord Red Mask","floor":37,"gold_loss":0},{"damage_healed":0,"gold_gain":0,"player_choice":"Fight","damage_taken":0,"max_hp_gain":0,"max_hp_loss":0,"event_name":"MindBloom","floor":38,"gold_loss":0},{"cards_removed":["TheCursedMod:Wield"],"damage_healed":0,"gold_gain":0,"player_choice":"Removed Attack","damage_taken":0,"max_hp_gain":0,"max_hp_loss":0,"event_name":"Falling","floor":39,"gold_loss":0}],"is_beta":false,"boss_relics":[{"not_picked":["SlaversCollar","Cursed Key"],"picked":"Calling Bell"},{"not_picked":["Sozu","Snecko Eye"],"picked":"SacredBark"}],"items_purged_floors":[],"is_endless":false,"potions_floor_spawned":[1,8,20,27,30,33,41],"killed_by":"Nemesis","ascension_level":0}}