{"host":"x8sop9v6zw8yitbt","time":1608403375,"event":{"mods":["BaseMod","Block Reminder","Colored Powertips","DeckTracker","Minty Spire (QoL Compilation)","Permanent Neow","Quick Restart","Relic Stats","Slay-I","StSLib"],"gold_per_floor":[109,109,121,121,140,140,165,183,210,237,65,77,77,77,77],"floor_reached":14,"playtime":284,"items_purged":["Strike_G"],"score":105,"play_id":"07699db2-8255-45bd-abf3-8129f6ba31a3","local_time":"20201219134255","is_ascension_mode":true,"campfire_choices":[{"data":"Dash","floor":6,"key":"SMITH"}],"circlet_count":0,"master_deck":["Strike_G","Strike_G","Strike_G","Strike_G","Defend_G","Defend_G","Defend_G","Defend_G","Defend_G","Survivor","Neutralize+1","Dash+1","Dagger Spray","Corpse Explosion","Blind"],"relics":["Ring of the Snake","Tiny Chest","Orichalcum","Pen Nib","Anchor","SsserpentHead"],"acts_visited":["Exordium"],"potions_floor_usage":[],"damage_taken":[{"damage":1,"enemies":"Cultist","floor":1,"turns":5},{"damage":0,"enemies":"Jaw Worm","floor":3,"turns":3},{"damage":2,"enemies":"Small Slimes","floor":5,"turns":3},{"damage":17,"enemies":"Gremlin Nob","floor":7,"turns":5},{"damage":0,"enemies":"Looter","floor":8,"turns":3},{"damage":10,"enemies":"3 Sentries","floor":10,"turns":3},{"damage":0,"enemies":"3 Louse","floor":12,"turns":3},{"damage":0,"enemies":"Gremlin Nob","floor":14,"turns":2}],"seed_played":"3154233012353797724","potions_obtained":[{"floor":4,"key":"SmokeBomb"},{"floor":4,"key":"GamblersBrew"},{"floor":4,"key":"Strength Potion"},{"floor":8,"key":"LiquidMemories"}],"is_trial":false,"path_per_floor":["M","?","M","?","M","R","E","M","T","E","$","M","?","E"],"character_chosen":"THE_SILENT","items_purchased":["Blind"],"campfire_rested":0,"item_purchase_floors":[11],"current_hp_per_floor":[69,62,62,62,60,60,43,43,43,33,33,33,33,33,33],"gold":77,"neow_bonus":"UPGRADE_CARD","is_daily":false,"chose_seed":false,"campfire_upgraded":1,"win_rate":0.0,"timestamp":1608403375,"path_taken":["M","?","M","?","M","R","E","M","T","E","$","?","?","E"],"items_purchased_type":["Card"],"build_version":"2020-12-13","purchased_purges":1,"victory":false,"max_hp_per_floor":[70,70,70,70,70,70,70,70,70,70,70,70,70,70,70],"relic_stats":{"SsserpentHead":0,"counters":[8,27],"Tiny Chest":0,"Pen Nib":[1],"Orichalcum":[12],"obtain_stats":[{"SsserpentHead":13,"Anchor":10,"Tiny Chest":2,"Pen Nib":9,"Orichalcum":7,"Ring of the Snake":0},{"SsserpentHead":7,"Anchor":6,"Tiny Chest":1,"Pen Nib":5,"Orichalcum":4,"Ring of the Snake":0},{"SsserpentHead":25,"Anchor":22,"Tiny Chest":5,"Pen Nib":19,"Orichalcum":16,"Ring of the Snake":0}],"Ring of the Snake":[16]},"card_choices":[{"not_picked":["Deflect","Backstab"],"picked":"Dash","floor":1},{"not_picked":["Heel Hook","Outmaneuver","Distraction"],"picked":"SKIP","floor":3},{"not_picked":["Blade Dance","Bane","Sucker Punch"],"picked":"SKIP","floor":5},{"not_picked":["Cloak And Dagger","Calculated Gamble"],"picked":"Dagger Spray","floor":7},{"not_picked":["Dagger Throw","Blade Dance"],"picked":"Corpse Explosion","floor":8},{"not_picked":["All Out Attack","Expertise","Setup"],"picked":"SKIP","floor":10},{"not_picked":["Slice","Blade Dance","Caltrops"],"picked":"SKIP","floor":12}],"player_experience":874072,"relics_obtained":[{"floor":7,"key":"Orichalcum"},{"floor":9,"key":"Pen Nib"},{"floor":10,"key":"Anchor"}],"event_choices":[{"damage_healed":0,"gold_gain":0,"player_choice":"Success","damage_taken":7,"relics_obtained":["Tiny Chest"],"max_hp_gain":0,"max_hp_loss":0,"event_name":"Scrap Ooze","floor":2,"gold_loss":0},{"damage_healed":0,"gold_gain":0,"player_choice":"Got Potions","damage_taken":0,"max_hp_gain":0,"max_hp_loss":0,"event_name":"Lab","floor":4,"gold_loss":0},{"damage_healed":0,"gold_gain":0,"player_choice":"Trade","damage_taken":0,"relics_obtained":["SsserpentHead"],"max_hp_gain":0,"max_hp_loss":0,"event_name":"FaceTrader","floor":13,"gold_loss":0}],"is_beta":false,"boss_relics":[],"items_purged_floors":[11],"is_endless":false,"potions_floor_spawned":[5,7,8,10],"killed_by":"Gremlin Nob","ascension_level":1}}