{"host":"q9718omregw4er46","time":1608409094,"event":{"mods":["BaseMod","Bestiary","Colored Powertips","Minty Spire (QoL Compilation)","Quick Restart","Relic Stats"],"gold_per_floor":[15,30,30,42,92,92,127,127,127,160,176,204,204,266,266,338,338,349,349,361,372,382,409,409,444,444,470,490,490,504,514,514,588,588,605,373,398,410,458,491,491,524,573,573,573,603,613,624,624,624,624],"floor_reached":50,"playtime":2538,"items_purged":["Strike_B"],"score":1220,"play_id":"2185eec7-8ae9-4a26-857d-0bb57b58e4c9","local_time":"20201220011814","is_ascension_mode":true,"campfire_choices":[{"data":"Cold Snap","floor":6.0,"key":"SMITH"},{"data":"Self Repair","floor":8.0,"key":"SMITH"},{"data":"Capacitor","floor":15.0,"key":"SMITH"},{"data":"Defragment","floor":29,"key":"SMITH"},{"data":"Seek","floor":32,"key":"SMITH"},{"data":"Biased Cognition","floor":41,"key":"SMITH"},{"floor":44,"key":"RECALL"},{"data":"Sunder","floor":49,"key":"SMITH"}],"circlet_count":0,"master_deck":["AscendersBane","Strike_B","Strike_B+1","Strike_B+1","Defend_B","Defend_B","Defend_B","Defend_B","Zap","Dualcast","Electrodynamics+1","Cold Snap+1","Self Repair+1","Steam","Capacitor+1","Seek+1","Genetic Algorithm","Core Surge","Defragment+1","Fusion","Sunder+1","White Noise","Thunder Strike","Biased Cognition+1","Recycle","Machine Learning","Creative AI","Core Surge+1","Compile Driver+1","Self Repair","All For One+1","Force Field","Loop"],"relics":["Cracked Core","Lantern","CaptainsWheel","Regal Pillow","DataDisk","Eternal Feather","Snecko Eye","Orichalcum","Nloth\u0027s Gift","Akabeko","InkBottle","Molten Egg 2","Inserter","Bird Faced Urn","Unceasing Top","Ornamental Fan","Toy Ornithopter","HornCleat","Blue Candle"],"acts_visited":["Exordium","TheCity","TheBeyond"],"potions_floor_usage":[16,25],"damage_taken":[{"damage":0.0,"enemies":"Small Slimes","floor":1.0,"turns":2.0},{"damage":7.0,"enemies":"Jaw Worm","floor":2.0,"turns":4.0},{"damage":6.0,"enemies":"2 Louse","floor":4.0,"turns":2.0},{"damage":9.0,"enemies":"Gremlin Nob","floor":7.0,"turns":3.0},{"damage":22.0,"enemies":"Lagavulin","floor":10.0,"turns":6.0},{"damage":9.0,"enemies":"2 Fungi Beasts","floor":11.0,"turns":3.0},{"damage":14.0,"enemies":"3 Sentries","floor":12.0,"turns":5.0},{"damage":5.0,"enemies":"Gremlin Nob","floor":14.0,"turns":4.0},{"damage":9,"enemies":"Hexaghost","floor":16,"turns":7},{"damage":8,"enemies":"Spheric Guardian","floor":18,"turns":3},{"damage":0,"enemies":"Chosen","floor":20,"turns":5},{"damage":12,"enemies":"3 Cultists","floor":21,"turns":3},{"damage":0,"enemies":"Snecko","floor":22,"turns":4},{"damage":35,"enemies":"Book of Stabbing","floor":23,"turns":4},{"damage":36,"enemies":"Slavers","floor":25,"turns":5},{"damage":12,"enemies":"Gremlin Leader","floor":27,"turns":4},{"damage":21,"enemies":"Centurion and Healer","floor":28,"turns":5},{"damage":0,"enemies":"3 Cultists","floor":30,"turns":2},{"damage":0,"enemies":"Chosen and Byrds","floor":31,"turns":4},{"damage":14,"enemies":"Champ","floor":33,"turns":10},{"damage":0,"enemies":"3 Shapes","floor":35,"turns":2},{"damage":0,"enemies":"Mind Bloom Boss Battle","floor":37,"turns":5},{"damage":8,"enemies":"3 Darklings","floor":38,"turns":5},{"damage":79,"enemies":"2 Orb Walkers","floor":39,"turns":5},{"damage":12,"enemies":"Reptomancer","floor":40,"turns":5},{"damage":52,"enemies":"Giant Head","floor":42,"turns":6},{"damage":3,"enemies":"Reptomancer","floor":46,"turns":4},{"damage":39,"enemies":"Transient","floor":47,"turns":6},{"damage":54,"enemies":"Writhing Mass","floor":48,"turns":4},{"damage":111,"enemies":"Awakened One","floor":50,"turns":6}],"seed_played":"8090956313178109701","potions_obtained":[{"floor":1.0,"key":"SpeedPotion"},{"floor":2.0,"key":"Block Potion"},{"floor":14.0,"key":"EssenceOfDarkness"},{"floor":16,"key":"FearPotion"},{"floor":18,"key":"Energy Potion"},{"floor":20,"key":"Weak Potion"},{"floor":25,"key":"FairyPotion"},{"floor":28,"key":"Ancient Potion"},{"floor":30,"key":"Swift Potion"},{"floor":37,"key":"Fire Potion"},{"floor":42,"key":"FairyPotion"}],"is_trial":false,"path_per_floor":["M","M","?","M","T","R","E","R","T","E","M","E","?","?","R","B",null,"M","?","M","M","M","E","?","E","T","E","M","R","M","M","R","B",null,"M","$","?","M","?","E","R","E","T","R","?","E","M","M","R","B"],"character_chosen":"DEFECT","items_purchased":["Core Surge+1"],"campfire_rested":0,"item_purchase_floors":[36],"current_hp_per_floor":[64,57,57,51,51,51,42,42,42,30,31,27,6,11,20,21,59,61,61,71,69,71,46,46,20,20,18,31,46,56,66,71,67,70,71,71,71,71,34,52,70,54,54,71,71,71,63,44,62,0,0],"gold":624,"neow_bonus":"THREE_RARE_CARDS","is_daily":false,"chose_seed":false,"campfire_upgraded":7,"win_rate":0.0,"timestamp":1608409094,"path_taken":["M","M","?","M","?","R","E","R","T","E","M","E","?","?","R","BOSS","M","?","M","M","M","E","?","E","T","E","M","R","M","?","R","BOSS","M","$","?","M","?","E","R","E","T","R","?","E","M","M","R","BOSS"],"items_purchased_type":["Card"],"build_version":"2020-12-13","purchased_purges":1,"victory":false,"max_hp_per_floor":[71,71,71,71,71,71,71,71,71,71,71,71,71,71,71,71,71,71,71,71,71,71,71,71,71,71,71,71,71,71,71,71,71,71,71,71,71,71,71,71,71,71,71,71,71,71,71,71,71,71,71],"relic_stats":{"Regal Pillow":0,"Inserter":[23],"counters":[30,133],"Blue Candle":[0],"Eternal Feather":82,"Orichalcum":[174],"Ornamental Fan":[32],"Bird Faced Urn":[112],"Snecko Eye":[188,176,174,184],"Nloth\u0027s Gift":4,"obtain_stats":[{"Potion Belt":10,"Lantern":5,"Regal Pillow":9,"Inserter":34,"Blue Candle":46,"Eternal Feather":14,"Orichalcum":23,"Akabeko":25,"CaptainsWheel":7,"DataDisk":12,"HornCleat":45,"Ornamental Fan":40,"Bird Faced Urn":37,"Snecko Eye":17,"Molten Egg 2":27,"Nloth\u0027s Gift":24,"Cracked Core":0,"InkBottle":26,"Unceasing Top":39,"Toy Ornithopter":42},{"Potion Belt":5,"Lantern":3,"Regal Pillow":4,"Inserter":20,"Blue Candle":27,"Eternal Feather":8,"Orichalcum":14,"Akabeko":15,"CaptainsWheel":4,"DataDisk":7,"HornCleat":26,"Ornamental Fan":25,"Bird Faced Urn":22,"Snecko Eye":9,"Molten Egg 2":16,"Nloth\u0027s Gift":14,"Cracked Core":0,"InkBottle":15,"Unceasing Top":24,"Toy Ornithopter":26},{"Potion Belt":17,"Lantern":8,"Regal Pillow":11,"Inserter":85,"Blue Candle":117,"Eternal Feather":29,"Orichalcum":55,"Akabeko":60,"CaptainsWheel":11,"DataDisk":25,"HornCleat":113,"Ornamental Fan":107,"Bird Faced Urn":92,"Snecko Eye":36,"Molten Egg 2":64,"Nloth\u0027s Gift":55,"Cracked Core":0,"InkBottle":60,"Unceasing Top":102,"Toy Ornithopter":113}],"InkBottle":[34],"Unceasing Top":[0],"Toy Ornithopter":0},"card_choices":[{"not_picked":["Multi-Cast","Buffer"],"picked":"Electrodynamics","floor":0.0},{"not_picked":["Reprogram","Redo","Steam Power"],"picked":"SKIP","floor":1.0},{"not_picked":["Stack","Beam Cell"],"picked":"Cold Snap","floor":2.0},{"not_picked":["Coolheaded","Conserve Battery","Rebound"],"picked":"SKIP","floor":4.0},{"not_picked":["Reboot","Conserve Battery"],"picked":"Self Repair","floor":7.0},{"not_picked":["Redo","Self Repair"],"picked":"Steam","floor":10.0},{"not_picked":["Auto Shields","Conserve Battery"],"picked":"Capacitor","floor":11.0},{"not_picked":["Barrage","Steam"],"picked":"Seek","floor":12.0},{"not_picked":["Steam","Sweeping Beam"],"picked":"Genetic Algorithm","floor":14.0},{"not_picked":["Multi-Cast","Meteor Strike"],"picked":"Core Surge","floor":16},{"not_picked":["Double Energy","BootSequence+1","Stack"],"picked":"SKIP","floor":18},{"not_picked":["Ball Lightning","Consume"],"picked":"Fusion","floor":20},{"not_picked":["Go for the Eyes","Sweeping Beam"],"picked":"Sunder","floor":21},{"not_picked":["Turbo","Cold Snap"],"picked":"White Noise","floor":22},{"not_picked":["Chill+1","Chaos"],"picked":"Thunder Strike","floor":23},{"not_picked":["Lockon","Leap+1","Rebound"],"picked":"SKIP","floor":25},{"not_picked":["Go for the Eyes+1","Coolheaded"],"picked":"Biased Cognition","floor":27},{"not_picked":["Coolheaded","Gash+1"],"picked":"Recycle","floor":28},{"not_picked":["Barrage+1","Conserve Battery","Steam"],"picked":"SKIP","floor":30},{"not_picked":["Steam+1","Ball Lightning+1"],"picked":"Machine Learning","floor":31},{"not_picked":["Electrodynamics","Amplify"],"picked":"Creative AI","floor":33},{"not_picked":["Aggregate","Sweeping Beam+1","Leap"],"picked":"SKIP","floor":35},{"not_picked":["Melter+1","Double Energy"],"picked":"Compile Driver+1","floor":37},{"not_picked":["Genetic Algorithm","Stack","Steam"],"picked":"SKIP","floor":38},{"not_picked":["Reinforced Body","Chaos"],"picked":"Self Repair","floor":39},{"not_picked":["White Noise+1","Tempest+1"],"picked":"All For One+1","floor":40},{"not_picked":["Recycle","Chaos+1"],"picked":"Force Field","floor":42},{"not_picked":["Machine Learning","Chaos"],"picked":"Loop","floor":46},{"not_picked":["Rebound+1","Redo","Melter+1"],"picked":"SKIP","floor":47},{"not_picked":["Stack","Loop","Streamline+1"],"picked":"SKIP","floor":48}],"player_experience":1063916,"relics_obtained":[{"floor":5.0,"key":"Lantern"},{"floor":7.0,"key":"CaptainsWheel"},{"floor":9.0,"key":"Regal Pillow"},{"floor":10.0,"key":"Potion Belt"},{"floor":12.0,"key":"DataDisk"},{"floor":14.0,"key":"Eternal Feather"},{"floor":23,"key":"Orichalcum"},{"floor":25,"key":"Akabeko"},{"floor":26,"key":"InkBottle"},{"floor":27,"key":"Molten Egg 2"},{"floor":37,"key":"Bird Faced Urn"},{"floor":39,"key":"Unceasing Top"},{"floor":40,"key":"Ornamental Fan"},{"floor":42,"key":"Toy Ornithopter"},{"floor":46,"key":"Blue Candle"}],"event_choices":[{"damage_healed":0.0,"max_hp_gain":0.0,"max_hp_loss":0.0,"gold_gain":0.0,"event_name":"Living Wall","player_choice":"Grow","floor":3.0,"gold_loss":0.0,"damage_taken":0.0,"cards_upgraded":["Electrodynamics"]},{"damage_healed":0.0,"max_hp_gain":0.0,"max_hp_loss":0.0,"gold_gain":0.0,"event_name":"Shining Light","player_choice":"Entered Light","floor":13.0,"gold_loss":0.0,"damage_taken":21.0,"cards_upgraded":["Strike_B","Strike_B"]},{"damage_healed":0.0,"max_hp_gain":0.0,"max_hp_loss":0.0,"gold_gain":0.0,"event_name":"Dead Adventurer","player_choice":"Searched \u00272\u0027 times","floor":14.0,"gold_loss":0.0,"damage_taken":0.0},{"damage_healed":0,"gold_gain":0,"player_choice":"Read","damage_taken":0,"max_hp_gain":0,"max_hp_loss":0,"event_name":"The Library","floor":19,"gold_loss":0,"cards_obtained":["Defragment"]},{"damage_healed":0,"gold_gain":0,"player_choice":"Traded Relic","damage_taken":0,"relics_obtained":["Nloth\u0027s Gift"],"max_hp_gain":0,"max_hp_loss":0,"event_name":"N\u0027loth","floor":24,"relics_lost":["Potion Belt"],"gold_loss":0},{"damage_healed":0,"gold_gain":0,"player_choice":"Fight","damage_taken":0,"max_hp_gain":0,"max_hp_loss":0,"event_name":"MindBloom","floor":37,"gold_loss":0},{"damage_healed":0,"gold_gain":0,"player_choice":"Fight","damage_taken":0,"max_hp_gain":0,"max_hp_loss":0,"event_name":"Mysterious Sphere","floor":39,"gold_loss":0},{"damage_healed":0,"gold_gain":0,"player_choice":"Gave Potion","damage_taken":0,"relics_obtained":["HornCleat"],"max_hp_gain":0,"max_hp_loss":0,"event_name":"WeMeetAgain","floor":45,"gold_loss":0}],"is_beta":false,"boss_relics":[{"not_picked":["Tiny House","Fusion Hammer"],"picked":"Snecko Eye"},{"not_picked":["SacredBark","Nuclear Battery"],"picked":"Inserter"}],"items_purged_floors":[36],"is_endless":false,"potions_floor_spawned":[1,2,14,16,18,20,25,28,30,37,38,42],"killed_by":"Awakened One","ascension_level":20}}