{"host":"jksa5rawk3m4gilz","time":1608389614,"event":{"mods":["BaseMod","Colored Map","Highlight Path","Minty Spire (QoL Compilation)","Quick Restart"],"gold_per_floor":[115,115,130,145,158,158,158,158,158],"floor_reached":8,"playtime":351,"items_purged":[],"score":79,"play_id":"5af6db86-3255-44d9-a3d7-ca0f8dcb05b6","local_time":"20201219155334","is_ascension_mode":true,"campfire_choices":[{"floor":6,"key":"REST"}],"circlet_count":0,"master_deck":["AscendersBane","Strike_P","Strike_P","Strike_P","Strike_P","Defend_P","Defend_P","Defend_P","Defend_P","Eruption","Vigilance","Doubt","DevaForm","LikeWater","LikeWater","ClearTheMind","Injury"],"relics":["PureWater","Golden Idol"],"acts_visited":["Exordium"],"potions_floor_usage":[5,5,5],"damage_taken":[{"damage":22,"enemies":"Cultist","floor":1,"turns":7},{"damage":29,"enemies":"Jaw Worm","floor":3,"turns":5},{"damage":9,"enemies":"Small Slimes","floor":4,"turns":7},{"damage":4,"enemies":"Blue Slaver","floor":5,"turns":5},{"damage":25,"enemies":"3 Sentries","floor":8,"turns":8}],"seed_played":"-1935141955142304486","potions_obtained":[{"floor":3,"key":"ColorlessPotion"},{"floor":4,"key":"EntropicBrew"}],"is_trial":false,"path_per_floor":["M","$","M","M","M","R","?","E"],"character_chosen":"WATCHER","items_purchased":[],"campfire_rested":1,"item_purchase_floors":[],"current_hp_per_floor":[43,43,14,5,1,22,22,0,0],"gold":158,"neow_bonus":"THREE_RARE_CARDS","is_daily":false,"chose_seed":false,"campfire_upgraded":0,"win_rate":0.0,"timestamp":1608389614,"path_taken":["M","?","M","M","M","R","?","E"],"items_purchased_type":[],"build_version":"2020-12-13","purchased_purges":0,"victory":false,"max_hp_per_floor":[72,72,72,72,72,72,72,72,72],"card_choices":[{"not_picked":["Devotion","Scrawl"],"picked":"DevaForm","floor":0},{"not_picked":["Meditate","Halt"],"picked":"LikeWater","floor":1},{"not_picked":["EmptyFist","FlurryOfBlows"],"picked":"LikeWater","floor":3},{"not_picked":["Consecrate","ThirdEye"],"picked":"ClearTheMind","floor":4},{"not_picked":["ClearTheMind","FollowUp","ThirdEye"],"picked":"SKIP","floor":5}],"player_experience":2038176,"relics_obtained":[],"event_choices":[{"damage_healed":0,"gold_gain":0,"player_choice":"Take Wound","damage_taken":0,"relics_obtained":["Golden Idol"],"max_hp_gain":0,"max_hp_loss":0,"event_name":"Golden Idol","floor":7,"gold_loss":0,"cards_obtained":["Injury"]}],"is_beta":false,"boss_relics":[],"items_purged_floors":[],"is_endless":false,"potions_floor_spawned":[3,4],"killed_by":"3 Sentries","ascension_level":13}}