{"host":"1hv1kueuvc4r3rdp","time":1608413950,"event":{"mods":["AchievementEnabler","BaseMod","DeckTracker","Highlight Path","Minty Spire (QoL Compilation)","Permanent Neow","StSLib"],"gold_per_floor":[409,423,443,443,461,461,495,495,495,507,507,517,485,511,511,511,511],"floor_reached":16,"playtime":836,"items_purged":[],"score":202,"play_id":"b827e322-70cd-4b75-ba78-1d3f885e067c","local_time":"20201219153910","is_ascension_mode":true,"campfire_choices":[{"floor":6,"key":"REST"},{"floor":11,"key":"REST"},{"floor":15,"key":"REST"}],"circlet_count":0,"master_deck":["AscendersBane","Strike_G","Strike_G","Strike_G","Strike_G","Strike_G","Defend_G","Defend_G","Defend_G","Defend_G","Survivor","Neutralize","Riddle With Holes","Crippling Poison","Caltrops","Dagger Spray","Dash"],"relics":["Ring of the Snake","Old Coin","Thread and Needle","Mango","Mercury Hourglass"],"acts_visited":["Exordium"],"potions_floor_usage":[7,12,13,14,16],"damage_taken":[{"damage":0,"enemies":"Cultist","floor":1,"turns":6},{"damage":6,"enemies":"Jaw Worm","floor":2,"turns":3},{"damage":4,"enemies":"Small Slimes","floor":3,"turns":4},{"damage":11,"enemies":"Exordium Wildlife","floor":5,"turns":6},{"damage":36,"enemies":"Gremlin Nob","floor":7,"turns":5},{"damage":0,"enemies":"Looter","floor":10,"turns":4},{"damage":11,"enemies":"Large Slime","floor":12,"turns":7},{"damage":17,"enemies":"Exordium Thugs","floor":13,"turns":5},{"damage":7,"enemies":"3 Sentries","floor":14,"turns":7},{"damage":60,"enemies":"Slime Boss","floor":16,"turns":8}],"seed_played":"8643698534403564210","potions_obtained":[{"floor":1,"key":"Swift Potion"},{"floor":7,"key":"AttackPotion"},{"floor":12,"key":"Fruit Juice"},{"floor":13,"key":"Energy Potion"},{"floor":14,"key":"Regen Potion"}],"is_trial":false,"path_per_floor":["M","M","M","?","M","R","E","?","T","M","R","M","M","E","R","B"],"character_chosen":"THE_SILENT","items_purchased":[],"campfire_rested":3,"item_purchase_floors":[],"current_hp_per_floor":[45,39,35,35,24,45,9,9,23,23,48,37,25,18,44,0,0],"gold":511,"neow_bonus":"ONE_RARE_RELIC","is_daily":false,"chose_seed":false,"campfire_upgraded":0,"win_rate":0.0,"timestamp":1608413950,"path_taken":["M","M","M","?","M","R","E","?","T","M","R","M","M","E","R","BOSS"],"items_purchased_type":[],"build_version":"2020-12-13","purchased_purges":0,"victory":false,"max_hp_per_floor":[70,70,70,70,70,70,70,70,84,84,84,84,89,89,89,89,89],"card_choices":[{"not_picked":["Expertise","Sucker Punch"],"picked":"Riddle With Holes","floor":1},{"not_picked":["Calculated Gamble","PiercingWail","Backflip"],"picked":"SKIP","floor":2},{"not_picked":["Flechettes","Choke"],"picked":"Crippling Poison","floor":3},{"not_picked":["Cloak And Dagger","Sucker Punch"],"picked":"Caltrops","floor":5},{"not_picked":["Riddle With Holes","PiercingWail"],"picked":"Dagger Spray","floor":7},{"not_picked":["Flechettes","Prepared"],"picked":"Dash","floor":10},{"not_picked":["Prepared","Skewer","Outmaneuver"],"picked":"SKIP","floor":12},{"not_picked":["Wraith Form v2","Dagger Spray","Catalyst"],"picked":"SKIP","floor":13},{"not_picked":["Endless Agony","Infinite Blades","Flying Knee"],"picked":"SKIP","floor":14}],"player_experience":1062977,"relics_obtained":[{"floor":7,"key":"Thread and Needle"},{"floor":9,"key":"Mango"},{"floor":14,"key":"Mercury Hourglass"}],"event_choices":[{"damage_healed":0,"gold_gain":0,"player_choice":"Ignored","damage_taken":0,"max_hp_gain":0,"max_hp_loss":0,"event_name":"Liars Game","floor":4,"gold_loss":0},{"cards_removed":["Defend_G"],"damage_healed":0,"gold_gain":0,"player_choice":"Offered Basic","damage_taken":0,"max_hp_gain":0,"max_hp_loss":0,"event_name":"Bonfire Elementals","floor":8,"gold_loss":0}],"is_beta":false,"boss_relics":[],"items_purged_floors":[],"is_endless":false,"potions_floor_spawned":[1,7,12,13,14],"killed_by":"Slime Boss","ascension_level":11}}