{"host":"m9b9nkcj1hzhp9h6","time":1608392795,"event":{"mods":["AchievementEnabler","Act Like it!","AlwaysNeverKeys","Aspiration","BaseMod","Better Altar","Better Match","Better Note","Better Sensory Stone","Better Silent Start","Better Skull","Better Third Choice","Better Vampires","BetterRewards","Booster Modes","Colored Map","Colored Powertips","Colorless Booster Pack","Conspire","Custom Start","Defective Defect","Dio Mod","Displayed Cursed Tome","Dota2Spire","Downfall","Elementarium","Emptier Cage","Energized Spire","Friendly Minions","Gensokyo","GifTheSpireLib","Halation","HexUI Lib","Hubris","Infinite Spire","Ironclad Rager","Jedi Mod","Mari Mod (Legacy)","Mari\u0027s V1 Patch","Marked Mod","Menagerie","Mimic Mod","Minty Spire (QoL Compilation)","Pale of the Ancients","Permanent Neow","Prisma Mod","RRrroohrrRGHHhhh!!","Random Character Button","Random Character Mod","Relic Sorter","Relic Stats","Remilia??????","Replay The Spire","Reworked Bosses","Robot Space Explorer","RumiaBox-????????","SCP261 Mod","SacredBarkPlus","Small Relic Pack","Spikes Relics","StSLib","Stuff the Spire","The Animator","The Blue Laboratory","The Factory","The IronCluck","The Jungle","Trackpad","Transform Curses","Useless Jewels Mod","Virulent Crown","Waifu the Spire","Wandering Minibosses","Yohane!","Yuri Mod","egg","slay the spire mod where everything is the same but ironclad has a cowboy hat","thorton","vexMod"],"gold_per_floor":[112,112,62,23,23,48,64,64,64,95,95,128,148,164,164,269,269,286,286,305,66,66,66,66],"floor_reached":23,"playtime":917,"items_purged":["Strike_R"],"score":269,"play_id":"c955b6d5-d791-4118-8f41-cb3f86c13728","local_time":"20201219174635","is_ascension_mode":true,"campfire_choices":[{"data":"Armaments","floor":11,"key":"SMITH"},{"floor":15,"key":"DIG"}],"circlet_count":0,"master_deck":["Strike_R","Strike_R","Strike_R","Defend_R","Defend_R","Defend_R","Defend_R","Bash","Armaments+1","Havoc+1","Iron Wave","Juggernaut","Barricade"],"relics":["Burning Blood","aspiration:DSix","Dota2Spire:EyeOfSkadi","Blood Vial","hubris:Towel","hubris:Icosahedron","StuffTheSpire:Tea","Bag of Marbles","Shovel","Du-Vu Doll","energizedSpire:DeadBattery","vexMod:HeadHunter"],"acts_visited":["Exordium","Exordium"],"potions_floor_usage":[16,18,23],"damage_taken":[{"damage":0,"enemies":"Cultist","floor":1,"turns":2},{"damage":19,"enemies":"3 Sentries","floor":6,"turns":10},{"damage":0,"enemies":"Small Slimes","floor":7,"turns":3},{"damage":20,"enemies":"Replay:BlueRogue","floor":10,"turns":6},{"damage":6,"enemies":"Lagavulin","floor":12,"turns":5},{"damage":3,"enemies":"Jaw Worm","floor":13,"turns":3},{"damage":2,"enemies":"Looter","floor":14,"turns":3},{"damage":51,"enemies":"Fading Forest","floor":16,"turns":11},{"damage":0,"enemies":"theJungle:5_Spyders","floor":18,"turns":4},{"damage":31,"enemies":"Shell Parasite","floor":20,"turns":8},{"damage":62,"enemies":"theJungle:MamaSnecko","floor":23,"turns":5}],"seed_played":"-655144832545374741","potions_obtained":[{"floor":1,"key":"blueLaboratory:FruitPunch"},{"floor":6,"key":"Adrenaline Potion"},{"floor":20,"key":"blueLaboratory:NullPotion"}],"is_trial":false,"path_per_floor":["M","?","?","$","?","E","M","$","T","E","R","E","M","M","R","B",null,"M","?","M","$","?","E"],"character_chosen":"IRONCLAD","items_purchased":["Havoc+1","Barricade"],"campfire_rested":0,"item_purchase_floors":[4,21],"current_hp_per_floor":[83,83,83,83,83,72,80,80,80,68,68,70,75,81,81,38,73,81,81,58,58,58,0,0],"gold":66,"neow_bonus":"DSIX","is_daily":false,"chose_seed":false,"campfire_upgraded":1,"win_rate":0.0,"timestamp":1608392795,"path_taken":["M","?","?","$","?","E","M","$","T","E","R","E","M","M","R","BOSS","M","?","M","$","?","E"],"items_purchased_type":["Card","Card"],"build_version":"2020-12-13","purchased_purges":1,"victory":false,"max_hp_per_floor":[85,85,85,85,85,85,85,85,85,85,85,85,85,85,85,85,85,85,85,85,85,85,87,87],"relic_stats":{"Blood Vial":20,"Shovel":1,"counters":[11,60],"obtain_stats":[{"Blood Vial":1,"Du-Vu Doll":15,"hubris:Icosahedron":5,"Shovel":12,"Dota2Spire:EyeOfSkadi":1,"vexMod:HeadHunter":19,"Bag of Marbles":10,"hubris:Towel":2,"aspiration:DSix":0,"energizedSpire:DeadBattery":17,"Burning Blood":0,"StuffTheSpire:Tea":6},{"Blood Vial":1,"Du-Vu Doll":7,"hubris:Icosahedron":1,"Shovel":5,"Dota2Spire:EyeOfSkadi":1,"vexMod:HeadHunter":9,"Bag of Marbles":4,"hubris:Towel":1,"aspiration:DSix":0,"energizedSpire:DeadBattery":8,"Burning Blood":0,"StuffTheSpire:Tea":2},{"Blood Vial":2,"Du-Vu Doll":32,"hubris:Icosahedron":2,"Shovel":26,"Dota2Spire:EyeOfSkadi":2,"vexMod:HeadHunter":47,"Bag of Marbles":21,"hubris:Towel":2,"aspiration:DSix":0,"energizedSpire:DeadBattery":43,"Burning Blood":0,"StuffTheSpire:Tea":12}],"Burning Blood":60},"card_choices":[{"not_picked":["ReplayTheSpireMod:Strike From Hell","Flex"],"picked":"Armaments","floor":1},{"not_picked":["Anger","Power Through"],"picked":"Iron Wave","floor":6},{"not_picked":["StuffTheSpire:RockThrow","Sword Boomerang","StuffTheSpire:BloodClot"],"picked":"SKIP","floor":7},{"not_picked":["Disarm","ReplayTheSpireMod:Stacked"],"picked":"Juggernaut","floor":10},{"not_picked":["jedi:MakeshiftSword","Dark Embrace"],"picked":"Spot Weakness","floor":12},{"not_picked":["Replay:Undeath\u0027s Touch","Body Slam","Evolve"],"picked":"SKIP","floor":13},{"not_picked":["Clothesline","Thunderclap","Replay:Undeath\u0027s Touch"],"picked":"SKIP","floor":14},{"not_picked":["Thunderclap","Heavy Blade","Shockwave"],"picked":"SKIP","floor":18},{"not_picked":["Clash","Infernal Blade","Flex+1"],"picked":"SKIP","floor":20}],"player_experience":1364529,"relics_obtained":[{"floor":1,"key":"Dota2Spire:EyeOfSkadi"},{"floor":1,"key":"Blood Vial"},{"floor":6,"key":"StuffTheSpire:Tea"},{"floor":10,"key":"Bag of Marbles"},{"floor":12,"key":"Shovel"},{"floor":15,"key":"Du-Vu Doll"}],"event_choices":[{"cards_removed":["Strike_R"],"damage_healed":0,"gold_gain":0,"player_choice":"Card Removal","damage_taken":0,"max_hp_gain":0,"max_hp_loss":0,"event_name":"The Cleric","floor":3,"gold_loss":50},{"cards_removed":["Spot Weakness"],"damage_healed":0,"gold_gain":0,"player_choice":"Gave Card","damage_taken":0,"relics_obtained":["vexMod:HeadHunter"],"max_hp_gain":0,"max_hp_loss":0,"event_name":"WeMeetAgain","floor":19,"gold_loss":0},{"cards_removed":["Barricade"],"damage_healed":0,"gold_gain":0,"player_choice":"Give","damage_taken":0,"max_hp_gain":0,"max_hp_loss":0,"event_name":"betterNote:BetterNote","floor":22,"gold_loss":0,"cards_obtained":["None"]}],"is_beta":false,"boss_relics":[{"not_picked":["halation:HeavySnake","thethorton:BottledFunds"],"picked":"energizedSpire:DeadBattery"}],"items_purged_floors":[21],"is_endless":false,"potions_floor_spawned":[1,6,12,20],"killed_by":"theJungle:MamaSnecko","ascension_level":6}}