{"host":"bebwmhhch11ak7yk","time":1608403238,"event":{"mods":["Act Like it!","Aspiration","BaseMod","Better Skull","Better Third Choice","Colored Powertips","Elementarium","Fiend Mod","Hermit","Hunter ??","Kratos Character Expansion","Luminous","Minty Spire (QoL Compilation)","Replay The Spire","SIMod","StSLib","The Animator","The Blackbeard","The Bladedancer","The Bug Knight","The Cursed","The Disciple","The Necromancer","The Servant 0.9.4","The Vixen"],"gold_per_floor":[109,131,131,16,16,57,57,57,57,82,82,110,110,10,10,110,110,126,74,74,93,104,131,131,131,131,151,4,23,23,23,23],"floor_reached":31,"playtime":2723,"items_purged":["Regret","Parasite"],"score":261,"play_id":"c7a12577-39cc-4870-bb63-fec9619e6d2e","local_time":"20201219194038","is_ascension_mode":false,"campfire_choices":[{"data":"animator:Aqua","floor":7,"key":"SMITH"},{"data":"animator:Lu","floor":8,"key":"SMITH"},{"data":"animator:Ainz","floor":11,"key":"SMITH"},{"data":"animator:Arpeggio","floor":15,"key":"SMITH"},{"floor":24,"key":"REST"},{"floor":30,"key":"REST"}],"circlet_count":0,"master_deck":["animator:Strike_Konosuba","animator:Defend_Konosuba","animator:Strike","animator:Strike","animator:Defend","animator:Defend","animator:Defend","animator:Kazuma","animator:Aqua+1","animator:Jibril","animator:Lu+1","animator:Mitsurugi+1","animator:Verdia+1","animator:Ainz+1","animator:Arpeggio+1","animator:Shiro","animator:Vanir+1","animator:Benimaru","animator:Cocytus+1","animator:Evileye","animator:Ciel","Elementarium:FireblessedBlade","Elementarium:WindblessedBlade","Elementarium:EarthblessedBlade","Elementarium:IceblessedBlade","Elementarium:VoidblessedBlade","animator:Kuribayashi+1","animator:FielNirvalen+1"],"relics":["animator:VividPicture","animator:TheMissingPiece","WingedGreaves","Bottled Flame","Nunchaku","animator:Buoy","Iron Hammer","ClockworkSouvenir"],"acts_visited":["Exordium","Exordium"],"potions_floor_usage":[18,22,31,31,31,31],"damage_taken":[{"damage":0,"enemies":"Small Slimes","floor":1,"turns":7},{"damage":5,"enemies":"Jaw Worm","floor":2,"turns":7},{"damage":17,"enemies":"Lagavulin","floor":6,"turns":6},{"damage":3,"enemies":"Replay:BlueRogue","floor":10,"turns":7},{"damage":14,"enemies":"Cultist","floor":12,"turns":6},{"damage":20,"enemies":"The Guardian","floor":16,"turns":8},{"damage":11,"enemies":"Elementarium:2_ELEMENTALS","floor":18,"turns":5},{"damage":7,"enemies":"Elementarium:Cyclone","floor":21,"turns":4},{"damage":21,"enemies":"Elementarium:VOID_CORRUPTION_AND_TAR_GOLEM","floor":22,"turns":7},{"damage":32,"enemies":"Elementarium:WarGolem","floor":23,"turns":5},{"damage":7,"enemies":"Elementarium:3_ELEMENTALS","floor":27,"turns":4},{"damage":27,"enemies":"Elementarium:Hydrostalker","floor":29,"turns":5},{"damage":27,"enemies":"Elementarium:FIRE_NOBILITY","floor":31,"turns":5}],"seed_played":"71046446856887235","potions_obtained":[{"floor":10,"key":"DuplicationPotion"},{"floor":16,"key":"Block Potion"},{"floor":21,"key":"Fire Potion"},{"floor":27,"key":"EntropicBrew"},{"floor":29,"key":"SkillPotion"}],"is_trial":false,"path_per_floor":["M","M","?","$","?","E","R","R","T","E","R","M","?","$","R","B",null,"M","$","?","M","M","E","R","?","T","M","$","M","R","E"],"character_chosen":"THE_ANIMATOR","items_purchased":["animator:Mitsurugi+1","animator:Benimaru","ClockworkSouvenir"],"campfire_rested":2,"item_purchase_floors":[4,19,28],"current_hp_per_floor":[72,69,69,69,69,54,54,54,54,54,54,43,61,61,61,44,69,62,62,62,58,40,12,33,33,33,30,30,6,19,0,0],"gold":23,"neow_bonus":"TEN_PERCENT_HP_BONUS","is_daily":false,"chose_seed":false,"campfire_upgraded":4,"win_rate":0.0,"timestamp":1608403238,"path_taken":["M","M","?","$","?","E","R","R","T","E","R","?","?","$","R","BOSS","M","$","?","M","M","E","R","?","T","M","?","M","R","E"],"items_purchased_type":["Card","Card","Relic"],"build_version":"2020-12-13","purchased_purges":2,"victory":false,"max_hp_per_floor":[72,72,72,72,72,72,72,72,72,72,72,72,72,69,69,69,69,70,70,70,70,70,71,71,43,43,44,44,44,44,44,44],"card_choices":[{"not_picked":["animator:Spearman","animator:Chung"],"picked":"animator:Jibril","floor":1},{"not_picked":["animator:Kazuma","animator:Souei"],"picked":"animator:Lu","floor":2},{"not_picked":["animator:Witch","animator:Vesta"],"picked":"animator:Verdia","floor":6},{"not_picked":["animator:Entoma","animator:PandorasActor"],"picked":"animator:Ainz","floor":10},{"not_picked":["animator:Aisha","animator:Tyuule"],"picked":"animator:Arpeggio","floor":12},{"not_picked":["animator:Elesis","animator:GoblinSlayer"],"picked":"animator:Shiro","floor":16},{"not_picked":["animator:Cocytus","animator:Demiurge"],"picked":"animator:Vanir+1","floor":18},{"not_picked":["animator:Priestess","animator:DolaSchwi"],"picked":"animator:Cocytus+1","floor":21},{"not_picked":["animator:Entoma","animator:Cocytus"],"picked":"animator:Evileye","floor":22},{"not_picked":["animator:Millim","animator:TukaLunaMarceau"],"picked":"animator:Ciel","floor":23},{"not_picked":["animator:TukaLunaMarceau","animator:Mitsurugi"],"picked":"animator:Kuribayashi+1","floor":27},{"not_picked":["animator:Cocytus","animator:IzunaHatsuse+1"],"picked":"animator:FielNirvalen+1","floor":29}],"player_experience":333557,"relics_obtained":[{"floor":6,"key":"Bottled Flame"},{"floor":10,"key":"Nunchaku"},{"floor":23,"key":"animator:Buoy"},{"floor":26,"key":"Iron Hammer"}],"event_choices":[{"damage_healed":0,"gold_gain":0,"player_choice":"Box","damage_taken":0,"relics_obtained":["WingedGreaves"],"max_hp_gain":0,"max_hp_loss":0,"event_name":"Big Fish","floor":3,"gold_loss":0,"cards_obtained":["Regret"]},{"cards_removed":["animator:Strike"],"damage_healed":0,"gold_gain":0,"player_choice":"Offered Basic","damage_taken":0,"max_hp_gain":0,"max_hp_loss":0,"event_name":"Bonfire Elementals","floor":5,"gold_loss":0},{"damage_healed":18,"gold_gain":0,"player_choice":"Healed and dodged fight","damage_taken":0,"max_hp_gain":0,"max_hp_loss":0,"event_name":"Mushrooms","floor":13,"gold_loss":0,"cards_obtained":["Parasite"]},{"damage_healed":0,"gold_gain":0,"player_choice":"Pray","damage_taken":0,"max_hp_gain":0,"max_hp_loss":0,"event_name":"Elementarium:VoidShrine","floor":20,"gold_loss":0,"cards_upgraded":["animator:Verdia"]},{"damage_healed":0,"gold_gain":0,"player_choice":"Touch","damage_taken":0,"max_hp_gain":0,"max_hp_loss":28,"event_name":"Elementarium:ElementalBlades","floor":25,"gold_loss":0,"cards_obtained":["Elementarium:FireblessedBlade","Elementarium:WindblessedBlade","Elementarium:EarthblessedBlade","Elementarium:IceblessedBlade","Elementarium:VoidblessedBlade"]}],"is_beta":false,"boss_relics":[{"not_picked":["Mark of Pain","animator:HolyGrailRelic"],"picked":"animator:VividPicture"}],"items_purged_floors":[4,14],"is_endless":false,"potions_floor_spawned":[10,16,21,27,29],"killed_by":"Elementarium:FIRE_NOBILITY","ascension_level":0}}