{"host":"n23juj4d9qam5hh1","time":1608369533,"event":{"mods":["BaseMod","Better Note","BetterRewards","Infinite Spire","Minty Spire (QoL Compilation)","Relic Stats","StSLib"],"gold_per_floor":[109,109,109,124,124,124,159,159,159,170,183,202,215,285,285,381,381,392,407,423,423,338,338,181,206,232,250,175,175,175,175,175,278,278,298,309,309,329,329,329,329],"floor_reached":40,"playtime":1174,"items_purged":[],"score":502,"play_id":"1ec3f745-6eda-4417-b292-95a357f94c06","local_time":"20201219041853","is_ascension_mode":true,"campfire_choices":[{"data":"Heavy Blade","floor":6.0,"key":"SMITH"},{"floor":8.0,"key":"REST"},{"data":"Whirlwind","floor":15.0,"key":"SMITH"},{"floor":23.0,"key":"REST"},{"floor":30,"key":"REST"},{"data":"Demon Form","floor":32,"key":"SMITH"}],"circlet_count":0,"master_deck":["Strike_R","Strike_R","Strike_R","Strike_R","Defend_R","Defend_R","Defend_R","Defend_R","Bash+1","Heavy Blade+1","Carnage","Whirlwind+1","Spot Weakness","Uppercut","Demon Form+1","Immolate+1","Sword Boomerang","Inflame","Heavy Blade+1","infinitespire:OneForAll+1","infinitespire:Fortify","Fiend Fire+1","Seeing Red+1"],"relics":["Burning Blood","NeowsBlessing","Dream Catcher","Ancient Tea Set","infinitespire:Bottled Soul","Cursed Key","Torii","Art of War","Bag of Preparation","Molten Egg 2","infinitespire:PuzzleCube","SlaversCollar","Letter Opener"],"acts_visited":["Exordium","TheCity","TheBeyond"],"potions_floor_usage":[27],"damage_taken":[{"damage":0.0,"enemies":"Jaw Worm","floor":1.0,"turns":1.0},{"damage":0.0,"enemies":"Small Slimes","floor":4.0,"turns":1.0},{"damage":0.0,"enemies":"3 Sentries","floor":7.0,"turns":1.0},{"damage":1.0,"enemies":"Cultist","floor":10.0,"turns":3.0},{"damage":0.0,"enemies":"Large Slime","floor":11.0,"turns":4.0},{"damage":6.0,"enemies":"Blue Slaver","floor":12.0,"turns":3.0},{"damage":20.0,"enemies":"Lots of Slimes","floor":13.0,"turns":2.0},{"damage":35.0,"enemies":"Slime Boss","floor":16.0,"turns":7.0},{"damage":23.0,"enemies":"Spheric Guardian","floor":18.0,"turns":4.0},{"damage":18.0,"enemies":"2 Thieves","floor":19.0,"turns":4.0},{"damage":28.0,"enemies":"Centurion and Healer","floor":20.0,"turns":4.0},{"damage":19.0,"enemies":"Gremlin Leader","floor":25.0,"turns":3.0},{"damage":1,"enemies":"Snake Plant","floor":27,"turns":3},{"damage":67,"enemies":"Automaton","floor":33,"turns":7},{"damage":7,"enemies":"3 Shapes","floor":35,"turns":2},{"damage":16,"enemies":"Orb Walker","floor":36,"turns":4},{"damage":38,"enemies":"3 Darklings","floor":38,"turns":4},{"damage":46,"enemies":"Reptomancer","floor":40,"turns":4}],"seed_played":"-2890781153508095256","potions_obtained":[{"floor":1.0,"key":"ElixirPotion"},{"floor":10.0,"key":"Fruit Juice"},{"floor":11.0,"key":"Fire Potion"},{"floor":12.0,"key":"LiquidBronze"},{"floor":19.0,"key":"SkillPotion"},{"floor":25.0,"key":"ColorlessPotion"},{"floor":33,"key":"HeartOfIron"},{"floor":35,"key":"EssenceOfSteel"}],"is_trial":false,"path_per_floor":["M","?","?","M","?","R","E","R","T","M","M","M","M","T","R","B",null,"M","M","M","?","?","R","$","E","T","M","?","?","R","AVR","R","B",null,"M","M","?","M","AVR","E"],"character_chosen":"IRONCLAD","items_purchased":["Bag of Preparation"],"campfire_rested":3,"item_purchase_floors":[24],"current_hp_per_floor":[80,80,80,80,80,80,80,80,80,80,80,85,71,71,71,42,85,68,56,34,34,34,59,59,46,46,51,51,51,76,76,76,15,85,84,74,74,42,42,0,0],"gold":329,"neow_bonus":"THREE_ENEMY_KILL","is_daily":false,"chose_seed":false,"campfire_upgraded":3,"win_rate":0.0,"timestamp":1608369533,"path_taken":["M","?","?","?","?","R","E","R","T","M","M","M","M","?","R","BOSS","M","M","?","?","?","R","$","E","T","M","?","?","R","AVR","R","BOSS","M","M","?","?","AVR","E"],"items_purchased_type":["Relic"],"build_version":"2020-12-13","purchased_purges":0,"victory":false,"max_hp_per_floor":[80,80,80,80,80,80,80,80,80,80,80,85,85,85,85,85,85,85,85,85,85,85,85,85,85,85,85,85,85,85,85,85,85,85,85,85,85,85,85,85,85],"relic_stats":{"Dream Catcher":3,"Torii":12,"counters":[18,61],"Art of War":[0],"Bag of Preparation":[14],"Letter Opener":[0],"Cursed Key":1,"obtain_stats":[{"NeowsBlessing":0,"Torii":21,"Bag of Preparation":24,"Letter Opener":39,"Ancient Tea Set":9,"Cursed Key":17,"Burning Blood":0,"SlaversCollar":34,"Dream Catcher":7,"infinitespire:Bottled Soul":14,"Molten Egg 2":25,"Art of War":22,"infinitespire:PuzzleCube":26},{"NeowsBlessing":0,"Torii":11,"Bag of Preparation":11,"Letter Opener":17,"Ancient Tea Set":3,"Cursed Key":8,"Burning Blood":0,"SlaversCollar":14,"Dream Catcher":3,"infinitespire:Bottled Soul":7,"Molten Egg 2":12,"Art of War":11,"infinitespire:PuzzleCube":12},{"NeowsBlessing":0,"Torii":34,"Bag of Preparation":34,"Letter Opener":57,"Ancient Tea Set":3,"Cursed Key":22,"Burning Blood":0,"SlaversCollar":47,"Dream Catcher":3,"infinitespire:Bottled Soul":15,"Molten Egg 2":37,"Art of War":34,"infinitespire:PuzzleCube":37}],"Burning Blood":73},"card_choices":[{"not_picked":["Sword Boomerang","Flex"],"picked":"Heavy Blade","floor":1.0},{"not_picked":["Warcry","Thunderclap","Anger"],"picked":"SKIP","floor":4.0},{"not_picked":["Clothesline","Havoc","Heavy Blade"],"picked":"SKIP","floor":7.0},{"not_picked":["Dark Embrace","Warcry"],"picked":"Carnage","floor":8.0},{"not_picked":["Pommel Strike","Havoc"],"picked":"Whirlwind","floor":10.0},{"not_picked":["Disarm","Feel No Pain"],"picked":"Spot Weakness","floor":11.0},{"not_picked":["True Grit","Wild Strike"],"picked":"Uppercut","floor":12.0},{"not_picked":["Warcry","Wild Strike"],"picked":"Demon Form","floor":13.0},{"not_picked":["Double Tap","Corruption"],"picked":"Immolate","floor":16.0},{"not_picked":["Reckless Charge","Searing Blow"],"picked":"Sword Boomerang","floor":18.0},{"not_picked":["Clash","Power Through"],"picked":"Inflame","floor":19.0},{"not_picked":["Wild Strike","Blood for Blood","Body Slam"],"picked":"SKIP","floor":20.0},{"not_picked":["Evolve","Demon Form"],"picked":"Heavy Blade+1","floor":25.0},{"not_picked":["Sentinel+1","Havoc","Rupture"],"picked":"SKIP","floor":27},{"not_picked":["Pommel Strike+1","Perfected Strike+1"],"picked":"infinitespire:OneForAll+1","floor":30},{"not_picked":["Demon Form","Brutality"],"picked":"Fiend Fire+1","floor":33},{"not_picked":["Twin Strike+1","Headbutt+1"],"picked":"Seeing Red+1","floor":35},{"not_picked":["Sword Boomerang+1","Headbutt+1","Thunderclap+1"],"picked":"SKIP","floor":36},{"not_picked":["Thunderclap+1","Sword Boomerang+1","Flex+1"],"picked":"SKIP","floor":38},{"not_picked":["Thunderclap+1","Sword Boomerang+1","Flex+1"],"picked":"SKIP","floor":38}],"player_experience":176701,"relics_obtained":[{"floor":7.0,"key":"Dream Catcher"},{"floor":9.0,"key":"Ancient Tea Set"},{"floor":14.0,"key":"infinitespire:Bottled Soul"},{"floor":25.0,"key":"Molten Egg 2"},{"floor":26.0,"key":"infinitespire:PuzzleCube"}],"event_choices":[{"cards_removed":["Strike_R"],"damage_healed":0.0,"max_hp_gain":0.0,"max_hp_loss":0.0,"gold_gain":0.0,"event_name":"Bonfire Elementals","player_choice":"Offered Basic","floor":3.0,"gold_loss":0.0,"damage_taken":0.0},{"damage_healed":0.0,"max_hp_gain":0.0,"max_hp_loss":0.0,"gold_gain":0.0,"event_name":"The Cleric","player_choice":"Leave","floor":5.0,"gold_loss":0.0,"damage_taken":0.0},{"damage_healed":0.0,"max_hp_gain":0.0,"max_hp_loss":0.0,"gold_gain":0.0,"event_name":"The Mausoleum","player_choice":"Opened","floor":21.0,"gold_loss":0.0,"damage_taken":0.0,"relics_obtained":["Torii"]},{"damage_healed":0.0,"max_hp_gain":0.0,"max_hp_loss":0.0,"gold_gain":0.0,"event_name":"Addict","player_choice":"Obtained Relic","floor":22.0,"gold_loss":85.0,"damage_taken":0.0,"relics_obtained":["Art of War"]},{"cards_removed":["Doubt"],"damage_healed":0,"gold_gain":0,"player_choice":"Gave Gold","damage_taken":0,"max_hp_gain":0,"max_hp_loss":0,"event_name":"Beggar","floor":28,"gold_loss":75},{"damage_healed":0,"gold_gain":0,"player_choice":"Ignored","damage_taken":0,"max_hp_gain":0,"max_hp_loss":0,"event_name":"Ghosts","floor":29,"gold_loss":0},{"damage_healed":0,"gold_gain":0,"player_choice":"Forge","damage_taken":0,"max_hp_gain":0,"max_hp_loss":0,"event_name":"Accursed Blacksmith","floor":37,"gold_loss":0,"cards_upgraded":["Immolate"]}],"is_beta":false,"boss_relics":[{"not_picked":["Fusion Hammer","Sozu"],"picked":"Cursed Key"},{"not_picked":["Philosopher\u0027s Stone","Tiny House"],"picked":"SlaversCollar"}],"items_purged_floors":[],"is_endless":false,"potions_floor_spawned":[1,10,11,12,19,25,33,35,38],"killed_by":"Reptomancer","ascension_level":2}}