{"host":"zr590xw2unlz0wv7","time":1608345652,"event":{"mods":["BaseMod","Minty Spire (QoL Compilation)","READ ME - Guardian Mod","StSLib"],"gold_per_floor":[119,119,36,51,62,88,88,114,114,134,84,84,114,124,124,225,225,244,244,244,169,185,215,233,264,264,264,22,22,33,44,44,142,142,156,171,49,59,70,96,96,116,116,1,16,36,50,78,78,78,78,78,18,50,50,50],"floor_reached":55,"playtime":3494,"items_purged":["Meditate"],"score":974,"play_id":"ce1e4d46-0c36-436f-8c82-330915bbfd05","local_time":"20201219104052","is_ascension_mode":true,"campfire_choices":[{"data":"Vault","floor":7.0,"key":"SMITH"},{"floor":15.0,"key":"REST"},{"floor":27.0,"key":"REST"},{"floor":29.0,"key":"RECALL"},{"floor":32.0,"key":"REST"},{"data":"DevaForm","floor":41.0,"key":"SMITH"},{"data":"Adaptation","floor":49.0,"key":"SMITH"},{"data":"Omniscience","floor":52.0,"key":"SMITH"}],"circlet_count":0,"master_deck":["Defend_P","Defend_P","Eruption","Vigilance","ForeignInfluence","Tantrum","Halt","Vault+1","Halt","EmptyFist","WaveOfTheHand","FlurryOfBlows","Ragnarok","ClearTheMind","Bite","Bite","Bite","Bite","Bite","EmptyBody+1","Adaptation+1","Consecrate+1","SignatureMove","DevaForm+1","ClearTheMind+1","WheelKick+1","Evaluate+1","Omniscience+1","Parasite","EmptyBody"],"relics":["PureWater","NeowsBlessing","Vajra","Darkstone Periapt","Regal Pillow","The Courier","Ornamental Fan","Black Star","Bird Faced Urn","Mummified Hand","Bronze Scales","Yang","Nunchaku","Unceasing Top","Busted Crown","Sling","Bag of Marbles","Blue Candle","Art of War","MealTicket","Singing Bowl","Eternal Feather","Blood Vial"],"acts_visited":["Exordium","TheCity","TheBeyond","TheEnding"],"potions_floor_usage":[55],"damage_taken":[{"damage":0.0,"enemies":"2 Louse","floor":1.0,"turns":1.0},{"damage":0.0,"enemies":"Cultist","floor":4.0,"turns":1.0},{"damage":0.0,"enemies":"Jaw Worm","floor":5.0,"turns":1.0},{"damage":12.0,"enemies":"Lagavulin","floor":6.0,"turns":6.0},{"damage":0.0,"enemies":"Gremlin Nob","floor":8.0,"turns":2.0},{"damage":0.0,"enemies":"3 Louse","floor":10.0,"turns":2.0},{"damage":10.0,"enemies":"Lagavulin","floor":13.0,"turns":6.0},{"damage":0.0,"enemies":"Large Slime","floor":14.0,"turns":4.0},{"damage":27.0,"enemies":"Hexaghost","floor":16.0,"turns":9.0},{"damage":17.0,"enemies":"Shell Parasite","floor":18.0,"turns":4.0},{"damage":2.0,"enemies":"Spheric Guardian","floor":22.0,"turns":4.0},{"damage":20.0,"enemies":"Book of Stabbing","floor":23.0,"turns":4.0},{"damage":14.0,"enemies":"Snake Plant","floor":24.0,"turns":2.0},{"damage":18.0,"enemies":"Gremlin Leader","floor":25.0,"turns":5.0},{"damage":0.0,"enemies":"Sentry and Sphere","floor":30.0,"turns":3.0},{"damage":17.0,"enemies":"Shelled Parasite and Fungi","floor":31.0,"turns":5.0},{"damage":50.0,"enemies":"Collector","floor":33.0,"turns":8.0},{"damage":25.0,"enemies":"3 Darklings","floor":35.0,"turns":5.0},{"damage":12.0,"enemies":"Orb Walker","floor":36.0,"turns":2.0},{"damage":0.0,"enemies":"Jaw Worm Horde","floor":38.0,"turns":4.0},{"damage":11.0,"enemies":"Transient","floor":39.0,"turns":6.0},{"damage":4.0,"enemies":"Nemesis","floor":40.0,"turns":4.0},{"damage":0.0,"enemies":"Spire Growth","floor":42.0,"turns":3.0},{"damage":24.0,"enemies":"Maw","floor":45.0,"turns":8.0},{"damage":8.0,"enemies":"Writhing Mass","floor":46.0,"turns":4.0},{"damage":0.0,"enemies":"4 Shapes","floor":47.0,"turns":2.0},{"damage":0.0,"enemies":"Giant Head","floor":48.0,"turns":5.0},{"damage":44.0,"enemies":"Donu and Deca","floor":50.0,"turns":9.0},{"damage":16.0,"enemies":"Shield and Spear","floor":54.0,"turns":3.0},{"damage":66,"enemies":"The Heart","floor":55,"turns":4}],"seed_played":"-3601971514936902787","potions_obtained":[{"floor":1.0,"key":"AttackPotion"},{"floor":6.0,"key":"PowerPotion"},{"floor":13.0,"key":"GamblersBrew"},{"floor":14.0,"key":"SneckoOil"},{"floor":18.0,"key":"Block Potion"},{"floor":25.0,"key":"SteroidPotion"},{"floor":30.0,"key":"FearPotion"},{"floor":31.0,"key":"FearPotion"},{"floor":36.0,"key":"GamblersBrew"},{"floor":38.0,"key":"ColorlessPotion"},{"floor":46.0,"key":"SmokeBomb"},{"floor":47.0,"key":"DuplicationPotion"},{"floor":54.0,"key":"ColorlessPotion"}],"is_trial":false,"path_per_floor":["M","?","$","M","M","E","R","E","T","M","?","?","E","M","R","B",null,"M","?","?","?","M","E","M","E","T","R","$","R","M","M","R","B",null,"M","M","$","M","M","E","R","M","T","$","M","M","M","E","R","B",null,"R","$","E","B"],"character_chosen":"WATCHER","items_purchased":["Tantrum","Halt","Unceasing Top","Sling","Art of War"],"campfire_rested":3,"item_purchase_floors":[3,3,28,37,44],"current_hp_per_floor":[72,72,72,72,72,60,60,60,60,60,60,57,47,47,72,45,72,55,42,42,42,42,30,18,6,6,36,36,36,40,35,53,15,53,36,28,28,40,45,53,53,53,53,53,37,41,47,61,61,41,61,61,61,55,0,0],"gold":50,"neow_bonus":"THREE_ENEMY_KILL","is_daily":false,"chose_seed":false,"campfire_upgraded":4,"win_rate":0.0,"timestamp":1608345652,"path_taken":["M","?","$","?","M","E","R","E","T","M","?","?","E","M","R","BOSS","M","?","?","?","M","E","?","E","T","R","$","R","M","M","R","BOSS","M","M","?","?","M","E","R","?","T","$","M","M","M","E","R","BOSS","R","$","E","BOSS"],"items_purchased_type":["Card","Card","Relic","Relic","Relic"],"build_version":"2020-12-13","purchased_purges":1,"victory":false,"max_hp_per_floor":[72,72,72,72,72,72,72,72,72,72,72,72,72,72,72,72,72,72,77,53,53,53,53,53,53,53,53,53,53,53,53,53,53,53,53,53,53,53,53,53,53,53,53,53,53,59,59,61,61,61,61,61,61,61,61,61],"card_choices":[{"not_picked":["FlurryOfBlows","Study"],"picked":"ForeignInfluence","floor":1.0},{"not_picked":["Wireheading","FlurryOfBlows","SandsOfTime"],"picked":"SKIP","floor":4.0},{"not_picked":["FollowUp","BowlingBash"],"picked":"Vault","floor":5.0},{"not_picked":["WreathOfFlame","Sanctity"],"picked":"Halt","floor":6.0},{"not_picked":["FlyingSleeves","JustLucky"],"picked":"EmptyFist","floor":8.0},{"not_picked":["Crescendo","Halt"],"picked":"Meditate","floor":10.0},{"not_picked":["CarveReality","Wallop"],"picked":"WaveOfTheHand","floor":13.0},{"not_picked":["WheelKick","Protect"],"picked":"FlurryOfBlows","floor":14.0},{"not_picked":["MasterReality","LessonLearned"],"picked":"Ragnarok","floor":16.0},{"not_picked":["CrushJoints+1","Worship"],"picked":"ClearTheMind","floor":18.0},{"not_picked":["Conclude+1","CrushJoints"],"picked":"EmptyBody+1","floor":22.0},{"not_picked":["CutThroughFate","LessonLearned","SashWhip"],"picked":"SKIP","floor":23.0},{"not_picked":["Weave","DeceiveReality"],"picked":"Adaptation","floor":24.0},{"not_picked":["Tantrum","EmptyBody"],"picked":"Consecrate+1","floor":25.0},{"not_picked":["WaveOfTheHand+1","SashWhip","Wallop"],"picked":"SKIP","floor":30.0},{"not_picked":["ThirdEye+1","SashWhip"],"picked":"SignatureMove","floor":31.0},{"not_picked":["ConjureBlade","Blasphemy"],"picked":"DevaForm","floor":33.0},{"not_picked":[],"picked":"ClearTheMind+1","floor":35.0},{"not_picked":["Sanctity+1"],"picked":"SKIP","floor":36.0},{"not_picked":[],"picked":"WheelKick+1","floor":38.0},{"not_picked":[],"picked":"Evaluate+1","floor":39.0},{"not_picked":["FollowUp"],"picked":"SKIP","floor":40.0},{"not_picked":["SandsOfTime"],"picked":"SKIP","floor":42.0},{"not_picked":[],"picked":"Omniscience","floor":45.0},{"not_picked":["Adaptation"],"picked":"SKIP","floor":46.0},{"not_picked":["WindmillStrike+1"],"picked":"SKIP","floor":47.0},{"not_picked":["Swivel"],"picked":"Singing Bowl","floor":48.0},{"not_picked":[],"picked":"EmptyBody","floor":54.0}],"player_experience":495500,"relics_obtained":[{"floor":6.0,"key":"Vajra"},{"floor":8.0,"key":"Darkstone Periapt"},{"floor":9.0,"key":"Regal Pillow"},{"floor":13.0,"key":"Ornamental Fan"},{"floor":23.0,"key":"Bird Faced Urn"},{"floor":23.0,"key":"Mummified Hand"},{"floor":25.0,"key":"Bronze Scales"},{"floor":25.0,"key":"Yang"},{"floor":26.0,"key":"Nunchaku"},{"floor":40.0,"key":"Bag of Marbles"},{"floor":40.0,"key":"Blue Candle"},{"floor":48.0,"key":"MealTicket"},{"floor":48.0,"key":"Singing Bowl"},{"floor":54.0,"key":"Eternal Feather"},{"floor":54.0,"key":"Blood Vial"}],"event_choices":[{"cards_removed":["Defend_P"],"damage_healed":0.0,"max_hp_gain":0.0,"max_hp_loss":0.0,"gold_gain":0.0,"event_name":"Purifier","player_choice":"Purged","floor":2.0,"gold_loss":0.0,"damage_taken":0.0},{"cards_removed":["Strike_P"],"damage_healed":0.0,"max_hp_gain":0.0,"max_hp_loss":0.0,"gold_gain":0.0,"event_name":"The Cleric","player_choice":"Card Removal","floor":11.0,"gold_loss":50.0,"damage_taken":0.0},{"damage_healed":0.0,"max_hp_gain":0.0,"max_hp_loss":0.0,"gold_gain":0.0,"event_name":"Scrap Ooze","player_choice":"Success","floor":12.0,"gold_loss":0.0,"damage_taken":3.0,"relics_obtained":["The Courier"]},{"damage_healed":0.0,"max_hp_gain":5.0,"max_hp_loss":0.0,"gold_gain":0.0,"event_name":"Forgotten Altar","player_choice":"Shed Blood","floor":19.0,"gold_loss":0.0,"damage_taken":18.0},{"damage_healed":0.0,"max_hp_gain":0.0,"max_hp_loss":24.0,"gold_gain":0.0,"event_name":"Vampires","player_choice":"Became a vampire","floor":20.0,"gold_loss":0.0,"damage_taken":0.0,"cards_obtained":["Bite","Bite","Bite","Bite","Bite"]},{"cards_removed":["Defend_P"],"damage_healed":0.0,"max_hp_gain":0.0,"max_hp_loss":0.0,"gold_gain":0.0,"event_name":"Beggar","player_choice":"Gave Gold","floor":21.0,"gold_loss":75.0,"damage_taken":0.0}],"is_beta":false,"boss_relics":[{"not_picked":["Snecko Eye","Sozu"],"picked":"Black Star"},{"not_picked":["Runic Pyramid","Tiny House"],"picked":"Busted Crown"}],"items_purged_floors":[53],"is_endless":false,"potions_floor_spawned":[1,6,13,14,18,25,30,31,36,38,46,47,54],"killed_by":"The Heart","ascension_level":4}}