{"host":"txhhdwa0hqfs4jhb","time":1608391885,"event":{"mods":["AchievementEnabler","BaseMod","Better Third Choice","Downfall","Filter the Spire","Minty Spire (QoL Compilation)","Relic Stats","Replay The Spire","StSLib","Thieving Mod"],"gold_per_floor":[113,125,125,40,57,57,84,84,84,99,99,124,124,152,152,152,152],"floor_reached":16,"playtime":721,"items_purged":[],"score":165,"play_id":"0fbfdb72-8b59-4861-b830-3ae1a92e7cfb","local_time":"20201219153125","is_ascension_mode":true,"campfire_choices":[{"data":"Replay:Parry","floor":6.0,"key":"SMITH"},{"floor":8,"key":"REST"},{"floor":13,"key":"REST"}],"circlet_count":0,"master_deck":["Strike_G","Strike_G","Strike_G","Strike_G","Strike_G","Defend_G","Defend_G","Defend_G","Defend_G","Defend_G","Survivor","Neutralize","ReplayTheSpireMod:Speed Training+1","Sucker Punch","Neutralize","Replay:Parry+1","PiercingWail","Die Die Die+1","Hidden Blade","Cloak And Dagger","Calculated Gamble"],"relics":["Ring of the Snake","NeowsBlessing","Mirror","Replay:Bottled Eggs","Mummified Hand","Akabeko","Paper Crane","Pet Ghost"],"acts_visited":["Exordium"],"potions_floor_usage":[7,12],"damage_taken":[{"damage":0.0,"enemies":"Cultist","floor":1.0,"turns":1.0},{"damage":0.0,"enemies":"Small Slimes","floor":2.0,"turns":1.0},{"damage":0.0,"enemies":"Jaw Worm","floor":5.0,"turns":1.0},{"damage":42,"enemies":"Lagavulin","floor":7,"turns":10},{"damage":0,"enemies":"Large Slime","floor":10,"turns":6},{"damage":31,"enemies":"Gremlin Nob","floor":12,"turns":5},{"damage":7,"enemies":"3 Sentries","floor":14,"turns":7},{"damage":25,"enemies":"Slime Boss","floor":16,"turns":8}],"seed_played":"371288135388478877","potions_obtained":[{"floor":1.0,"key":"champ:CounterPotion"},{"floor":7,"key":"FairyPotion"},{"floor":10,"key":"SkillPotion"}],"is_trial":false,"path_per_floor":["M","M","?","$","M","R","E","R","T","M","T","E","R","E","R","B"],"character_chosen":"THE_SILENT","items_purchased":["Replay:Parry"],"campfire_rested":2,"item_purchase_floors":[4],"current_hp_per_floor":[63,63,63,63,63,63,21,42,42,42,42,11,32,25,46,21,21],"gold":152,"neow_bonus":"THREE_ENEMY_KILL","is_daily":false,"chose_seed":false,"campfire_upgraded":1,"win_rate":0.0,"timestamp":1608391885,"path_taken":["M","?","?","$","?","R","E","R","T","M","?","E","R","E","R","BOSS"],"items_purchased_type":["Card"],"build_version":"2020-12-13","purchased_purges":0,"victory":false,"max_hp_per_floor":[70,70,70,70,70,70,70,70,70,70,70,70,70,70,70,70,70],"relic_stats":{"counters":[8,39],"Mummified Hand":[0],"obtain_stats":[{"NeowsBlessing":0,"Mummified Hand":9,"Replay:Bottled Eggs":7,"Paper Crane":12,"Mirror":4,"Akabeko":11,"Pet Ghost":14,"Ring of the Snake":0},{"NeowsBlessing":0,"Mummified Hand":4,"Replay:Bottled Eggs":4,"Paper Crane":6,"Mirror":2,"Akabeko":5,"Pet Ghost":7,"Ring of the Snake":0},{"NeowsBlessing":0,"Mummified Hand":13,"Replay:Bottled Eggs":13,"Paper Crane":24,"Mirror":2,"Akabeko":19,"Pet Ghost":31,"Ring of the Snake":0}],"Ring of the Snake":[16]},"card_choices":[{"not_picked":["Predator","Deadly Poison"],"picked":"ReplayTheSpireMod:Speed Training","floor":1.0},{"not_picked":["Acrobatics","Deflect"],"picked":"Sucker Punch","floor":2.0},{"not_picked":["Setup","Flying Knee"],"picked":"PiercingWail","floor":5.0},{"not_picked":["Infinite Blades","Bullet Time"],"picked":"Die Die Die","floor":7},{"not_picked":["Slice","Blade Dance"],"picked":"Hidden Blade","floor":10},{"not_picked":["Predator","Underhanded Strike"],"picked":"Cloak And Dagger","floor":12},{"not_picked":["Flechettes","Blade Dance"],"picked":"Calculated Gamble","floor":14}],"player_experience":215374,"relics_obtained":[{"floor":7,"key":"Replay:Bottled Eggs"},{"floor":9,"key":"Mummified Hand"},{"floor":11,"key":"Akabeko"},{"floor":12,"key":"Paper Crane"},{"floor":14,"key":"Pet Ghost"}],"event_choices":[{"damage_healed":0.0,"max_hp_gain":0.0,"max_hp_loss":0.0,"gold_gain":0.0,"event_name":"Match and Keep!","player_choice":"1 cards matched","floor":3.0,"gold_loss":0.0,"damage_taken":0.0,"cards_obtained":["Neutralize"]}],"is_beta":false,"boss_relics":[],"items_purged_floors":[],"is_endless":false,"potions_floor_spawned":[1,7,10],"killed_by":"Slime Boss","ascension_level":8}}