{"host":"2461dio7vetlq1z3","time":1608343003,"event":{"mods":["2.2 Compatiblity","AchievementEnabler","BaseMod","Better Third Choice","Hermit","Marisa????????","Minty Spire (QoL Compilation)","Relic Stats","Spicy Shops","StSLib","The Animator","Waifu the Spire"],"gold_per_floor":[128,203,222,240,252,252,277,277,277,322,322,23,23,23,23,128,128,142,57,76,1,20,20,50,75,75,75,103,119,138,138,138,235,235,250,260,279,297,89,117,117,155,210,210,210,39,39,56,56,64],"floor_reached":51,"playtime":4059,"items_purged":["animator:Strike","animator:Strike"],"score":917,"play_id":"7d903674-7a0e-45d6-87c5-f043bb83d73f","local_time":"20201219025643","is_ascension_mode":true,"campfire_choices":[{"data":"animator:Sloth","floor":6,"key":"SMITH"},{"data":"animator:Elesis","floor":8,"key":"SMITH"},{"data":"animator:IzunaHatsuse","floor":13,"key":"SMITH"},{"data":"animator:Elsword","floor":15,"key":"SMITH"},{"floor":23,"key":"RECALL"},{"floor":27,"key":"REST"},{"floor":32,"key":"REST"},{"floor":41,"key":"REST"},{"data":"1","floor":44,"key":"LIFT"},{"data":"2","floor":47,"key":"LIFT"},{"data":"3","floor":49,"key":"LIFT"}],"circlet_count":0,"master_deck":["animator:Defend_Elsword","animator:Defend","animator:Defend","animator:Defend","animator:Chung","animator:Raven","animator:Elesis+1","animator:Elsword+1","animator:Gillette","animator:Sloth+1","animator:Lu+1","animator:Elsword+1","animator:IzunaHatsuse+1","animator:SwordMaiden","animator:Gluttony","animator:DwarfShaman","animator:FielNirvalen+1","animator:Eve+1","animator:Ara","animator:IzunaHatsuse","Pain","animator:Envy+1","animator:WinryRockbell+1","animator:GuildGirl+1","animator:Canti","animator:Kira","animator:Ciel","animator:IzunaHatsuse+1"],"relics":["animator:LivingPicture","animator:TheMissingPiece","Red Skull","Paper Frog","animator:ShionDessert","Frozen Egg 2","Fusion Hammer","animator:OldCoffin","Ice Cream","animator:BattleDrones","MealTicket","WarpedTongs","Mark of Pain","Girya","Lizard Tail","Oddly Smooth Stone","animator:Buoy"],"acts_visited":["Exordium","TheCity","TheBeyond"],"potions_floor_usage":[24,28,33,37,38,38,42,50],"damage_taken":[{"damage":0,"enemies":"Jaw Worm","floor":1,"turns":4},{"damage":0,"enemies":"Cultist","floor":3,"turns":3},{"damage":8,"enemies":"2 Louse","floor":4,"turns":3},{"damage":6,"enemies":"Blue Slaver","floor":5,"turns":4},{"damage":9,"enemies":"Gremlin Nob","floor":7,"turns":4},{"damage":2,"enemies":"3 Sentries","floor":10,"turns":5},{"damage":17,"enemies":"Slime Boss","floor":16,"turns":6},{"damage":7,"enemies":"3 Byrds","floor":18,"turns":4},{"damage":14,"enemies":"2 Thieves","floor":20,"turns":3},{"damage":5,"enemies":"Centurion and Healer","floor":22,"turns":6},{"damage":12,"enemies":"Slavers","floor":24,"turns":6},{"damage":5,"enemies":"Snake Plant","floor":25,"turns":3},{"damage":8,"enemies":"animator:HornedBat","floor":28,"turns":5},{"damage":0,"enemies":"Snecko","floor":29,"turns":3},{"damage":0,"enemies":"Cultist and Chosen","floor":30,"turns":4},{"damage":21,"enemies":"Automaton","floor":33,"turns":8},{"damage":36,"enemies":"3 Darklings","floor":35,"turns":6},{"damage":0,"enemies":"Orb Walker","floor":36,"turns":3},{"damage":24,"enemies":"Writhing Mass","floor":37,"turns":5},{"damage":0,"enemies":"Transient","floor":38,"turns":5},{"damage":17,"enemies":"Reptomancer","floor":40,"turns":5},{"damage":32,"enemies":"Nemesis","floor":42,"turns":7},{"damage":13,"enemies":"Maw","floor":48,"turns":6},{"damage":38,"enemies":"Donu and Deca","floor":50,"turns":7}],"seed_played":"7488003788784426701","potions_obtained":[{"floor":3,"key":"GamblersBrew"},{"floor":7,"key":"PowerPotion"},{"floor":16,"key":"Strength Potion"},{"floor":24,"key":"Explosive Potion"},{"floor":25,"key":"Energy Potion"},{"floor":30,"key":"LiquidBronze"},{"floor":35,"key":"SteroidPotion"},{"floor":37,"key":"LiquidMemories"},{"floor":42,"key":"SpeedPotion"}],"is_trial":false,"path_per_floor":["M","?","M","M","M","R","E","R","T","E","?","$","R","?","R","B",null,"M","?","M","?","M","R","E","M","T","R","E","M","M","?","R","B",null,"M","M","M","M","$","E","R","E","T","R","?","$","R","M","R","B",null],"character_chosen":"THE_ANIMATOR","items_purchased":["Frozen Egg 2","Girya","SpeedPotion","animator:GuildGirl+1","animator:Ciel","animator:Buoy"],"campfire_rested":3,"item_purchase_floors":[12,39,39,39,46,46],"current_hp_per_floor":[59,53,53,45,40,40,31,31,31,29,29,29,29,16,16,11,53,46,46,32,32,27,27,22,17,17,37,30,34,38,38,58,37,61,29,29,5,19,34,23,43,15,15,15,10,25,25,22,22,20],"gold":64,"neow_bonus":"ONE_RANDOM_RARE_CARD","is_daily":false,"chose_seed":false,"campfire_upgraded":4,"win_rate":0.0,"timestamp":1608343003,"path_taken":["M","?","M","?","M","R","E","R","T","E","?","$","R","?","R","BOSS","M","?","M","?","M","R","E","M","T","R","E","M","M","?","R","BOSS","M","?","M","M","$","E","R","E","T","R","?","$","R","M","R","BOSS"],"items_purchased_type":["Relic","Relic","Potion","Card","Card","Relic"],"build_version":"2020-12-13","purchased_purges":2,"victory":true,"max_hp_per_floor":[66,66,66,66,67,67,67,67,67,67,67,67,67,67,67,67,67,67,67,67,67,67,67,68,68,68,68,69,69,69,69,69,69,69,69,69,69,69,69,69,69,69,69,69,69,69,69,69,69,69],"relic_stats":{"Lizard Tail":0,"counters":[24,115],"MealTicket":30,"obtain_stats":[{"Ice Cream":24,"animator:Buoy":46,"Girya":39,"animator:ShionDessert":10,"animator:TheMissingPiece":0,"animator:BattleDrones":26,"Oddly Smooth Stone":42,"Frozen Egg 2":12,"WarpedTongs":31,"Lizard Tail":40,"MealTicket":28,"animator:LivingPicture":0,"Fusion Hammer":17,"Mark of Pain":34,"Red Skull":7,"animator:OldCoffin":19,"Paper Frog":9},{"Ice Cream":11,"animator:Buoy":22,"Girya":20,"animator:ShionDessert":6,"animator:TheMissingPiece":0,"animator:BattleDrones":12,"Oddly Smooth Stone":22,"Frozen Egg 2":6,"WarpedTongs":15,"Lizard Tail":21,"MealTicket":13,"animator:LivingPicture":0,"Fusion Hammer":7,"Mark of Pain":16,"Red Skull":5,"animator:OldCoffin":8,"Paper Frog":5},{"Ice Cream":48,"animator:Buoy":102,"Girya":90,"animator:ShionDessert":23,"animator:TheMissingPiece":0,"animator:BattleDrones":51,"Oddly Smooth Stone":102,"Frozen Egg 2":23,"WarpedTongs":63,"Lizard Tail":95,"MealTicket":56,"animator:LivingPicture":0,"Fusion Hammer":29,"Mark of Pain":71,"Red Skull":18,"animator:OldCoffin":33,"Paper Frog":18}],"WarpedTongs":[49]},"card_choices":[{"not_picked":["animator:Ara","animator:ElricEdward"],"picked":"animator:Elsword","floor":1},{"not_picked":["animator:Kuribayashi","animator:Viivi"],"picked":"animator:Gillette","floor":3},{"not_picked":["animator:ChaikaBohdan","animator:AcuraAkari"],"picked":"animator:Sloth","floor":4},{"not_picked":["animator:Ara","animator:Chung"],"picked":"animator:Lu","floor":5},{"not_picked":["animator:Rena","animator:ChlammyZell"],"picked":"animator:Elsword","floor":7},{"not_picked":["animator:ItamiYouji","animator:DolaRiku"],"picked":"animator:IzunaHatsuse","floor":10},{"not_picked":["animator:AcuraShin","animator:ItamiYouji"],"picked":"animator:SwordMaiden","floor":16},{"not_picked":["animator:Laby+1","animator:Kazuma+1","animator:CowGirl"],"picked":"SKIP","floor":18},{"not_picked":["animator:ElricAlphonse","animator:Sloth"],"picked":"animator:Gluttony","floor":20},{"not_picked":["animator:Add","animator:Tyuule"],"picked":"animator:DwarfShaman","floor":22},{"not_picked":["animator:Mitsurugi","animator:RoryMercury"],"picked":"animator:FielNirvalen+1","floor":24},{"not_picked":["animator:Pride","animator:Tet"],"picked":"animator:Eve+1","floor":25},{"not_picked":["animator:Laby+1","animator:Elsword"],"picked":"animator:Ara","floor":28},{"not_picked":["animator:MaesHughes","animator:TukaLunaMarceau+1"],"picked":"animator:IzunaHatsuse","floor":29},{"not_picked":["animator:Mitsurugi","animator:ElricEdward+1","animator:YunYun"],"picked":"SKIP","floor":30},{"not_picked":["animator:ItamiYouji","animator:Hans+1"],"picked":"animator:Envy+1","floor":33},{"not_picked":["animator:Kazuma","animator:Pride+1"],"picked":"animator:WinryRockbell+1","floor":35},{"not_picked":["animator:CowGirl","animator:TukaLunaMarceau+1","animator:DolaStephanie"],"picked":"SKIP","floor":37},{"not_picked":["animator:YaoHaDucy","animator:Spearman+1","animator:Kuribayashi"],"picked":"SKIP","floor":38},{"not_picked":["animator:MaesHughes","animator:CowGirl","animator:Father"],"picked":"SKIP","floor":40},{"not_picked":["animator:LimeBell","animator:Lelouch"],"picked":"animator:Canti","floor":45},{"not_picked":["animator:KotoriKanbe","animator:Urushihara"],"picked":"animator:Kira","floor":45},{"not_picked":["animator:ChlammyZell","animator:WinryRockbell+1"],"picked":"animator:IzunaHatsuse+1","floor":48}],"player_experience":891271,"relics_obtained":[{"floor":7,"key":"Red Skull"},{"floor":9,"key":"Paper Frog"},{"floor":10,"key":"animator:ShionDessert"},{"floor":24,"key":"Ice Cream"},{"floor":26,"key":"animator:BattleDrones"},{"floor":28,"key":"MealTicket"},{"floor":40,"key":"Lizard Tail"},{"floor":42,"key":"Oddly Smooth Stone"}],"event_choices":[{"damage_healed":0,"gold_gain":75,"player_choice":"Touch","damage_taken":6,"max_hp_gain":0,"max_hp_loss":0,"event_name":"FaceTrader","floor":2,"gold_loss":0},{"cards_removed":["animator:Strike"],"damage_healed":0,"gold_gain":0,"player_choice":"Forget","damage_taken":0,"max_hp_gain":0,"max_hp_loss":0,"event_name":"Living Wall","floor":11,"gold_loss":0},{"damage_healed":29,"gold_gain":0,"player_choice":"Upgrade","damage_taken":13,"max_hp_gain":0,"max_hp_loss":67,"event_name":"betterThird:BetterShining","floor":14,"gold_loss":0,"cards_upgraded":["animator:Lu","animator:Elsword"]},{"damage_healed":0,"gold_gain":0,"player_choice":"Obtained Relic","damage_taken":0,"relics_obtained":["animator:OldCoffin"],"max_hp_gain":0,"max_hp_loss":0,"event_name":"Addict","floor":19,"gold_loss":85},{"cards_removed":["animator:Strike_Elsword"],"damage_healed":0,"gold_gain":0,"player_choice":"Gave Gold","damage_taken":0,"max_hp_gain":0,"max_hp_loss":0,"event_name":"Beggar","floor":21,"gold_loss":75},{"damage_healed":0,"gold_gain":0,"player_choice":"Rummage","damage_taken":0,"relics_obtained":["WarpedTongs"],"max_hp_gain":0,"max_hp_loss":0,"event_name":"Accursed Blacksmith","floor":31,"gold_loss":0,"cards_obtained":["Pain"]},{"damage_healed":0,"gold_gain":0,"player_choice":"Memory 2","damage_taken":5,"max_hp_gain":0,"max_hp_loss":0,"event_name":"SensoryStone","floor":45,"gold_loss":0}],"is_beta":false,"boss_relics":[{"not_picked":["Empty Cage","Ectoplasm"],"picked":"Fusion Hammer"},{"not_picked":["Pandora\u0027s Box","Tiny House"],"picked":"Mark of Pain"}],"items_purged_floors":[12,12],"is_endless":false,"potions_floor_spawned":[3,7,16,18,24,25,30,35,37,42],"ascension_level":6}}