{"host":"84m7hph72h8pt6ki","time":1608350217,"event":{"mods":["BaseMod","GifTheSpireLib","Minty Spire (QoL Compilation)","Replay The Spire","StSLib","The Jungle"],"gold_per_floor":[119,129,149,3,3,3,28,38,38,57,87,105,105,105,105,105,105],"floor_reached":16,"playtime":901,"items_purged":["Defend_R"],"score":226,"play_id":"d17ff4cf-6bf4-4e27-8b0c-3ba744eef843","local_time":"20201218225657","is_ascension_mode":true,"campfire_choices":[{"data":"Flame Barrier","floor":6,"key":"SMITH"},{"floor":15,"key":"REST"}],"circlet_count":0,"master_deck":["AscendersBane","Strike_R","Strike_R","Strike_R","Strike_R","Defend_R","Defend_R","Defend_R","Bash","Metallicize","Headbutt+1","Flame Barrier+1","Shrug It Off","Body Slam","Hemogenesis","Cleave+1","Hallucinations"],"relics":["Burning Blood","Replay:Bottled Snecko","Bottled Lightning","Replay:Accelerometer","Ring of Searing"],"acts_visited":["Exordium"],"potions_floor_usage":[3,11,12,16,16,16],"damage_taken":[{"damage":4,"enemies":"Small Slimes","floor":1,"turns":4},{"damage":11,"enemies":"Cultist","floor":2,"turns":4},{"damage":12,"enemies":"Jaw Worm","floor":3,"turns":5},{"damage":40,"enemies":"Replay:BlueRogue","floor":7,"turns":9},{"damage":7,"enemies":"Looter","floor":8,"turns":4},{"damage":7,"enemies":"2 Fungi Beasts","floor":10,"turns":5},{"damage":0,"enemies":"3 Sentries","floor":11,"turns":8},{"damage":2,"enemies":"Gremlin Gang","floor":12,"turns":6},{"damage":52,"enemies":"Hexaghost","floor":16,"turns":12}],"seed_played":"4656714619380654914","potions_obtained":[{"floor":1,"key":"FearPotion"},{"floor":8,"key":"ColorlessPotion"},{"floor":10,"key":"EntropicBrew"},{"floor":11,"key":"Energy Potion"}],"is_trial":false,"path_per_floor":["M","M","M","$","?","R","E","M","T","M","E","M","?","?","R","B"],"character_chosen":"IRONCLAD","items_purchased":["Flame Barrier"],"campfire_rested":1,"item_purchase_floors":[4],"current_hp_per_floor":[74,69,63,63,63,63,29,28,28,27,33,37,21,21,45,0,0],"gold":105,"neow_bonus":"RANDOM_EVENT","is_daily":false,"chose_seed":false,"campfire_upgraded":1,"win_rate":0.0,"timestamp":1608350217,"path_taken":["M","M","M","$","?","R","E","?","T","M","E","M","?","?","R","BOSS"],"items_purchased_type":["Card"],"build_version":"2020-12-13","purchased_purges":1,"victory":false,"max_hp_per_floor":[80,80,80,80,80,80,80,80,80,80,80,80,80,80,80,80,80],"card_choices":[{"not_picked":["Searing Blow","Havoc","Warcry"],"picked":"SKIP","floor":1},{"not_picked":["Flex","Replay:Undeath\u0027s Touch"],"picked":"Metallicize","floor":2},{"not_picked":["Clash","Iron Wave"],"picked":"Headbutt","floor":3},{"not_picked":["Pommel Strike","Iron Wave","Cleave"],"picked":"SKIP","floor":7},{"not_picked":["True Grit","Clash"],"picked":"Shrug It Off","floor":8},{"not_picked":["Thunderclap","Clothesline"],"picked":"Body Slam","floor":10},{"not_picked":["Dark Embrace","ReplayTheSpireMod:Limb From Limb"],"picked":"Hemogenesis","floor":11},{"not_picked":["Sword Boomerang","ReplayTheSpireMod:Strike From Hell"],"picked":"Cleave","floor":12}],"player_experience":776110,"relics_obtained":[{"floor":7,"key":"Replay:Bottled Snecko"},{"floor":9,"key":"Bottled Lightning"},{"floor":11,"key":"Replay:Accelerometer"},{"floor":14,"key":"Ring of Searing"}],"event_choices":[{"damage_healed":0,"gold_gain":0,"player_choice":"Ignored","damage_taken":0,"max_hp_gain":0,"max_hp_loss":0,"event_name":"WeMeetAgain","floor":5,"gold_loss":0},{"damage_healed":0,"gold_gain":0,"player_choice":"Entered Light","damage_taken":16,"max_hp_gain":0,"max_hp_loss":0,"event_name":"Shining Light","floor":13,"gold_loss":0,"cards_upgraded":["Cleave","Headbutt"]}],"is_beta":false,"boss_relics":[],"items_purged_floors":[4],"is_endless":false,"potions_floor_spawned":[1,8,10,11],"killed_by":"Hexaghost","ascension_level":13}}