{"host":"jn2qdns2nxijvlnt","time":1608368081,"event":{"mods":["BaseMod","Minty Spire (QoL Compilation)","Quick Restart"],"gold_per_floor":[116,40,58,58,72,99,118,118,118,132,162,56,56,2,2,80,80,92,35,54,68,68,68,96,108,132,132,132,182,195,36,36,111,111,122,141,154,154,7,7,40,40,40,40,40],"floor_reached":44,"playtime":2586,"items_purged":[],"score":936,"play_id":"e61c8b15-ada2-4bcf-b7dc-59eb9057b288","local_time":"20201219035441","is_ascension_mode":true,"campfire_choices":[{"floor":8.0,"key":"REST"},{"floor":15.0,"key":"REST"},{"floor":23.0,"key":"REST"},{"floor":27.0,"key":"REST"},{"data":"Perfected Strike","floor":32.0,"key":"SMITH"},{"floor":40.0,"key":"REST"},{"floor":42.0,"key":"REST"}],"circlet_count":0,"master_deck":["AscendersBane","Strike_R+1","Strike_R+1","Strike_R+1","Strike_R+1","Strike_R+1","Defend_R+1","Defend_R+1","Defend_R+1","Defend_R+1","Bash","Seeing Red+1","Headbutt","Perfected Strike+1","Shockwave","Twin Strike","Metallicize","Feed","Pommel Strike","Blood for Blood","Twin Strike","Double Tap","Shrug It Off","Uppercut","Pommel Strike","Dramatic Entrance"],"relics":["Burning Blood","NeowsBlessing","Strawberry","Omamori","Pantograph","StoneCalendar","Velvet Choker","Anchor","Lantern","Fusion Hammer","Centennial Puzzle","Frozen Egg 2"],"acts_visited":["Exordium","TheCity","TheBeyond"],"potions_floor_usage":[],"damage_taken":[{"damage":0.0,"enemies":"Jaw Worm","floor":1.0,"turns":1.0},{"damage":0.0,"enemies":"Small Slimes","floor":3.0,"turns":1.0},{"damage":0.0,"enemies":"Cultist","floor":5.0,"turns":1.0},{"damage":14.0,"enemies":"Gremlin Nob","floor":6.0,"turns":3.0},{"damage":13.0,"enemies":"Red Slaver","floor":7.0,"turns":3.0},{"damage":11.0,"enemies":"Blue Slaver","floor":10.0,"turns":3.0},{"damage":15.0,"enemies":"3 Sentries","floor":11.0,"turns":5.0},{"damage":11.0,"enemies":"3 Louse","floor":13.0,"turns":2.0},{"damage":67.0,"enemies":"The Guardian","floor":16.0,"turns":9.0},{"damage":43.0,"enemies":"Spheric Guardian","floor":18.0,"turns":6.0},{"damage":4.0,"enemies":"Chosen","floor":20.0,"turns":4.0},{"damage":35.0,"enemies":"3 Cultists","floor":21.0,"turns":6.0},{"damage":14.0,"enemies":"Gremlin Leader","floor":24.0,"turns":9.0},{"damage":0.0,"enemies":"Snake Plant","floor":25.0,"turns":2.0},{"damage":13.0,"enemies":"Snecko","floor":30.0,"turns":5.0},{"damage":95.0,"enemies":"Champ","floor":33.0,"turns":12.0},{"damage":35.0,"enemies":"3 Darklings","floor":35.0,"turns":6.0},{"damage":4.0,"enemies":"Orb Walker","floor":36.0,"turns":4.0},{"damage":9.0,"enemies":"Jaw Worm Horde","floor":37.0,"turns":3.0},{"damage":76.0,"enemies":"Reptomancer","floor":41.0,"turns":7.0},{"damage":0,"enemies":"Transient","floor":44,"turns":1}],"seed_played":"4159203559034572271","potions_obtained":[{"floor":1.0,"key":"ColorlessPotion"},{"floor":5.0,"key":"Swift Potion"},{"floor":7.0,"key":"Strength Potion"},{"floor":11.0,"key":"DuplicationPotion"},{"floor":18.0,"key":"SpeedPotion"},{"floor":24.0,"key":"FearPotion"},{"floor":33.0,"key":"Ancient Potion"},{"floor":36.0,"key":"LiquidMemories"},{"floor":37.0,"key":"GamblersBrew"}],"is_trial":false,"path_per_floor":["M","$","M","?","M","E","M","R","T","M","E","$","M","?","R","B",null,"M","$","M","M","?","R","E","M","T","R","?","?","M","$","R","B",null,"M","M","M","?","$","R","E","R","T","M"],"character_chosen":"IRONCLAD","items_purchased":["Seeing Red","EntropicBrew","BloodPotion","Twin Strike","Weak Potion","BloodPotion","Dramatic Entrance","Explosive Potion"],"campfire_rested":6,"item_purchase_floors":[2,12,19,31,31,31,39,39],"current_hp_per_floor":[74,74,75,75,75,74,67,82,82,77,68,68,63,63,82,21,67,30,46,48,22,22,47,39,45,45,70,70,70,63,63,63,13,67,38,40,37,54,54,79,9,34,34,34,34],"gold":40,"neow_bonus":"THREE_ENEMY_KILL","is_daily":false,"chose_seed":false,"campfire_upgraded":1,"win_rate":0.0,"timestamp":1608368081,"path_taken":["M","$","M","?","M","E","M","R","T","M","E","$","M","?","R","BOSS","M","?","M","?","?","R","E","M","T","R","?","?","M","$","R","BOSS","M","M","?","?","$","R","E","R","T","M"],"items_purchased_type":["Card","Potion","Potion","Card","Potion","Potion","Card","Potion"],"build_version":"2020-12-13","purchased_purges":0,"victory":false,"max_hp_per_floor":[75,75,75,75,75,82,82,82,82,82,82,82,82,82,82,82,82,82,82,82,85,85,85,85,85,85,85,85,85,85,85,85,85,85,85,85,85,85,85,85,85,85,85,85,85],"card_choices":[{"not_picked":["Flex","Warcry","Fire Breathing"],"picked":"SKIP","floor":1.0},{"not_picked":["Sword Boomerang","Reckless Charge"],"picked":"Headbutt","floor":3.0},{"not_picked":["Combust","Havoc"],"picked":"Perfected Strike","floor":5.0},{"not_picked":["Brutality","Heavy Blade","True Grit"],"picked":"SKIP","floor":6.0},{"not_picked":["Iron Wave","Infernal Blade"],"picked":"Shockwave","floor":7.0},{"not_picked":["Sword Boomerang","Entrench"],"picked":"Twin Strike","floor":10.0},{"not_picked":["Rage","Body Slam"],"picked":"Metallicize","floor":11.0},{"not_picked":["Reaper","Exhume"],"picked":"Feed","floor":16.0},{"not_picked":["Shrug It Off","Body Slam"],"picked":"Pommel Strike","floor":18.0},{"not_picked":["Havoc","Heavy Blade","Flex"],"picked":"SKIP","floor":20.0},{"not_picked":["Body Slam","True Grit","Flex"],"picked":"SKIP","floor":21.0},{"not_picked":["Wild Strike","Clash"],"picked":"Blood for Blood","floor":24.0},{"not_picked":["Fire Breathing","Heavy Blade","Dual Wield"],"picked":"SKIP","floor":25.0},{"not_picked":["Impervious","Wild Strike","Clash"],"picked":"SKIP","floor":30.0},{"not_picked":["Corruption","Bludgeon"],"picked":"Double Tap","floor":33.0},{"not_picked":["Twin Strike","Power Through"],"picked":"Shrug It Off","floor":35.0},{"not_picked":["Havoc","Carnage+1"],"picked":"Uppercut","floor":36.0},{"not_picked":["Anger","Thunderclap"],"picked":"Pommel Strike","floor":37.0},{"not_picked":["Body Slam","Blood for Blood","Hemokinesis"],"picked":"SKIP","floor":41.0}],"player_experience":431487,"relics_obtained":[{"floor":6.0,"key":"Strawberry"},{"floor":9.0,"key":"Omamori"},{"floor":11.0,"key":"Pantograph"},{"floor":24.0,"key":"Anchor"},{"floor":26.0,"key":"Lantern"},{"floor":41.0,"key":"Centennial Puzzle"},{"floor":43.0,"key":"Frozen Egg 2"}],"event_choices":[{"damage_healed":0.0,"max_hp_gain":0.0,"max_hp_loss":0.0,"gold_gain":0.0,"event_name":"Living Wall","player_choice":"Grow","floor":4.0,"gold_loss":0.0,"damage_taken":0.0,"cards_upgraded":["Seeing Red"]},{"damage_healed":0.0,"max_hp_gain":0.0,"max_hp_loss":0.0,"gold_gain":0.0,"event_name":"WeMeetAgain","player_choice":"Paid Gold","floor":14.0,"gold_loss":54.0,"damage_taken":0.0,"relics_obtained":["StoneCalendar"]},{"damage_healed":0.0,"max_hp_gain":0.0,"max_hp_loss":0.0,"gold_gain":0.0,"event_name":"Back to Basics","player_choice":"Simplicity","floor":22.0,"gold_loss":0.0,"damage_taken":0.0,"cards_upgraded":["Strike_R","Strike_R","Strike_R","Strike_R","Strike_R","Defend_R","Defend_R","Defend_R","Defend_R"]},{"damage_healed":0.0,"max_hp_gain":0.0,"max_hp_loss":0.0,"gold_gain":0.0,"event_name":"Vampires","player_choice":"Ignored","floor":28.0,"gold_loss":0.0,"damage_taken":0.0},{"damage_healed":0.0,"max_hp_gain":0.0,"max_hp_loss":0.0,"gold_gain":100.0,"event_name":"The Joust","player_choice":"Bet on Murderer","floor":29.0,"gold_loss":50.0,"damage_taken":0.0},{"damage_healed":17.0,"max_hp_gain":0.0,"max_hp_loss":0.0,"gold_gain":0.0,"event_name":"Winding Halls","player_choice":"Writhe","floor":38.0,"gold_loss":0.0,"damage_taken":0.0,"cards_obtained":["Writhe"]}],"is_beta":false,"boss_relics":[{"not_picked":["SacredBark","Snecko Eye"],"picked":"Velvet Choker"},{"not_picked":["Runic Pyramid","Pandora\u0027s Box"],"picked":"Fusion Hammer"}],"items_purged_floors":[],"is_endless":false,"potions_floor_spawned":[1,5,7,11,18,24,33,36,37],"killed_by":"Transient","ascension_level":20}}