{"host":"jksa5rawk3m4gilz","time":1608414676,"event":{"mods":["BaseMod","Colored Map","Highlight Path","Minty Spire (QoL Compilation)","Quick Restart"],"gold_per_floor":[119,119,194,217,232,266,266,286,286,286,325,290,290,324,324,420,420,433,483,507,522,303,316,316,354,354,385,385,408,469,488,488,582,582,607,625,346,346,346,382,382,382,409,409,427,460,460,460,460],"floor_reached":48,"playtime":1946,"items_purged":["Defend_P"],"score":942,"play_id":"5cfde87a-b293-4844-9a44-4b64dbb53137","local_time":"20201219225116","is_ascension_mode":true,"campfire_choices":[{"data":"ForeignInfluence","floor":7,"key":"SMITH"},{"floor":13,"key":"REST"},{"data":"Eruption","floor":15,"key":"SMITH"},{"floor":24,"key":"REST"},{"floor":32,"key":"REST"},{"floor":41,"key":"REST"},{"floor":44,"key":"REST"},{"floor":47,"key":"REST"}],"circlet_count":0,"master_deck":["AscendersBane","Strike_P","Strike_P","Eruption+1","Vigilance+1","TalkToTheHand","ForeignInfluence+1","Prostrate","Prostrate","Fasting2","SpiritShield","Scrawl+1","Wish+1","Ragnarok+1","Worship+1","DeusExMachina","Vengeance+1","LessonLearned","Prostrate+1","WaveOfTheHand+1","Magnetism","DevaForm","Magnetism","Secret Weapon","Forethought","Writhe"],"relics":["PureWater","NeowsBlessing","Golden Idol","Damaru","PreservedInsect","StrikeDummy","Yang","Mummified Hand","Astrolabe","Membership Card","Sundial","Bottled Tornado","Red Mask","War Paint","Black Star","Toolbox","Dream Catcher","Anchor","Akabeko","Frozen Egg 2","Bottled Flame"],"acts_visited":["Exordium","TheCity","TheBeyond"],"potions_floor_usage":[11,16,25,31,40],"damage_taken":[{"damage":0,"enemies":"2 Louse","floor":1,"turns":1},{"damage":0,"enemies":"Jaw Worm","floor":5,"turns":1},{"damage":0,"enemies":"Lagavulin","floor":6,"turns":1},{"damage":0,"enemies":"Cultist","floor":8,"turns":3},{"damage":12,"enemies":"3 Sentries","floor":11,"turns":3},{"damage":9,"enemies":"Gremlin Nob","floor":14,"turns":3},{"damage":11,"enemies":"The Guardian","floor":16,"turns":13},{"damage":0,"enemies":"Spheric Guardian","floor":18,"turns":2},{"damage":12,"enemies":"3 Byrds","floor":19,"turns":4},{"damage":26,"enemies":"Snecko","floor":20,"turns":3},{"damage":1,"enemies":"Sentry and Sphere","floor":21,"turns":4},{"damage":0,"enemies":"Snake Plant","floor":23,"turns":2},{"damage":40,"enemies":"Gremlin Leader","floor":25,"turns":3},{"damage":2,"enemies":"Masked Bandits","floor":27,"turns":3},{"damage":0,"enemies":"3 Cultists","floor":29,"turns":2},{"damage":6,"enemies":"Book of Stabbing","floor":30,"turns":4},{"damage":0,"enemies":"Centurion and Healer","floor":31,"turns":2},{"damage":1,"enemies":"Champ","floor":33,"turns":5},{"damage":11,"enemies":"3 Darklings","floor":35,"turns":5},{"damage":16,"enemies":"3 Shapes","floor":36,"turns":4},{"damage":43,"enemies":"Reptomancer","floor":40,"turns":3},{"damage":8,"enemies":"Maw","floor":45,"turns":5},{"damage":23,"enemies":"Giant Head","floor":46,"turns":6},{"damage":65,"enemies":"Reptomancer","floor":48,"turns":3}],"seed_played":"8903211582890107581","potions_obtained":[{"floor":5,"key":"SpeedPotion"},{"floor":8,"key":"DuplicationPotion"},{"floor":16,"key":"Regen Potion"},{"floor":23,"key":"GamblersBrew"},{"floor":25,"key":"FairyPotion"},{"floor":29,"key":"LiquidBronze"},{"floor":30,"key":"FearPotion"},{"floor":33,"key":"ColorlessPotion"},{"floor":40,"key":"SteroidPotion"}],"is_trial":false,"path_per_floor":["M","?","?","T","M","E","R","M","T","?","E","?","R","E","R","B",null,"M","M","M","M","$","M","R","E","T","?","?","M","E","M","R","B",null,"M","M","$","?","?","E","R","?","T","R","M","E","R","E"],"character_chosen":"WATCHER","items_purchased":["Membership Card","DeusExMachina","Toolbox","Magnetism","DevaForm"],"campfire_rested":6,"item_purchase_floors":[22,22,37,37,37],"current_hp_per_floor":[65,47,36,36,36,36,36,36,36,29,17,35,56,47,47,36,63,63,51,25,24,24,24,45,14,14,12,36,36,30,30,51,50,67,56,40,40,30,48,5,26,26,26,47,39,16,37,0,0],"gold":460,"neow_bonus":"THREE_ENEMY_KILL","is_daily":false,"chose_seed":false,"campfire_upgraded":2,"win_rate":0.0,"timestamp":1608414676,"path_taken":["M","?","?","?","?","E","R","?","T","?","E","?","R","E","R","BOSS","M","M","M","M","$","M","R","E","T","?","?","M","E","M","R","BOSS","M","M","$","?","?","E","R","?","T","R","M","E","R","E"],"items_purchased_type":["Relic","Card","Relic","Card","Card"],"build_version":"2020-12-13","purchased_purges":1,"victory":false,"max_hp_per_floor":[72,72,72,72,72,72,72,72,72,72,72,72,72,72,72,72,72,72,72,72,72,72,72,72,72,72,72,72,72,72,72,72,72,72,72,72,72,72,72,72,72,72,72,72,72,72,72,72,72],"card_choices":[{"not_picked":["Consecrate","ClearTheMind"],"picked":"TalkToTheHand","floor":1},{"not_picked":["ThirdEye","FollowUp","Evaluate"],"picked":"SKIP","floor":5},{"not_picked":["JustLucky","BowlingBash"],"picked":"ForeignInfluence","floor":6},{"not_picked":["Swivel","FlurryOfBlows"],"picked":"Prostrate","floor":8},{"not_picked":["FlyingSleeves","ClearTheMind"],"picked":"Prostrate","floor":11},{"not_picked":["DeusExMachina","Wallop"],"picked":"Fasting2","floor":14},{"not_picked":["Omniscience","Blasphemy"],"picked":"SpiritShield","floor":16},{"not_picked":["CutThroughFate","ReachHeaven","Protect"],"picked":"SKIP","floor":18},{"not_picked":["EmptyMind","FlyingSleeves"],"picked":"Worship","floor":19},{"not_picked":["PathToVictory","ThirdEye","BowlingBash+1"],"picked":"SKIP","floor":20},{"not_picked":["Evaluate","BowlingBash","EmptyBody"],"picked":"SKIP","floor":21},{"not_picked":["SashWhip","FlyingSleeves","ReachHeaven"],"picked":"SKIP","floor":23},{"not_picked":["Collect","CrushJoints","BattleHymn"],"picked":"SKIP","floor":25},{"not_picked":["Vault","Study"],"picked":"Vengeance","floor":29},{"not_picked":["ThirdEye","Wireheading","FollowUp"],"picked":"SKIP","floor":30},{"not_picked":["ThirdEye+1","WheelKick","Perseverance+1"],"picked":"SKIP","floor":31},{"not_picked":["ConjureBlade","Judgement"],"picked":"LessonLearned","floor":33},{"not_picked":["PathToVictory","Crescendo"],"picked":"Prostrate+1","floor":35},{"not_picked":["CrushJoints","Protect"],"picked":"WaveOfTheHand+1","floor":36},{"not_picked":["Finesse","PanicButton"],"picked":"Magnetism","floor":38},{"not_picked":["Impatience","Purity"],"picked":"Secret Weapon","floor":38},{"not_picked":["Flash of Steel","Impatience"],"picked":"Forethought","floor":38},{"not_picked":["Evaluate","Collect","Consecrate"],"picked":"SKIP","floor":40},{"not_picked":["LikeWater","Nirvana","Halt+1"],"picked":"SKIP","floor":45},{"not_picked":["WheelKick","EmptyBody","WindmillStrike"],"picked":"SKIP","floor":46}],"player_experience":2041673,"relics_obtained":[{"floor":4,"key":"Damaru"},{"floor":6,"key":"PreservedInsect"},{"floor":9,"key":"StrikeDummy"},{"floor":11,"key":"Yang"},{"floor":14,"key":"Mummified Hand"},{"floor":25,"key":"Sundial"},{"floor":26,"key":"Bottled Tornado"},{"floor":27,"key":"Red Mask"},{"floor":30,"key":"War Paint"},{"floor":40,"key":"Dream Catcher"},{"floor":40,"key":"Anchor"},{"floor":43,"key":"Akabeko"},{"floor":46,"key":"Frozen Egg 2"},{"floor":46,"key":"Bottled Flame"}],"event_choices":[{"damage_healed":0,"gold_gain":0,"player_choice":"Take Damage","damage_taken":18,"relics_obtained":["Golden Idol"],"max_hp_gain":0,"max_hp_loss":0,"event_name":"Golden Idol","floor":2,"gold_loss":0},{"damage_healed":0,"gold_gain":75,"player_choice":"Gather Gold","damage_taken":11,"max_hp_gain":0,"max_hp_loss":0,"event_name":"World of Goop","floor":3,"gold_loss":0},{"cards_removed":["Strike_P"],"damage_healed":0,"gold_gain":0,"player_choice":"Card Removal","damage_taken":7,"max_hp_gain":0,"max_hp_loss":0,"event_name":"Golden Wing","floor":10,"gold_loss":0},{"damage_healed":18,"gold_gain":0,"player_choice":"Healed","damage_taken":0,"max_hp_gain":0,"max_hp_loss":0,"event_name":"The Cleric","floor":12,"gold_loss":35},{"damage_healed":0,"gold_gain":0,"player_choice":"Fought Bandits","damage_taken":0,"max_hp_gain":0,"max_hp_loss":0,"event_name":"Masked Bandits","floor":27,"gold_loss":0},{"damage_healed":24,"gold_gain":0,"player_choice":"Heal","damage_taken":0,"max_hp_gain":0,"max_hp_loss":0,"event_name":"The Library","floor":28,"gold_loss":0},{"damage_healed":0,"gold_gain":0,"player_choice":"Memory 3","damage_taken":10,"max_hp_gain":0,"max_hp_loss":0,"event_name":"SensoryStone","floor":38,"gold_loss":0},{"damage_healed":18,"gold_gain":0,"player_choice":"Writhe","damage_taken":0,"max_hp_gain":0,"max_hp_loss":0,"event_name":"Winding Halls","floor":39,"gold_loss":0,"cards_obtained":["Writhe"]},{"cards_removed":["Strike_P"],"damage_healed":0,"gold_gain":0,"player_choice":"Removed Attack","damage_taken":0,"max_hp_gain":0,"max_hp_loss":0,"event_name":"Falling","floor":42,"gold_loss":0}],"is_beta":false,"boss_relics":[{"not_picked":["Snecko Eye","Calling Bell"],"picked":"Astrolabe"},{"not_picked":["Pandora\u0027s Box","Empty Cage"],"picked":"Black Star"}],"items_purged_floors":[37],"is_endless":false,"potions_floor_spawned":[5,8,16,23,25,29,30,33,36,40],"killed_by":"Reptomancer","ascension_level":13}}