{"host":"usewcu4ohw2wtmxk","time":1608366513,"event":{"mods":["AchievementEnabler","BaseMod","Colored Powertips","Minty Spire (QoL Compilation)","Permanent Neow","Quick Restart","Relic Stats","StSLib"],"gold_per_floor":[114,114,189,200,220,220,252,252,252,287,134,148,148,163,163,234,234,253,272,7,7,21,21,56,56,56,56,73,107,122,156,156,230,230,250,525,525,540,415,415,440,440,440,132,151,166,166,180,180,180,180,180,180,5,34,34],"floor_reached":57,"playtime":2499,"items_purged":["Defend_P","Strike_P","Regret","Strike_P","Conclude"],"score":3000,"play_id":"fdc3f6e3-848a-4924-a90d-1701719e9c5d","local_time":"20201219162833","is_ascension_mode":true,"campfire_choices":[{"data":"Eruption","floor":6.0,"key":"SMITH"},{"floor":8.0,"key":"REST"},{"floor":13.0,"key":"REST"},{"data":"Adaptation","floor":15.0,"key":"SMITH"},{"data":"Pray","floor":23.0,"key":"SMITH"},{"data":"Pray","floor":25.0,"key":"SMITH"},{"floor":32.0,"key":"REST"},{"floor":40.0,"key":"REST"},{"data":"Prostrate","floor":42.0,"key":"SMITH"},{"floor":49.0,"key":"RECALL"},{"data":"Scrawl","floor":53.0,"key":"SMITH"}],"circlet_count":0,"master_deck":["AscendersBane","Strike_P","Strike_P","Defend_P","Eruption+1","Vigilance","Brilliance","Prostrate+1","Omniscience","Pray+1","Adaptation+1","Scrawl+1","Pray+1","DeusExMachina","Adaptation","Wallop+1","Madness","Madness"],"relics":["PureWater","Damaru","Shuriken","Potion Belt","Runic Pyramid","ClockworkSouvenir","Lizard Tail","Tiny Chest","Matryoshka","Pen Nib","Philosopher\u0027s Stone","Bag of Preparation","CloakClasp","Anchor","Gambling Chip","Lee\u0027s Waffle","Vajra"],"acts_visited":["Exordium","TheCity","TheBeyond","TheEnding"],"potions_floor_usage":[56],"damage_taken":[{"damage":0.0,"enemies":"Small Slimes","floor":1.0,"turns":2.0},{"damage":0.0,"enemies":"Jaw Worm","floor":4.0,"turns":1.0},{"damage":1.0,"enemies":"Cultist","floor":5.0,"turns":3.0},{"damage":40.0,"enemies":"Lagavulin","floor":7.0,"turns":4.0},{"damage":5.0,"enemies":"3 Sentries","floor":10.0,"turns":3.0},{"damage":18.0,"enemies":"Gremlin Gang","floor":12.0,"turns":4.0},{"damage":9.0,"enemies":"Large Slime","floor":14.0,"turns":3.0},{"damage":15.0,"enemies":"The Guardian","floor":16.0,"turns":4.0},{"damage":0.0,"enemies":"Chosen","floor":18.0,"turns":4.0},{"damage":9.0,"enemies":"3 Byrds","floor":19.0,"turns":3.0},{"damage":0.0,"enemies":"Cultist and Chosen","floor":22.0,"turns":2.0},{"damage":21.0,"enemies":"Slavers","floor":24.0,"turns":2.0},{"damage":12.0,"enemies":"Snake Plant","floor":28.0,"turns":2.0},{"damage":0.0,"enemies":"Book of Stabbing","floor":29.0,"turns":2.0},{"damage":0.0,"enemies":"Snecko","floor":30.0,"turns":2.0},{"damage":3.0,"enemies":"Slavers","floor":31.0,"turns":2.0},{"damage":20.0,"enemies":"Collector","floor":33.0,"turns":4.0},{"damage":8.0,"enemies":"Orb Walker","floor":35.0,"turns":2.0},{"damage":43.0,"enemies":"3 Shapes","floor":38.0,"turns":4.0},{"damage":0.0,"enemies":"Nemesis","floor":41.0,"turns":1.0},{"damage":0.0,"enemies":"Jaw Worm Horde","floor":45.0,"turns":2.0},{"damage":0.0,"enemies":"Transient","floor":46.0,"turns":5.0},{"damage":0.0,"enemies":"Sphere and 2 Shapes","floor":48.0,"turns":3.0},{"damage":0.0,"enemies":"Time Eater","floor":50.0,"turns":5.0},{"damage":8.0,"enemies":"Awakened One","floor":51.0,"turns":4.0},{"damage":0.0,"enemies":"Shield and Spear","floor":55.0,"turns":2.0},{"damage":53,"enemies":"The Heart","floor":56,"turns":8}],"seed_played":"-1822192267838929929","potions_obtained":[{"floor":1.0,"key":"BlessingOfTheForge"},{"floor":7.0,"key":"CultistPotion"},{"floor":10.0,"key":"Energy Potion"},{"floor":14.0,"key":"StancePotion"},{"floor":24.0,"key":"BlessingOfTheForge"},{"floor":28.0,"key":"CultistPotion"},{"floor":29.0,"key":"StancePotion"},{"floor":30.0,"key":"PowerPotion"},{"floor":38.0,"key":"StancePotion"},{"floor":45.0,"key":"LiquidMemories"},{"floor":46.0,"key":"Ancient Potion"}],"is_trial":false,"path_per_floor":["M","?","?","M","M","R","E","R","T","E","$","M","R","M","R","B",null,"M","M","$","?","M","R","E","R","T","$","M","E","M","E","R","B",null,"M","?","T","M","$","R","E","R","T","$","M","M","?","M","R","B","B",null,"R","$","E","B",null],"character_chosen":"WATCHER","items_purchased":["Pray","ClockworkSouvenir","Lee\u0027s Waffle"],"campfire_rested":4,"item_purchase_floors":[11,20,44],"current_hp_per_floor":[61,61,50,50,49,49,9,29,29,24,24,6,26,17,17,2,52,52,43,43,43,43,43,22,22,22,22,10,10,10,7,27,7,53,45,45,45,2,2,22,22,22,22,75,75,75,61,61,61,61,53,70,70,70,70,17],"gold":34,"neow_bonus":"ONE_RANDOM_RARE_CARD","is_daily":false,"chose_seed":false,"campfire_upgraded":6,"win_rate":0.0,"timestamp":1608366513,"path_taken":["M","?","?","M","M","R","E","R","T","E","$","M","R","M","R","BOSS","M","M","$","?","M","R","E","R","T","?","M","E","?","E","R","BOSS","M","?","?","M","$","R","E","R","T","$","M","M","?","M","R","BOSS","BOSS","R","$","E","BOSS"],"items_purchased_type":["Card","Relic","Relic"],"build_version":"2020-12-13","purchased_purges":5,"victory":true,"max_hp_per_floor":[68,68,68,68,68,68,68,68,68,68,68,68,68,68,68,68,68,68,68,68,68,68,68,68,68,68,68,68,68,68,68,68,68,68,68,68,68,68,68,68,68,68,68,75,75,75,75,75,75,75,75,75,75,75,75,75],"relic_stats":{"Lizard Tail":0,"Lee\u0027s Waffle":53,"counters":[27,83],"Shuriken":[34],"Gambling Chip":[15],"Tiny Chest":1,"Pen Nib":[10],"Bag of Preparation":[18],"CloakClasp":[118],"obtain_stats":[{"Potion Belt":10,"Lee\u0027s Waffle":44,"Damaru":7,"Vajra":55,"Pen Nib":31,"Bag of Preparation":37,"CloakClasp":41,"ClockworkSouvenir":20,"Lizard Tail":24,"Anchor":43,"Matryoshka":29,"Shuriken":9,"Gambling Chip":43,"Tiny Chest":26,"Philosopher\u0027s Stone":34,"PureWater":0,"Runic Pyramid":17},{"Potion Belt":5,"Lee\u0027s Waffle":20,"Damaru":4,"Vajra":26,"Pen Nib":16,"Bag of Preparation":18,"CloakClasp":20,"ClockworkSouvenir":10,"Lizard Tail":12,"Anchor":20,"Matryoshka":14,"Shuriken":4,"Gambling Chip":20,"Tiny Chest":12,"Philosopher\u0027s Stone":17,"PureWater":0,"Runic Pyramid":8},{"Potion Belt":13,"Lee\u0027s Waffle":54,"Damaru":10,"Vajra":75,"Pen Nib":43,"Bag of Preparation":49,"CloakClasp":54,"ClockworkSouvenir":31,"Lizard Tail":35,"Anchor":54,"Matryoshka":39,"Shuriken":10,"Gambling Chip":54,"Tiny Chest":35,"Philosopher\u0027s Stone":47,"PureWater":0,"Runic Pyramid":24}]},"card_choices":[{"not_picked":["Worship","ClearTheMind"],"picked":"Conclude","floor":1.0},{"not_picked":["EmptyMind","Crescendo","EmptyFist"],"picked":"SKIP","floor":4.0},{"not_picked":["FlyingSleeves","ClearTheMind"],"picked":"Prostrate","floor":5.0},{"not_picked":["EmptyMind","Prostrate"],"picked":"Omniscience","floor":7.0},{"not_picked":["Halt","Nirvana","SashWhip"],"picked":"SKIP","floor":10.0},{"not_picked":["FlyingSleeves","ThirdEye","Evaluate"],"picked":"SKIP","floor":12.0},{"not_picked":["BowlingBash","Omniscience"],"picked":"Adaptation","floor":14.0},{"not_picked":["LessonLearned","MasterReality"],"picked":"Scrawl","floor":16.0},{"not_picked":["Prostrate","Swivel"],"picked":"Pray","floor":18.0},{"not_picked":["BowlingBash","Prostrate","FlyingSleeves"],"picked":"SKIP","floor":19.0},{"not_picked":["Protect","SandsOfTime","Sanctity"],"picked":"SKIP","floor":22.0},{"not_picked":["ClearTheMind","CrushJoints","Perseverance"],"picked":"SKIP","floor":24.0},{"not_picked":["Consecrate","Evaluate","FollowUp"],"picked":"SKIP","floor":28.0},{"not_picked":["ClearTheMind","Collect","Vengeance"],"picked":"SKIP","floor":29.0},{"not_picked":["SpiritShield","Pray","EmptyFist+1"],"picked":"SKIP","floor":30.0},{"not_picked":["FollowUp+1","ForeignInfluence","CrushJoints"],"picked":"SKIP","floor":31.0},{"not_picked":["Omniscience","Devotion"],"picked":"DeusExMachina","floor":33.0},{"not_picked":["CrushJoints+1","ClearTheMind","Prostrate"],"picked":"SKIP","floor":35.0},{"not_picked":["Nirvana","EmptyFist"],"picked":"Adaptation","floor":38.0},{"not_picked":["CutThroughFate","Pray","CrushJoints"],"picked":"SKIP","floor":41.0},{"not_picked":["Evaluate","Collect","Prostrate"],"picked":"SKIP","floor":45.0},{"not_picked":["FlurryOfBlows","Sanctity"],"picked":"Wallop+1","floor":46.0},{"not_picked":["BowlingBash","EmptyMind+1","FollowUp+1"],"picked":"SKIP","floor":48.0},{"not_picked":["LikeWater","BattleHymn","EmptyFist"],"picked":"SKIP","floor":55.0}],"player_experience":221184,"relics_obtained":[{"floor":7.0,"key":"Damaru"},{"floor":9.0,"key":"Shuriken"},{"floor":10.0,"key":"Potion Belt"},{"floor":24.0,"key":"Lizard Tail"},{"floor":26.0,"key":"Tiny Chest"},{"floor":29.0,"key":"Matryoshka"},{"floor":31.0,"key":"Pen Nib"},{"floor":37.0,"key":"Bag of Preparation"},{"floor":41.0,"key":"CloakClasp"},{"floor":43.0,"key":"Anchor"},{"floor":43.0,"key":"Gambling Chip"},{"floor":55.0,"key":"Vajra"}],"event_choices":[{"cards_removed":["Defend_P"],"damage_healed":0.0,"max_hp_gain":0.0,"max_hp_loss":0.0,"gold_gain":0.0,"event_name":"Living Wall","player_choice":"Forget","floor":2.0,"gold_loss":0.0,"damage_taken":0.0},{"damage_healed":0.0,"max_hp_gain":0.0,"max_hp_loss":0.0,"gold_gain":75.0,"event_name":"World of Goop","player_choice":"Gather Gold","floor":3.0,"gold_loss":0.0,"damage_taken":11.0},{"cards_removed":["Defend_P"],"damage_healed":0.0,"max_hp_gain":0.0,"max_hp_loss":0.0,"gold_gain":0.0,"event_name":"Wheel of Change","player_choice":"Card Removal","floor":21.0,"gold_loss":0.0,"damage_taken":0.0},{"damage_healed":0.0,"max_hp_gain":0.0,"max_hp_loss":0.0,"gold_gain":275.0,"event_name":"Golden Shrine","player_choice":"Desecrate","floor":36.0,"gold_loss":0.0,"damage_taken":0.0,"cards_obtained":["Regret"]},{"damage_healed":0.0,"max_hp_gain":0.0,"max_hp_loss":0.0,"gold_gain":0.0,"event_name":"Winding Halls","player_choice":"Embrace Madness","floor":47.0,"gold_loss":0.0,"damage_taken":14.0,"cards_obtained":["Madness","Madness"]}],"is_beta":false,"boss_relics":[{"not_picked":["Sozu","Busted Crown"],"picked":"Runic Pyramid"},{"not_picked":["Empty Cage","Coffee Dripper"],"picked":"Philosopher\u0027s Stone"}],"items_purged_floors":[11,20,39,44,54],"is_endless":false,"potions_floor_spawned":[1,7,10,14,24,28,29,30,38,45,46,48],"ascension_level":20}}