{"host":"w811868i7dqaax32","time":1608420708,"event":{"mods":["BaseMod","Infinite Spire","Minty Spire (QoL Compilation)","Replay The Spire","StSLib","The Poker Player"],"gold_per_floor":[12,26,44,7,22,47,63,91,91,91,56,75,75,85,85,184,184,201,31,79,79,79,105,105,116,143,153,153,153,153,153,153],"floor_reached":30,"playtime":1250,"items_purged":[],"score":273,"play_id":"c6d515a2-196a-4bc6-b7aa-bbfad40297ea","local_time":"20201220003148","is_ascension_mode":true,"metric_token":402,"campfire_choices":[{"floor":10,"key":"RECALL"},{"data":"PokerPlayerMod:TrumpStrike","floor":13,"key":"SMITH"},{"data":"PokerPlayerMod:Mulligan","floor":15,"key":"SMITH"},{"data":"1","floor":28,"key":"LIFT"}],"circlet_count":0,"master_deck":["PokerPlayerMod:Diamond2","PokerPlayerMod:Diamond3","PokerPlayerMod:Diamond4","PokerPlayerMod:Diamond5","PokerPlayerMod:Spade2","PokerPlayerMod:Spade3","PokerPlayerMod:Spade4","PokerPlayerMod:Club1","PokerPlayerMod:Club2","PokerPlayerMod:Heart2","PokerPlayerMod:TrumpStrike+1","PokerPlayerMod:BadJoker","PokerPlayerMod:Mulligan+1","PokerPlayerMod:Overdeal","PokerPlayerMod:SecondChance","PokerPlayerMod:ClubDance","PokerPlayerMod:ClubStrike","PokerPlayerMod:DiamondStrike","PokerPlayerMod:ClubDance","PokerPlayerMod:DiamondStrike","PokerPlayerMod:Heart5","PokerPlayerMod:ClubStrike","PokerPlayerMod:Club10+","PokerPlayerMod:ClubShade","PokerPlayerMod:Club10+","PokerPlayerMod:Spade4","PokerPlayerMod:PoorCopy","PokerPlayerMod:Promotion","RitualDagger","PokerPlayerMod:Club6","PokerPlayerMod:Club4","PokerPlayerMod:ClubsClub","Shame"],"relics":["PokerPlayerMod:DeckCase","Girya","infinitespire:Beetle Shell","Snack Pack","Quantum Egg","Black Star","Dream Catcher","infinitespire:Magic Flask","Replay:PocketPolymizer","ReplayFunnel","infinitespire:CheckeredPen"],"acts_visited":["Exordium","TheCity"],"potions_floor_usage":[16,23,23],"damage_taken":[{"damage":0,"enemies":"Jaw Worm","floor":1,"turns":3},{"damage":0,"enemies":"2 Louse","floor":2,"turns":1},{"damage":0,"enemies":"Cultist","floor":3,"turns":3},{"damage":11,"enemies":"Large Slime","floor":5,"turns":3},{"damage":10,"enemies":"3 Sentries","floor":6,"turns":5},{"damage":4,"enemies":"Blue Slaver","floor":7,"turns":2},{"damage":21,"enemies":"Gremlin Nob","floor":8,"turns":4},{"damage":11,"enemies":"Red Slaver","floor":12,"turns":2},{"damage":0,"enemies":"Exordium Wildlife","floor":14,"turns":2},{"damage":21,"enemies":"Hexaghost","floor":16,"turns":8},{"damage":0,"enemies":"3 Byrds","floor":18,"turns":1},{"damage":19,"enemies":"Nightmare","floor":23,"turns":6},{"damage":0,"enemies":"Shell Parasite","floor":25,"turns":3},{"damage":20,"enemies":"Centurion and Healer","floor":27,"turns":2},{"damage":23,"enemies":"Slavers","floor":30,"turns":2}],"seed_played":"599950987913834149","potions_obtained":[{"floor":2,"key":"Cursed Concoction"},{"floor":6,"key":"SpeedPotion"},{"floor":8,"key":"LiquidBronze"},{"floor":16,"key":"GamblersBrew"},{"floor":20,"key":"ColorlessPotion"},{"floor":25,"key":"SpeedPotion"}],"is_trial":false,"path_per_floor":["M","M","M","$","M","E","M","E","T","R","?","M","R","M","R","B",null,"M","$","?","?","?","NM","T","M","T","M","R","?","E"],"character_chosen":"THE_POKER_PLAYER","items_purchased":["PokerPlayerMod:ClubStrike","PokerPlayerMod:Club10+"],"campfire_rested":0,"item_purchase_floors":[4,19],"current_hp_per_floor":[52,52,52,52,41,35,31,30,30,30,43,32,32,37,37,29,52,52,52,52,52,46,33,33,38,38,18,18,18,0,0,0],"gold":153,"neow_bonus":"ONE_RARE_RELIC","is_daily":false,"chose_seed":false,"campfire_upgraded":2,"win_rate":0.0,"timestamp":1608420708,"path_taken":["M","M","M","$","M","E","M","E","T","R","?","M","R","M","R","BOSS","M","$","?","?","?","NM","?","M","T","?","R","?","E"],"items_purchased_type":["Card","Undefined"],"build_version":"2020-12-13","purchased_purges":0,"victory":false,"max_hp_per_floor":[52,52,52,52,52,52,52,52,52,52,52,52,52,52,52,52,52,52,52,52,52,52,52,52,52,52,52,52,52,52,52,52],"card_choices":[{"not_picked":["PokerPlayerMod:Spade4","PokerPlayerMod:MagicTrick"],"picked":"PokerPlayerMod:Overdeal","floor":1},{"not_picked":["PokerPlayerMod:Spade1","PokerPlayerMod:Diamond1"],"picked":"PokerPlayerMod:SecondChance","floor":2},{"not_picked":["PokerPlayerMod:Spade4","PokerPlayerMod:CardBurn"],"picked":"PokerPlayerMod:ClubDance","floor":3},{"not_picked":["PokerPlayerMod:Fold","PokerPlayerMod:CardPrinter"],"picked":"PokerPlayerMod:DiamondStrike","floor":5},{"not_picked":["PokerPlayerMod:Heart4","PokerPlayerMod:Diamond8"],"picked":"PokerPlayerMod:ClubDance","floor":6},{"not_picked":["PokerPlayerMod:Harden","PokerPlayerMod:Spade2","PokerPlayerMod:Spade3"],"picked":"SKIP","floor":7},{"not_picked":["PokerPlayerMod:Manipulation","PokerPlayerMod:PoorCopy"],"picked":"PokerPlayerMod:DiamondStrike","floor":8},{"not_picked":["PokerPlayerMod:SecondChance","PokerPlayerMod:Diamond1"],"picked":"PokerPlayerMod:Heart5","floor":12},{"not_picked":["PokerPlayerMod:DartThrow","PokerPlayerMod:Spade2"],"picked":"PokerPlayerMod:ClubStrike","floor":14},{"not_picked":["PokerPlayerMod:VarietyAttack","PokerPlayerMod:RoyalStrike"],"picked":"PokerPlayerMod:Club10+","floor":16},{"not_picked":["PokerPlayerMod:Diamond2","PokerPlayerMod:Diamond7"],"picked":"PokerPlayerMod:ClubShade","floor":18},{"not_picked":["PokerPlayerMod:Diamond5","PokerPlayerMod:Spade1"],"picked":"PokerPlayerMod:Spade4","floor":20},{"not_picked":["PokerPlayerMod:Spade3","PokerPlayerMod:MagicTrick"],"picked":"PokerPlayerMod:Club6","floor":23},{"not_picked":["PokerPlayerMod:FillThePot","PokerPlayerMod:Diamond4"],"picked":"PokerPlayerMod:Club4","floor":25},{"not_picked":["PokerPlayerMod:CloakAndDiamond","PokerPlayerMod:Spade2"],"picked":"PokerPlayerMod:ClubsClub","floor":27}],"player_experience":759118,"relics_obtained":[{"floor":6,"key":"infinitespire:Beetle Shell"},{"floor":8,"key":"Snack Pack"},{"floor":9,"key":"Quantum Egg"},{"floor":23,"key":"Dream Catcher"},{"floor":23,"key":"infinitespire:Magic Flask"},{"floor":24,"key":"Replay:PocketPolymizer"},{"floor":26,"key":"ReplayFunnel"}],"event_choices":[{"damage_healed":13,"gold_gain":0,"player_choice":"Healed","damage_taken":0,"max_hp_gain":0,"max_hp_loss":0,"event_name":"The Cleric","floor":11,"gold_loss":35},{"damage_healed":0,"gold_gain":0,"cards_transformed":["PokerPlayerMod:Diamond1","PokerPlayerMod:Spade1"],"player_choice":"Became Test Subject","damage_taken":0,"max_hp_gain":0,"max_hp_loss":0,"event_name":"Drug Dealer","floor":21,"gold_loss":0,"cards_obtained":["PokerPlayerMod:PoorCopy","PokerPlayerMod:Promotion"]},{"damage_healed":0,"gold_gain":0,"player_choice":"Joined the Cult","damage_taken":6,"max_hp_gain":0,"max_hp_loss":0,"event_name":"Nest","floor":22,"gold_loss":0,"cards_obtained":["RitualDagger"]}],"is_beta":false,"boss_relics":[{"not_picked":["Coffee Dripper","Replay:Wanted Poster"],"picked":"Black Star"}],"items_purged_floors":[],"is_endless":true,"potions_floor_spawned":[2,6,8,16,25],"killed_by":"Slavers","ascension_level":1}}