{"host":"hfzvamuw5emcoacy","time":1608398311,"event":{"mods":["Act Like it!","BaseMod","Hallownest","HololiveMod","Minty Spire (QoL Compilation)","StSLib","SuperFastMode","The Poker Player"],"gold_per_floor":[109,109,119,137,156,156,181,181,235,235,266,8,8,8,8,105,105,125,80,92,92,136,136,167,167,167,178,178,27,27,43,43,144,144,155,165,105,118,134,134,134,193,220,109,140,140,160,173,173,272],"floor_reached":51,"playtime":3404,"items_purged":["Clumsy"],"score":705,"play_id":"b9b4db22-974b-441a-8bcc-03b1a69736cf","local_time":"20201220011831","is_ascension_mode":false,"campfire_choices":[{"data":"Eruption","floor":6.0,"key":"SMITH"},{"data":"Vault","floor":8.0,"key":"SMITH"},{"data":"SandsOfTime","floor":10.0,"key":"SMITH"},{"data":"BattleHymn","floor":13.0,"key":"SMITH"},{"floor":15.0,"key":"REST"},{"data":"EmptyMind","floor":23.0,"key":"SMITH"},{"data":"ThirdEye","floor":25.0,"key":"SMITH"},{"data":"Vigilance","floor":32.0,"key":"SMITH"},{"data":"Establishment","floor":40.0,"key":"SMITH"},{"data":"CrushJoints","floor":49,"key":"SMITH"}],"circlet_count":0,"master_deck":["Strike_P+1","Strike_P","Strike_P+1","Defend_P+1","Defend_P","Defend_P+1","Eruption+1","Vigilance+1","EmptyMind+1","ThirdEye+1","SandsOfTime+1","Evaluate","Vault+1","BattleHymn+1","MasterReality","BowlingBash","ClearTheMind","CutThroughFate+1","EmptyFist+1","Establishment+1","CrushJoints+1","Weave+1","Indignation+1","Hallownest:curseDreamersLament","Vault"],"relics":["PureWater","Regal Pillow","HornCleat","Orichalcum","War Paint","White Beast Statue","Cursed Key","Kunai","Eternal Feather","Membership Card","Runic Pyramid","Hallownest:HeavyBlowRelic","Gambling Chip","Hololive_LightStick","Sling","Gremlin Horn","Hallownest:BeastSealRelic"],"acts_visited":["Exordium","Exordium","Hallownest:CityofTears"],"potions_floor_usage":[47],"damage_taken":[{"damage":0.0,"enemies":"2 Louse","floor":1.0,"turns":4.0},{"damage":1.0,"enemies":"Cultist","floor":3.0,"turns":3.0},{"damage":2.0,"enemies":"Small Slimes","floor":4.0,"turns":5.0},{"damage":5.0,"enemies":"Gremlin Gang","floor":5.0,"turns":7.0},{"damage":18.0,"enemies":"Gremlin Nob","floor":7.0,"turns":4.0},{"damage":15.0,"enemies":"Lagavulin","floor":11.0,"turns":6.0},{"damage":31.0,"enemies":"The Guardian","floor":16.0,"turns":11.0},{"damage":0.0,"enemies":"Hallownest:Guard_and_Sentry","floor":18.0,"turns":4.0},{"damage":12.0,"enemies":"Hallownest:3_Youths","floor":20.0,"turns":6.0},{"damage":0.0,"enemies":"Hallownest:Glutton_and_Coward","floor":22.0,"turns":3.0},{"damage":4.0,"enemies":"Hallownest:eliteWatcherKnight","floor":24.0,"turns":11.0},{"damage":2.0,"enemies":"Hallownest:Warrior_and_Youth","floor":27.0,"turns":4.0},{"damage":1.0,"enemies":"Hallownest:Master_and_Novice","floor":31.0,"turns":5.0},{"damage":29.0,"enemies":"Hallownest:BossGrimm","floor":33.0,"turns":8.0},{"damage":8.0,"enemies":"Hallownest:2_Littles","floor":35.0,"turns":4.0},{"damage":7.0,"enemies":"Hallownest:3_Siblings","floor":36.0,"turns":5.0},{"damage":0.0,"enemies":"Hallownest:2_Soldiers_and_1_Guardian","floor":38.0,"turns":5.0},{"damage":0.0,"enemies":"Hallownest:monsterPrimalAspid","floor":39.0,"turns":4.0},{"damage":226,"enemies":"Hallownest:2_Primals","floor":42,"turns":7},{"damage":13,"enemies":"Hallownest:eliteCollector","floor":45,"turns":4},{"damage":0,"enemies":"Hallownest:2_Wandering_and_1_Horned","floor":47,"turns":4},{"damage":8,"enemies":"Hallownest:2_Great","floor":48,"turns":3},{"damage":89,"enemies":"Hallownest:Radiance","floor":50,"turns":8}],"seed_played":"3872076926258488656","potions_obtained":[{"floor":1.0,"key":"BottledMiracle"},{"floor":4.0,"key":"LiquidBronze"},{"floor":11.0,"key":"BottledMiracle"},{"floor":16.0,"key":"SneckoOil"},{"floor":18.0,"key":"EntropicBrew"},{"floor":22.0,"key":"BlessingOfTheForge"},{"floor":24.0,"key":"Block Potion"},{"floor":27.0,"key":"BottledMiracle"},{"floor":33.0,"key":"ColorlessPotion"},{"floor":35.0,"key":"ColorlessPotion"},{"floor":36.0,"key":"Block Potion"},{"floor":38.0,"key":"Fire Potion"},{"floor":39.0,"key":"StancePotion"},{"floor":47,"key":"Explosive Potion"}],"is_trial":false,"path_per_floor":["M","?","M","M","M","R","E","R","T","R","E","$","R","?","R","B",null,"M","?","M","?","M","R","E","R","T","M","?","$","?","M","R","B",null,"M","M","?","M","M","R","?","?","T","$","E","?","M","M","R","B",null],"character_chosen":"WATCHER","items_purchased":["White Beast Statue","Membership Card","Sling"],"campfire_rested":1,"item_purchase_floors":[12,29,44],"current_hp_per_floor":[72,72,71,69,64,64,46,46,46,46,31,31,31,17,53,22,72,72,72,60,56,56,56,52,52,52,50,50,50,50,49,58,29,72,64,57,64,64,64,76,76,9831,9831,9831,9818,9818,9818,9810,79,9926],"gold":272,"neow_bonus":"RANDOM_COMMON_RELIC","is_daily":false,"chose_seed":false,"campfire_upgraded":9,"win_rate":0.0,"timestamp":1608398311,"path_taken":["M","?","M","M","M","R","E","R","T","R","E","?","R","?","R","BOSS","M","?","?","?","M","R","E","R","T","?","?","$","?","M","R","BOSS","M","?","?","M","M","R","?","?","T","$","E","?","?","M","R","BOSS"],"items_purchased_type":["Relic","Relic","Relic"],"build_version":"2020-12-13","purchased_purges":1,"victory":true,"max_hp_per_floor":[72,72,72,72,72,72,72,72,72,72,72,72,72,72,72,72,72,72,72,72,72,72,72,72,72,72,72,72,72,72,72,72,72,72,72,72,79,79,79,79,79,79,79,79,79,79,79,79,79,79],"card_choices":[{"not_picked":["FlyingSleeves","Indignation"],"picked":"EmptyMind","floor":1.0},{"not_picked":["Protect","Consecrate"],"picked":"ThirdEye","floor":3.0},{"not_picked":["EmptyMind","CarveReality"],"picked":"SandsOfTime","floor":4.0},{"not_picked":["CarveReality","WreathOfFlame"],"picked":"Evaluate","floor":5.0},{"not_picked":["ThirdEye","CutThroughFate"],"picked":"Vault","floor":7.0},{"not_picked":["EmptyBody","Indignation"],"picked":"BattleHymn","floor":11.0},{"not_picked":["Brilliance","Scrawl"],"picked":"MasterReality","floor":16.0},{"not_picked":["ThirdEye+1","Tantrum"],"picked":"BowlingBash","floor":18.0},{"not_picked":["SandsOfTime","Collect"],"picked":"ClearTheMind","floor":20.0},{"not_picked":["CrushJoints","Worship","Pray"],"picked":"SKIP","floor":22.0},{"not_picked":["FlyingSleeves","WaveOfTheHand","Nirvana"],"picked":"SKIP","floor":24.0},{"not_picked":["BattleHymn","FlyingSleeves"],"picked":"CutThroughFate+1","floor":27.0},{"not_picked":["WaveOfTheHand+1","Pray+1"],"picked":"EmptyFist+1","floor":31.0},{"not_picked":["LessonLearned","Scrawl"],"picked":"Establishment","floor":33.0},{"not_picked":["Consecrate","FearNoEvil","PathToVictory+1"],"picked":"SKIP","floor":35.0},{"not_picked":["CutThroughFate","BattleHymn","Swivel+1"],"picked":"SKIP","floor":36.0},{"not_picked":["SignatureMove","WreathOfFlame+1","SandsOfTime+1"],"picked":"SKIP","floor":38.0},{"not_picked":["SignatureMove+1","BowlingBash"],"picked":"CrushJoints","floor":39.0},{"not_picked":["CutThroughFate","Protect+1"],"picked":"Weave+1","floor":42},{"not_picked":["Study+1","Prostrate+1"],"picked":"Indignation+1","floor":45},{"not_picked":["Consecrate+1","Swivel+1","TalkToTheHand"],"picked":"SKIP","floor":47},{"not_picked":["SignatureMove+1","EmptyBody+1","WreathOfFlame"],"picked":"SKIP","floor":48},{"not_picked":["Scrawl","Brilliance"],"picked":"Vault","floor":50}],"player_experience":6944,"relics_obtained":[{"floor":7.0,"key":"HornCleat"},{"floor":9.0,"key":"Orichalcum"},{"floor":11.0,"key":"War Paint"},{"floor":24.0,"key":"Kunai"},{"floor":26.0,"key":"Eternal Feather"},{"floor":42,"key":"Gambling Chip"},{"floor":43,"key":"Hololive_LightStick"},{"floor":45,"key":"Gremlin Horn"}],"event_choices":[{"cards_removed":["Strike_P"],"damage_healed":0.0,"max_hp_gain":0.0,"max_hp_loss":0.0,"gold_gain":0.0,"event_name":"Purifier","player_choice":"Purged","floor":2.0,"gold_loss":0.0,"damage_taken":0.0},{"damage_healed":0.0,"max_hp_gain":0.0,"max_hp_loss":0.0,"gold_gain":0.0,"event_name":"Shining Light","player_choice":"Entered Light","floor":14.0,"gold_loss":0.0,"damage_taken":14.0,"cards_upgraded":["Strike_P","Strike_P"]}],"is_beta":false,"boss_relics":[{"not_picked":["Runic Dome","SlaversCollar"],"picked":"Cursed Key"},{"not_picked":["Hololive_TopUpMoneyS","HolyWater"],"picked":"Runic Pyramid"}],"items_purged_floors":[44],"is_endless":false,"potions_floor_spawned":[1,4,11,16,18,20,22,24,27,31,33,35,36,38,39,42,45,47,48,50],"ascension_level":0}}