{"host":"wkcoec525dnrk4jw","time":1608345762,"event":{"mods":["BaseMod","Minty Spire (QoL Compilation)","Quick Restart","Replay The Spire","Shop Mod","StSLib","TestMod","The Bug Knight","The Cursed","[IsaacMod]以撒尖塔"],"gold_per_floor":[114,114,34,49,64,64,164,164,164,179,209,209,239,254,254,354,354,369,39,60,75,90,90,120,520,520,550,565,565,595,610,610,710,710,725,740,740,740,755,755,785,800,800,830,845,140,170,185,185,185],"floor_reached":51,"playtime":2357,"items_purged":["Havoc"],"score":1007,"play_id":"64b9ee0e-a274-44b4-8637-37b0bd283427","local_time":"20201219104242","daily_mods":["Draft","Uncertain Future","Elite Swarm"],"is_ascension_mode":false,"campfire_choices":[{"data":"EpicFetus","floor":6.0,"key":"SMITH"},{"data":"Massacre","floor":8.0,"key":"SMITH"},{"floor":15.0,"key":"REST"},{"data":"Barricade","floor":23.0,"key":"SMITH"},{"data":"Infernal Blade","floor":29.0,"key":"SMITH"},{"data":"Impervious","floor":32.0,"key":"SMITH"},{"data":"testmod-PulseDistributor","floor":40.0,"key":"SMITH"},{"data":"Immolate","floor":49,"key":"SMITH"}],"circlet_count":0,"master_deck":["EpicFetus+1","Wild Strike+1","Searing Blow","Shrug It Off+1","Hemokinesis","Offering","Flex","Heavy Blade","Pummel","Spot Weakness","Carnage","Rage","Wild Strike","Infernal Blade+1","Uppercut","Iron Wave","Massacre+1","Flex","Barricade+1","Immolate","Shrug It Off","Immolate","Flex+1","Flex","Armaments","Transmutation","Hemogenesis","Flex","Twin Strike","Immolate","Impervious","Metallicize+1","Impervious+1","Combust","Limit Break","Thunderclap+1","Whirlwind+1","Juggernaut+1","Clash+1","Armaments+1","testmod-PulseDistributor+1","Metallicize","Impervious","ReplayTheSpireMod:Muscle Training+1","Bludgeon","Bloodletting+1","Entrench","Carnage","Sadistic Nature","Pummel","Metallicize","Immolate+1","Flex"],"relics":["Burning Blood","HushsDoor","BelialBook","testmod-ArcanaOfDestiny","StoneCalendar","Replay:Rubber Ducky","Tiny Chest","MagicMushroom","BargainBundle","Red Mask","Akabeko","Bottled Lightning","Replay:Kaleidoscope","ReplayTheSpireMod:Shallot","Astrolabe","testmod-Hope","Replay:Accelerometer","Strawberry","testmod-EqualTreatment","ClockworkSouvenir","testmod-AssaultLearning"],"acts_visited":["Exordium","TheCity","TheBeyond"],"potions_floor_usage":[50],"damage_taken":[{"damage":2.0,"enemies":"Small Slimes","floor":1.0,"turns":1.0},{"damage":0.0,"enemies":"2 Louse","floor":4.0,"turns":1.0},{"damage":8.0,"enemies":"Jaw Worm","floor":5.0,"turns":2.0},{"damage":0.0,"enemies":"Gremlin Gang","floor":10.0,"turns":1.0},{"damage":0.0,"enemies":"Gremlin Nob","floor":11.0,"turns":1.0},{"damage":11.0,"enemies":"3 Sentries","floor":13.0,"turns":4.0},{"damage":6.0,"enemies":"Blue Slaver","floor":14.0,"turns":1.0},{"damage":47.0,"enemies":"Hexaghost","floor":16.0,"turns":5.0},{"damage":0.0,"enemies":"Spheric Guardian","floor":18.0,"turns":2.0},{"damage":0.0,"enemies":"Masked Bandits","floor":20.0,"turns":2.0},{"damage":0.0,"enemies":"2 Thieves","floor":21.0,"turns":2.0},{"damage":0.0,"enemies":"Snake Plant","floor":22.0,"turns":1.0},{"damage":23.0,"enemies":"Slavers","floor":24.0,"turns":5.0},{"damage":13.0,"enemies":"Gremlin Leader","floor":27.0,"turns":3.0},{"damage":5.0,"enemies":"Centurion and Healer","floor":28.0,"turns":3.0},{"damage":6.0,"enemies":"Slavers","floor":30.0,"turns":3.0},{"damage":6.0,"enemies":"3 Cultists","floor":31.0,"turns":2.0},{"damage":30.0,"enemies":"Champ","floor":33.0,"turns":7.0},{"damage":0.0,"enemies":"Orb Walker","floor":35.0,"turns":1.0},{"damage":6.0,"enemies":"3 Darklings","floor":36.0,"turns":1.0},{"damage":6.0,"enemies":"Maw","floor":39.0,"turns":4.0},{"damage":48.0,"enemies":"Giant Head","floor":41.0,"turns":7.0},{"damage":4.0,"enemies":"4 Shapes","floor":42.0,"turns":2.0},{"damage":8,"enemies":"Reptomancer","floor":44,"turns":3},{"damage":5,"enemies":"Spire Growth","floor":45,"turns":3},{"damage":18,"enemies":"Giant Head","floor":47,"turns":8},{"damage":0,"enemies":"Jaw Worm Horde","floor":48,"turns":1},{"damage":13,"enemies":"Donu and Deca","floor":50,"turns":3}],"seed_played":"-2908382401684788831","potions_obtained":[{"floor":4.0,"key":"Adrenaline Potion"},{"floor":10.0,"key":"Block Potion"},{"floor":16.0,"key":"Strength Potion"},{"floor":28.0,"key":"Reflective Coating"},{"floor":35.0,"key":"SpeedPotion"},{"floor":41.0,"key":"Regen Potion"}],"is_trial":false,"path_per_floor":["M","?","$","M","M","R","?","R","T","M","E","?","E","M","R","B",null,"M","$","?","M","M","R","E","?","T","E","M","R","E","M","R","B",null,"M","M","T","?","M","R","E","M","T","E","M","$","E","M","R","B",null],"character_chosen":"IRONCLAD","items_purchased":["Uppercut","BargainBundle","Flash of Steel","Flex","Armaments","Transmutation","Hemogenesis","ClockworkSouvenir","Entrench","Carnage","Sadistic Nature","Pummel","FairyPotion","Metallicize"],"campfire_rested":1,"item_purchase_floors":[3,19,19,19,19,19,19,46,46,46,46,46,46,46],"current_hp_per_floor":[80,80,80,80,78,78,78,78,78,80,80,64,59,59,80,39,87,87,87,87,87,87,87,75,75,75,69,71,71,72,80,80,57,87,87,87,87,87,87,87,83,86,93,92,94,94,89,94,94,88],"gold":185,"neow_bonus":"","is_daily":true,"chose_seed":false,"campfire_upgraded":7,"win_rate":0.0,"timestamp":1608345762,"path_taken":["M","?","$","M","M","R","?","R","T","M","E","?","E","M","R","BOSS","M","$","?","?","M","R","E","?","T","E","M","R","E","M","R","BOSS","M","M","?","?","M","R","E","M","T","E","?","$","E","M","R","BOSS"],"items_purchased_type":["Card","Relic","Card","Card","Card","Card","Card","Relic","Card","Card","Card","Card","Potion","Card"],"build_version":"2020-12-13","purchased_purges":1,"victory":true,"max_hp_per_floor":[80,80,80,80,80,80,80,80,80,80,80,80,80,80,80,80,87,87,87,87,87,87,87,87,87,87,87,87,87,87,87,87,87,87,87,87,87,87,87,87,87,87,94,94,94,94,94,94,94,94],"card_choices":[{"not_picked":[],"picked":"EpicFetus","floor":0.0},{"not_picked":["Whirlwind","Anger"],"picked":"Wild Strike","floor":0.0},{"not_picked":["Headbutt","Disarm"],"picked":"Havoc","floor":0.0},{"not_picked":["Perfected Strike","Havoc"],"picked":"Sword Boomerang","floor":0.0},{"not_picked":["Run Through","Shockwave"],"picked":"Searing Blow","floor":0.0},{"not_picked":["Twin Strike","Sever Soul"],"picked":"Shrug It Off","floor":0.0},{"not_picked":["Replay:Undeath\u0027s Touch","Sentinel"],"picked":"Hemokinesis","floor":0.0},{"not_picked":["Flex","Run Through"],"picked":"Offering","floor":0.0},{"not_picked":["Sentinel","Perfected Strike"],"picked":"Flex","floor":0.0},{"not_picked":["Seeing Red","Wild Strike"],"picked":"Heavy Blade","floor":0.0},{"not_picked":["Armaments","Shrug It Off"],"picked":"Pummel","floor":0.0},{"not_picked":["Flex","Iron Wave"],"picked":"Clothesline","floor":0.0},{"not_picked":["Abandon","Shrug It Off"],"picked":"Spot Weakness","floor":0.0},{"not_picked":["Clash","Heavy Blade"],"picked":"Carnage","floor":0.0},{"not_picked":["Anger","True Grit"],"picked":"Rage","floor":0.0},{"not_picked":["Rupture","Havoc"],"picked":"Wild Strike","floor":0.0},{"not_picked":["Dual Wield","Pommel Strike"],"picked":"Infernal Blade","floor":1.0},{"not_picked":["Cleave","Sword Boomerang"],"picked":"Sever Soul","floor":4.0},{"not_picked":["Eclipse","Heavy Blade"],"picked":"Iron Wave","floor":5.0},{"not_picked":["Body Slam","Replay:Undeath\u0027s Touch"],"picked":"Massacre","floor":7.0},{"not_picked":["Run Through","Spot Weakness"],"picked":"Flex","floor":10.0},{"not_picked":["Limit Break","Hemogenesis"],"picked":"Barricade","floor":11.0},{"not_picked":["Demon Form","Hemogenesis"],"picked":"Immolate","floor":13.0},{"not_picked":["Sentinel","Rupture"],"picked":"Shrug It Off","floor":14.0},{"not_picked":["Corruption","Fiend Fire"],"picked":"Immolate","floor":16.0},{"not_picked":["Warcry+1","ReplayTheSpireMod:Limb From Limb+1"],"picked":"Flex+1","floor":18.0},{"not_picked":["Run Through","Rupture"],"picked":"Flex","floor":21.0},{"not_picked":["Run Through","Body Slam+1"],"picked":"Twin Strike","floor":22.0},{"not_picked":["Demonic Infusion","Barricade"],"picked":"Immolate","floor":24.0},{"not_picked":["Demonic Infusion","Exhume"],"picked":"Impervious","floor":27.0},{"not_picked":["Twin Strike","Headbutt+1"],"picked":"Metallicize+1","floor":28.0},{"not_picked":["Feed","Limit Break"],"picked":"Impervious","floor":30.0},{"not_picked":["Cleave","Battle Trance"],"picked":"Combust","floor":31.0},{"not_picked":["Replay:Many Hands","Offering"],"picked":"Limit Break","floor":33.0},{"not_picked":["Sever Soul","True Grit+1"],"picked":"Clash+1","floor":35.0},{"not_picked":["Anger","Whirlwind+1"],"picked":"Armaments+1","floor":36.0},{"not_picked":["Havoc","ReplayTheSpireMod:LeadingStrike"],"picked":"Metallicize","floor":39.0},{"not_picked":["Corruption","Offering"],"picked":"Impervious","floor":41.0},{"not_picked":["Havoc","Armaments"],"picked":"ReplayTheSpireMod:Muscle Training+1","floor":42.0},{"not_picked":["Brutality","Berserk"],"picked":"Bludgeon","floor":44},{"not_picked":["Uppercut+1","Warcry+1"],"picked":"Bloodletting+1","floor":45},{"not_picked":["Demonic Infusion","Hemogenesis"],"picked":"Immolate","floor":47},{"not_picked":["Havoc","Cleave+1"],"picked":"Flex","floor":48}],"player_experience":122573,"relics_obtained":[{"floor":9.0,"key":"StoneCalendar"},{"floor":11.0,"key":"Replay:Rubber Ducky"},{"floor":13.0,"key":"Tiny Chest"},{"floor":20.0,"key":"Red Mask"},{"floor":24.0,"key":"Akabeko"},{"floor":26.0,"key":"Bottled Lightning"},{"floor":27.0,"key":"Replay:Kaleidoscope"},{"floor":30.0,"key":"ReplayTheSpireMod:Shallot"},{"floor":37.0,"key":"testmod-Hope"},{"floor":41.0,"key":"Replay:Accelerometer"},{"floor":43.0,"key":"Strawberry"},{"floor":44,"key":"testmod-EqualTreatment"},{"floor":47,"key":"testmod-AssaultLearning"}],"event_choices":[{"damage_healed":0.0,"max_hp_gain":0.0,"max_hp_loss":0.0,"gold_gain":0.0,"event_name":"给自己的盒子","player_choice":"Swap Relic","floor":2.0,"relics_lost":["testmod-TestBox"],"gold_loss":0.0,"damage_taken":0.0,"relics_obtained":["testmod-TestBox"]},{"damage_healed":0.0,"max_hp_gain":0.0,"max_hp_loss":0.0,"gold_gain":0.0,"event_name":"Shining Light","player_choice":"Entered Light","floor":12.0,"gold_loss":0.0,"damage_taken":16.0,"cards_upgraded":["Shrug It Off","Wild Strike"]},{"damage_healed":0.0,"max_hp_gain":0.0,"max_hp_loss":0.0,"gold_gain":0.0,"event_name":"Masked Bandits","player_choice":"Fought Bandits","floor":20.0,"gold_loss":0.0,"damage_taken":0.0},{"damage_healed":0.0,"max_hp_gain":0.0,"max_hp_loss":0.0,"gold_gain":400.0,"event_name":"恩洛斯的盘子","player_choice":"Sell","floor":25.0,"relics_lost":["testmod-TestBox"],"gold_loss":0.0,"damage_taken":0.0},{"damage_healed":0.0,"max_hp_gain":0.0,"max_hp_loss":0.0,"gold_gain":0.0,"cards_transformed":["Flash of Steel"],"event_name":"Transmorgrifier","player_choice":"Transformed","floor":38.0,"gold_loss":0.0,"damage_taken":0.0,"cards_obtained":["testmod-PulseDistributor"]}],"is_beta":false,"boss_relics":[{"not_picked":["testmod-CardMagician","Ooze Armor"],"picked":"MagicMushroom"},{"not_picked":[]},{"not_picked":["SacredBark","Runic Dome"],"picked":"Astrolabe"},{"not_picked":[]}],"items_purged_floors":[19],"is_endless":false,"potions_floor_spawned":[4,10,16,22,27,28,31,35,36,41,47],"ascension_level":0}}