{"host":"1gvb6a86y1wh8blq","time":1608386873,"event":{"mods":["Ascension Reborn","Aspiration","BaseMod","Conspire","Emptier Cage","Minty Spire (QoL Compilation)","Shop Mod","Spicy Shops","StSLib","vexMod","【功能Mod】强力的原版药水","篝火指南"],"gold_per_floor":[122,140,156,106,50,90,90,90,90,106,31,68,90,109,109,230,230,248,248,265,293,304,318,352,178,234,307,331,372,389,412,326,440,440,440],"floor_reached":34,"playtime":939,"items_purged":["Strike_R+1","Strike_R+1","Normality","Bash+1","Strike_R+1"],"score":75,"play_id":"bf2c34b4-3b7b-47a5-992b-dbe22831f8a3","local_time":"20201219220753","is_ascension_mode":true,"campfire_choices":[{"floor":7,"key":"RECALL"},{"data":"Whirlwind","floor":15,"key":"SMITH"}],"circlet_count":0,"master_deck":["Strike_R+1","Defend_R+1","Defend_R+1","Defend_R+1","Defend_R+1","Shrug It Off+1","Whirlwind+1","Seeing Red+1","conspire:Purge"],"relics":["Burning Blood","HornCleat","aspiration:WatcherSkillbook","CaptainsWheel","Letter Opener","MerchantsRug","Vajra","Lantern","Oddly Smooth Stone","Membership Card","Calipers"],"acts_visited":["Exordium","TheCity"],"potions_floor_usage":[2,6,14,16,21],"damage_taken":[{"damage":0,"enemies":"Small Slimes","floor":1,"turns":2},{"damage":9,"enemies":"Jaw Worm","floor":2,"turns":2},{"damage":2,"enemies":"conspire:RoseBush","floor":3,"turns":2},{"damage":3,"enemies":"Lagavulin","floor":6,"turns":4},{"damage":0,"enemies":"Red Slaver","floor":10,"turns":2},{"damage":0,"enemies":"Looter","floor":12,"turns":2},{"damage":0,"enemies":"Exordium Thugs","floor":13,"turns":3},{"damage":0,"enemies":"Gremlin Gang","floor":14,"turns":2},{"damage":5,"enemies":"Hexaghost","floor":16,"turns":6},{"damage":8,"enemies":"Chosen","floor":18,"turns":3},{"damage":0,"enemies":"Spheric Guardian","floor":20,"turns":3},{"damage":0,"enemies":"Snecko","floor":21,"turns":3},{"damage":2,"enemies":"Gremlin Leader","floor":24,"turns":4},{"damage":0,"enemies":"Chosen and Byrds","floor":28,"turns":3},{"damage":6,"enemies":"Slavers","floor":29,"turns":2},{"damage":0,"enemies":"conspire:HollyBat","floor":30,"turns":4},{"damage":0,"enemies":"3 Cultists","floor":31,"turns":1},{"damage":59,"enemies":"Champ","floor":33,"turns":15}],"seed_played":"1523257196013334473","potions_obtained":[{"floor":1,"key":"conspire:TimeTravelPotion"},{"floor":2,"key":"Ancient Potion"},{"floor":3,"key":"Energy Potion"},{"floor":6,"key":"BloodPotion"},{"floor":12,"key":"Swift Potion"},{"floor":14,"key":"PowerPotion"},{"floor":16,"key":"Weak Potion"},{"floor":18,"key":"DuplicationPotion"},{"floor":21,"key":"Fruit Juice"},{"floor":21,"key":"DuplicationPotion"},{"floor":24,"key":"DuplicationPotion"},{"floor":28,"key":"SkillPotion"},{"floor":29,"key":"PowerPotion"},{"floor":33,"key":"DuplicationPotion"},{"floor":33,"key":"BlessingOfTheForge"}],"is_trial":false,"path_per_floor":["M","M","M","?","$","E","R","?","T","M","$","M","M","M","R","B",null,"M","?","M","M","?","R","E","R","T","$","M","E","M","M","R","B",null],"character_chosen":"IRONCLAD","items_purchased":["MerchantsRug","Vajra","Lantern","Membership Card"],"campfire_rested":0,"item_purchase_floors":[23,23,25,32],"current_hp_per_floor":[93,93,93,93,93,107,107,107,107,107,107,107,107,107,107,112,112,112,112,112,117,117,117,117,117,117,117,117,124,124,124,124,80,80,80],"gold":440,"neow_bonus":"TEN_PERCENT_HP_BONUS","is_daily":false,"chose_seed":false,"campfire_upgraded":1,"win_rate":0.0,"timestamp":1608386873,"path_taken":["M","M","M","?","$","E","R","?","T","M","?","M","M","M","R","BOSS","M","?","M","?","?","R","E","R","T","$","M","E","M","M","R","BOSS"],"items_purchased_type":["Relic","Relic","Relic","Relic"],"build_version":"2020-12-13","purchased_purges":5,"victory":false,"max_hp_per_floor":[93,93,93,93,93,107,107,107,107,107,107,107,107,107,107,112,112,112,112,112,117,117,117,117,117,117,117,117,124,124,124,124,129,129,129],"card_choices":[{"not_picked":["Twin Strike+1","Sword Boomerang"],"picked":"Shrug It Off+1","floor":1},{"not_picked":["Twin Strike","conspire:Charge"],"picked":"Fire Breathing+1","floor":2},{"not_picked":["Clothesline","Blood for Blood","Uppercut"],"picked":"SKIP","floor":3},{"not_picked":["Clothesline","Wild Strike","Perfected Strike"],"picked":"SKIP","floor":6},{"not_picked":["Infernal Blade","Thunderclap","conspire:HitWhereItHurts"],"picked":"SKIP","floor":6},{"not_picked":["Perfected Strike+1","Shrug It Off","Wild Strike"],"picked":"SKIP","floor":10},{"not_picked":["Fire Breathing","Armaments"],"picked":"Whirlwind","floor":12},{"not_picked":["Clothesline","Sword Boomerang+1","Combust+1"],"picked":"SKIP","floor":13},{"not_picked":["Thunderclap","Blood for Blood","Uppercut"],"picked":"SKIP","floor":14},{"not_picked":["Whirlwind+1","Cleave","Consecrate+1","EmptyBody"],"picked":"SKIP","floor":18},{"not_picked":["Study","Prostrate","Fasting2","Halt+1"],"picked":"SKIP","floor":20},{"not_picked":["FlyingSleeves+1","Evolve","Whirlwind+1"],"picked":"Seeing Red+1","floor":21},{"not_picked":["Uppercut+1","Pray+1","Cleave","FlurryOfBlows+1"],"picked":"SKIP","floor":24},{"not_picked":["Rampage+1","Seeing Red+1","InnerPeace+1","Hemokinesis"],"picked":"SKIP","floor":28},{"not_picked":["Adaptation+1","Barricade","EmptyFist","ClearTheMind+1"],"picked":"SKIP","floor":29},{"not_picked":["Perfected Strike","True Grit","Carnage","Anger+1"],"picked":"SKIP","floor":30},{"not_picked":["Swivel+1","Nirvana+1","Armaments","DeceiveReality+1"],"picked":"SKIP","floor":31},{"not_picked":["Establishment","Ragnarok","Omniscience"],"picked":"conspire:Purge","floor":33}],"player_experience":2761631,"relics_obtained":[{"floor":6,"key":"Mango"},{"floor":9,"key":"HornCleat"},{"floor":10,"key":"CeramicFish"},{"floor":13,"key":"Toy Ornithopter"},{"floor":16,"key":"Lizard Tail"},{"floor":18,"key":"CaptainsWheel"},{"floor":20,"key":"aspiration:HiddenCompartment"},{"floor":21,"key":"Letter Opener"},{"floor":24,"key":"vexMod:MemoryStick"},{"floor":26,"key":"Darkstone Periapt"},{"floor":26,"key":"Oddly Smooth Stone"},{"floor":29,"key":"Strawberry"},{"floor":33,"key":"Calipers"}],"event_choices":[{"cards_removed":["Strike_R"],"damage_healed":0,"gold_gain":0,"player_choice":"Card Removal","damage_taken":0,"max_hp_gain":0,"max_hp_loss":0,"event_name":"The Cleric","floor":4,"gold_loss":50},{"damage_healed":0,"gold_gain":0,"player_choice":"Disagree","damage_taken":0,"max_hp_gain":0,"max_hp_loss":0,"event_name":"conspire:LoneGhost","floor":8,"gold_loss":0},{"damage_healed":0,"gold_gain":0,"player_choice":"Ignored","damage_taken":0,"max_hp_gain":0,"max_hp_loss":0,"event_name":"Upgrade Shrine","floor":19,"gold_loss":0},{"cards_removed":["Fire Breathing"],"damage_healed":0,"gold_gain":0,"player_choice":"Took Card","damage_taken":0,"max_hp_gain":0,"max_hp_loss":0,"event_name":"NoteForYourself","floor":22,"gold_loss":0,"cards_obtained":["Normality"]}],"is_beta":false,"boss_relics":[{"not_picked":["Mark of Pain","Empty Cage"],"picked":"aspiration:WatcherSkillbook"}],"items_purged_floors":[5,11,23,25,32],"is_endless":false,"potions_floor_spawned":[3,10,13,16,21,29,30,33],"ascension_level":-20}}