{"host":"0vd2boh2oi7jm085","time":1608381164,"event":{"mods":["BaseMod","Colored Map","Colored Powertips","Highlight Path","Minty Spire (QoL Compilation)","Quick Restart","StSLib","The IronCluck"],"gold_per_floor":[114,114,133,133,133,133,33,33,56,71,90,90,90,90],"floor_reached":13,"playtime":185,"items_purged":[],"score":139,"play_id":"b736cb1c-027e-483e-ba78-79efa6fc4e17","local_time":"20201219043244","is_ascension_mode":true,"campfire_choices":[{"data":"Metallicize","floor":6,"key":"SMITH"},{"data":"Entrench","floor":8,"key":"SMITH"},{"data":"Finesse","floor":12,"key":"SMITH"}],"circlet_count":0,"master_deck":["AscendersBane","Strike_R","Strike_R","Strike_R","Strike_R","Strike_R","Defend_R","Defend_R","Defend_R","Defend_R","Bash","Metallicize+1","Entrench+1","Finesse+1"],"relics":["Burning Blood","NeowsBlessing","Vajra"],"acts_visited":["Exordium"],"potions_floor_usage":[],"damage_taken":[{"damage":0,"enemies":"Small Slimes","floor":1,"turns":1},{"damage":0,"enemies":"Cultist","floor":3,"turns":1},{"damage":0,"enemies":"2 Louse","floor":10,"turns":1},{"damage":16,"enemies":"Lots of Slimes","floor":11,"turns":7},{"damage":68,"enemies":"Gremlin Nob","floor":13,"turns":5}],"seed_played":"-5577229357133512459","potions_obtained":[{"floor":1,"key":"Swift Potion"},{"floor":3,"key":"BlessingOfTheForge"},{"floor":4,"key":"Dexterity Potion"}],"is_trial":false,"path_per_floor":["M","$","M","?","$","R","$","R","T","M","M","R","E"],"character_chosen":"IRONCLAD","items_purchased":["Finesse"],"campfire_rested":0,"item_purchase_floors":[7],"current_hp_per_floor":[74,74,75,75,75,75,75,75,75,75,65,65,0,0],"gold":90,"neow_bonus":"THREE_ENEMY_KILL","is_daily":false,"chose_seed":false,"campfire_upgraded":3,"win_rate":0.0,"timestamp":1608381164,"path_taken":["M","$","M","?","?","R","$","R","T","?","M","R","E"],"items_purchased_type":["Card"],"build_version":"2020-12-13","purchased_purges":0,"victory":false,"max_hp_per_floor":[75,75,75,75,75,75,75,75,75,75,75,75,75,75],"card_choices":[{"not_picked":["Battle Trance","Cleave"],"picked":"Metallicize","floor":1},{"not_picked":["Armaments","Heavy Blade"],"picked":"Entrench","floor":3},{"not_picked":["Sentinel","Reckless Charge","Cleave"],"picked":"SKIP","floor":10},{"not_picked":["Dark Embrace","Iron Wave","Sever Soul"],"picked":"SKIP","floor":11}],"player_experience":93377,"relics_obtained":[{"floor":9,"key":"Vajra"}],"event_choices":[{"damage_healed":0,"gold_gain":0,"player_choice":"Got Potions","damage_taken":0,"max_hp_gain":0,"max_hp_loss":0,"event_name":"Lab","floor":4,"gold_loss":0}],"is_beta":false,"boss_relics":[],"items_purged_floors":[],"is_endless":false,"potions_floor_spawned":[1,3],"killed_by":"Gremlin Nob","ascension_level":18}}