{"host":"41o2x9tazfds4ymf","time":1608391521,"event":{"mods":["Act Like it!","BaseMod","Better Vampires","Colored Powertips","Gensokyo","Hallownest","Lobotomy","LobotomyExtend","Minty Spire (QoL Compilation)","Remilia（蕾米莉亚）","Shop Mod","StSLib","TestMod","Waifu the Spire","WarShipGirlsR/战舰少女R mod","[IsaacMod]以撒尖塔","【东方二次创作】八云紫mod"],"gold_per_floor":[109,109,9,9,21,56,56,87,87,112,37,56,56,69,69,69,69],"floor_reached":16,"playtime":826,"items_purged":["Pain"],"score":171,"play_id":"d450a6e8-48e3-4c8c-bf14-427b1e97b7c3","local_time":"20201219232521","is_ascension_mode":true,"campfire_choices":[{"data":"TricksterDevil","floor":7.0,"key":"SMITH"},{"data":"BloodAndWine","floor":13.0,"key":"SMITH"},{"data":"BloodyHallows","floor":15.0,"key":"SMITH"}],"circlet_count":0,"master_deck":["AscendersBane","Strike_RM","Strike_RM","Strike_RM","Strike_RM","Defend_RM","Defend_RM","Defend_RM","Defend_RM","RedMoon","ScarletShoot","RedRainbow+1","BloodAndWine+1","NightDance","VoidDream","ScarletImprint","FairyFestival","TricksterDevil+1","LongBird","BloodyHallows+1","SpiderBud","ChaoticDestiny+1","BlackSwan","BloodAndWine","Laetitia"],"relics":["ScarletHat","testmod-TestBox","HushsDoor","CogitoBucket","GuppysPaw","testmod-AscensionHeart","LetterFromLob","testmod-InfectionSource","Gensokyo:LunaticRedEyes","DeathBook","Lizard Tail","HornCleat","Darkstone Periapt","BackwardClock"],"acts_visited":["Gensokyo:Gensokyo"],"potions_floor_usage":[],"damage_taken":[{"damage":3.0,"enemies":"Gensokyo:Gryphon","floor":1.0,"turns":4.0},{"damage":15.0,"enemies":"Gensokyo:3_Fairies","floor":5.0,"turns":6.0},{"damage":20.0,"enemies":"Gensokyo:Aya","floor":6.0,"turns":4.0},{"damage":15.0,"enemies":"Gensokyo:Mamizou","floor":8.0,"turns":5.0},{"damage":15.0,"enemies":"Gensokyo:Cirno","floor":10.0,"turns":6.0},{"damage":77.0,"enemies":"Gensokyo:2_Kodama","floor":12.0,"turns":7.0},{"damage":4.0,"enemies":"Gensokyo:Kitsune","floor":14.0,"turns":4.0},{"damage":78,"enemies":"Gensokyo:Yukari","floor":16,"turns":6}],"seed_played":"1276900853903391129","potions_obtained":[{"floor":5.0,"key":"AttackPotion"},{"floor":6.0,"key":"testmod-TestPotion"},{"floor":14.0,"key":"SpeedPotion"}],"is_trial":false,"path_per_floor":["M","?","?","?","M","E","R","E","T","E","$","M","R","M","R","B"],"character_chosen":"REMILIA","items_purchased":[],"campfire_rested":0,"item_purchase_floors":[],"current_hp_per_floor":[66,66,66,66,56,40,40,26,26,18,18,9,9,19,19,0,0],"gold":69,"neow_bonus":"","is_daily":false,"chose_seed":false,"campfire_upgraded":3,"win_rate":0.0,"timestamp":1608391521,"path_taken":["M","?","?","?","?","E","R","E","T","E","$","M","R","?","R","BOSS"],"items_purchased_type":[],"build_version":"2020-12-13","purchased_purges":1,"victory":false,"max_hp_per_floor":[75,75,75,75,75,75,75,75,75,75,75,75,75,75,75,75,75],"card_choices":[{"not_picked":["MillenniumVampire","ForbiddenFruit"],"picked":"RedRainbow","floor":1.0},{"not_picked":["ScarletDevil","DiffusionOfMisfortune"],"picked":"BloodAndWine","floor":2.0},{"not_picked":["FavorOfDestiny","ScarletDream"],"picked":"NightDance","floor":2.0},{"not_picked":["Scorched","Porccubus"],"picked":"VoidDream","floor":5.0},{"not_picked":["BlasphemousPunishment","BloodAndWine"],"picked":"ScarletImprint","floor":5.0},{"not_picked":["MHz","MeatLantern"],"picked":"FairyFestival","floor":6.0},{"not_picked":["HeartBreak","ForecastOfChange"],"picked":"TricksterDevil","floor":6.0},{"not_picked":["Murderer","BeautyBeast"],"picked":"LongBird","floor":8.0},{"not_picked":["CurseOfVladTepes","HeartBreak"],"picked":"BloodyHallows","floor":8.0},{"not_picked":["SingingMachine","Bloodbath"],"picked":"SpiderBud","floor":10.0},{"not_picked":["BatForm","BloodySeventeenLaser"],"picked":"ChaoticDestiny","floor":10.0},{"not_picked":["Yin","OSAHOGD"],"picked":"BlackSwan","floor":12.0},{"not_picked":["StarOfDavid","BloodySeventeenLaser"],"picked":"BloodAndWine","floor":12.0},{"not_picked":["WallGazer","WhitesApple"],"picked":"Laetitia","floor":14.0},{"not_picked":["AfternoonTea","CharismaGuard","MastersStateliness"],"picked":"SKIP","floor":14.0}],"player_experience":206324,"relics_obtained":[{"floor":1.0,"key":"LetterFromLob"},{"floor":6.0,"key":"DeathBook"},{"floor":8.0,"key":"Lizard Tail"},{"floor":9.0,"key":"HornCleat"},{"floor":10.0,"key":"Darkstone Periapt"}],"event_choices":[],"is_beta":false,"boss_relics":[],"items_purged_floors":[11],"is_endless":false,"potions_floor_spawned":[5,6,14],"killed_by":"Gensokyo:Yukari","ascension_level":12}}