{"host":"gkm149kh1ihaqy0o","time":1608419473,"event":{"mods":["AchievementEnabler","BaseMod","Colored Powertips","Googly Eyes","Key Reminder","Minty Spire (QoL Compilation)","Permanent Neow","Quick Restart","Random Character Button","Rare Cards Sparkle","Relic Sorter","Relic Stats","SuperFastMode","Unceasing Turn Reminder","everything is the same but u backflip on backflip"],"gold_per_floor":[15,15,30,48,63,95,95,127,127,127,145,145,145,173,173,270,270,284,284,297,297,315,353,353,380,405,405,405,405],"floor_reached":28,"playtime":1420,"items_purged":[],"score":411,"play_id":"d3d415cf-0dfd-491b-8357-23b399e6aef7","local_time":"20201219171113","is_ascension_mode":true,"campfire_choices":[{"data":"Apotheosis","floor":7,"key":"SMITH"},{"floor":10,"key":"REST"},{"floor":12,"key":"REST"},{"data":"Infinite Blades","floor":15,"key":"SMITH"},{"data":"Envenom","floor":24,"key":"SMITH"}],"circlet_count":0,"master_deck":["Defend_G","Defend_G","Defend_G","Defend_G","Defend_G","Survivor","Neutralize","Apotheosis+1","Poisoned Stab","Quick Slash","Blade Dance","Deadly Poison","Crippling Poison","Infinite Blades+1","PiercingWail","Bouncing Flask","Finisher","Envenom+1","Blade Dance","Bite","Bite","Bite","Bite","Bite","Leg Sweep","Catalyst+1","Catalyst"],"relics":["Ring of the Snake","CultistMask","Blood Vial","Kunai","keyreminder:keyreminder","Thread and Needle","Torii","WristBlade","Enchiridion","CeramicFish","Akabeko","Pen Nib"],"acts_visited":["Exordium","TheCity"],"potions_floor_usage":[8,18,20,22,25,28],"damage_taken":[{"damage":1,"enemies":"Jaw Worm","floor":1,"turns":4},{"damage":4,"enemies":"Cultist","floor":3,"turns":3},{"damage":0,"enemies":"2 Louse","floor":4,"turns":2},{"damage":0,"enemies":"Blue Slaver","floor":5,"turns":4},{"damage":11,"enemies":"Lagavulin","floor":6,"turns":5},{"damage":21,"enemies":"3 Sentries","floor":8,"turns":7},{"damage":5,"enemies":"Exordium Wildlife","floor":11,"turns":4},{"damage":11,"enemies":"Lagavulin","floor":14,"turns":6},{"damage":20,"enemies":"The Guardian","floor":16,"turns":9},{"damage":0,"enemies":"Chosen","floor":18,"turns":4},{"damage":2,"enemies":"2 Thieves","floor":20,"turns":4},{"damage":1,"enemies":"Snecko","floor":22,"turns":4},{"damage":4,"enemies":"Slavers","floor":23,"turns":5},{"damage":8,"enemies":"Book of Stabbing","floor":25,"turns":5},{"damage":43,"enemies":"Gremlin Leader","floor":28,"turns":4}],"seed_played":"-8852906994114768752","potions_obtained":[{"floor":4,"key":"DistilledChaos"},{"floor":8,"key":"BlessingOfTheForge"},{"floor":11,"key":"ColorlessPotion"},{"floor":20,"key":"GamblersBrew"},{"floor":23,"key":"GhostInAJar"},{"floor":25,"key":"BlessingOfTheForge"}],"is_trial":false,"path_per_floor":["M","?","M","M","M","E","R","E","T","R","M","R","?","E","R","B",null,"M","?","M","?","M","E","R","E","T","?","E"],"character_chosen":"THE_SILENT","items_purchased":[],"campfire_rested":2,"item_purchase_floors":[],"current_hp_per_floor":[62,62,58,58,58,47,47,28,28,49,46,67,67,58,58,40,63,65,49,47,31,34,38,38,32,32,25,0,0],"gold":405,"neow_bonus":"RANDOM_COLORLESS_2","is_daily":false,"chose_seed":false,"campfire_upgraded":3,"win_rate":0.0,"timestamp":1608419473,"path_taken":["M","?","M","?","M","E","R","E","T","R","M","R","?","E","R","BOSS","M","?","M","?","M","E","R","E","T","?","E"],"items_purchased_type":[],"build_version":"2020-12-13","purchased_purges":0,"victory":false,"max_hp_per_floor":[70,70,70,70,70,70,70,70,70,70,70,70,70,70,70,70,70,70,49,49,49,49,49,49,49,49,54,54,54],"relic_stats":{"Blood Vial":18,"Torii":23,"counters":[15,70],"CeramicFish":9,"Pen Nib":[1],"Kunai":[17],"obtain_stats":[{"Blood Vial":6,"keyreminder:keyreminder":8,"Torii":14,"WristBlade":17,"CeramicFish":23,"Enchiridion":21,"Thread and Needle":9,"CultistMask":2,"Pen Nib":26,"Kunai":8,"Akabeko":25,"Ring of the Snake":0},{"Blood Vial":5,"keyreminder:keyreminder":6,"Torii":8,"WristBlade":9,"CeramicFish":13,"Enchiridion":11,"Thread and Needle":6,"CultistMask":1,"Pen Nib":14,"Kunai":6,"Akabeko":14,"Ring of the Snake":0},{"Blood Vial":18,"keyreminder:keyreminder":25,"Torii":35,"WristBlade":44,"CeramicFish":61,"Enchiridion":52,"Thread and Needle":25,"CultistMask":4,"Pen Nib":66,"Kunai":25,"Akabeko":66,"Ring of the Snake":0}],"Ring of the Snake":[30]},"card_choices":[{"not_picked":["Panache","Transmutation"],"picked":"Apotheosis","floor":0},{"not_picked":["Backflip","Deflect"],"picked":"Poisoned Stab","floor":1},{"not_picked":["Underhanded Strike","Flechettes"],"picked":"Quick Slash","floor":3},{"not_picked":["Grand Finale","Quick Slash"],"picked":"Blade Dance","floor":4},{"not_picked":["Acrobatics","Deflect"],"picked":"Deadly Poison","floor":5},{"not_picked":["Distraction","Quick Slash"],"picked":"Crippling Poison","floor":6},{"not_picked":["Underhanded Strike","Concentrate"],"picked":"Infinite Blades","floor":8},{"not_picked":["Dagger Throw","Dagger Spray"],"picked":"PiercingWail","floor":11},{"not_picked":["PiercingWail","Dagger Spray"],"picked":"Finisher","floor":14},{"not_picked":["Glass Knife","Storm of Steel"],"picked":"Envenom","floor":16},{"not_picked":["Outmaneuver","Escape Plan"],"picked":"Blade Dance","floor":18},{"not_picked":["Dodge and Roll","Blur"],"picked":"Leg Sweep","floor":20},{"not_picked":["Deflect","Leg Sweep"],"picked":"Catalyst+1","floor":22},{"not_picked":["Quick Slash+1","Acrobatics"],"picked":"Catalyst","floor":23},{"not_picked":["Sucker Punch","Acrobatics+1","Poisoned Stab"],"picked":"SKIP","floor":25}],"player_experience":589929,"relics_obtained":[{"floor":6,"key":"Blood Vial"},{"floor":8,"key":"Kunai"},{"floor":9,"key":"Thread and Needle"},{"floor":14,"key":"Torii"},{"floor":21,"key":"Enchiridion"},{"floor":23,"key":"CeramicFish"},{"floor":25,"key":"Akabeko"},{"floor":26,"key":"Pen Nib"}],"event_choices":[{"damage_healed":0,"gold_gain":0,"player_choice":"Trade","damage_taken":0,"relics_obtained":["CultistMask"],"max_hp_gain":0,"max_hp_loss":0,"event_name":"FaceTrader","floor":2,"gold_loss":0},{"damage_healed":0,"gold_gain":0,"cards_transformed":["Strike_G"],"player_choice":"Change","damage_taken":0,"max_hp_gain":0,"max_hp_loss":0,"event_name":"Living Wall","floor":13,"gold_loss":0,"cards_obtained":["Bouncing Flask"]},{"damage_healed":0,"gold_gain":0,"player_choice":"Became a vampire","damage_taken":0,"max_hp_gain":0,"max_hp_loss":21,"event_name":"Vampires","floor":19,"gold_loss":0,"cards_obtained":["Bite","Bite","Bite","Bite","Bite"]},{"damage_healed":0,"gold_gain":0,"player_choice":"Obtained Book","damage_taken":16,"max_hp_gain":0,"max_hp_loss":0,"event_name":"Cursed Tome","floor":21,"gold_loss":0},{"damage_healed":0,"gold_gain":0,"player_choice":"Shed Blood","damage_taken":12,"max_hp_gain":5,"max_hp_loss":0,"event_name":"Forgotten Altar","floor":27,"gold_loss":0}],"is_beta":false,"boss_relics":[{"not_picked":["Pandora\u0027s Box","Ring of the Serpent"],"picked":"WristBlade"}],"items_purged_floors":[],"is_endless":false,"potions_floor_spawned":[4,8,11,20,23,25],"killed_by":"Gremlin Leader","ascension_level":8}}