{"host":"guyab0tlx1bjcpcr","time":1608339753,"event":{"mods":["Aspiration","BaseMod","Beaked The Cultist","Better Third Choice","Conspire","GifTheSpireLib","Halation","Hubris","Minty Spire (QoL Compilation)","Replay The Spire","Robot Space Explorer","Spikes Relics","StSLib","Stuff the Spire","SuperFastMode","The Servant 0.9.4","Wandering Minibosses","vexMod"],"gold_per_floor":[118,136,152,169,169,169,14,24,72,72,99,168,180,230,230,334,434,449,499,474,524,592,592,622,622,622,635,670,687,532,497,497,599,599,625,675,725,743,497,497,509,509],"floor_reached":41,"playtime":3344,"items_purged":["Writhe","beaked:Tradeoff"],"score":772,"play_id":"99beddc9-6c35-44a5-b4a1-dbb181473926","local_time":"20201218190233","is_ascension_mode":true,"campfire_choices":[{"data":"beaked:MaddeningMurmurs","floor":6.0,"key":"SMITH"},{"data":"beaked:MimicHuntress","floor":10.0,"key":"SMITH"},{"floor":15.0,"key":"REST"},{"floor":23.0,"key":"REST"},{"data":"beaked:MachineEssence","floor":40,"key":"SMITH"}],"circlet_count":0,"master_deck":["beaked:Strike_Y","beaked:Strike_Y","beaked:Strike_Y","beaked:Strike_Y","beaked:Strike_Y","beaked:Strike_Y","beaked:Defend_Y","beaked:Defend_Y","beaked:Defend_Y","beaked:Defend_Y","beaked:Ceremony","beaked:Ceremony","beaked:Ceremony","beaked:MaddeningMurmurs+1","beaked:MimicHuntress+1","beaked:MachineEssence+1","StuffTheSpire:BrimstoneBlast","beaked:Foresight","StuffTheSpire:Innocence"],"relics":["beaked:MendingPlumage","SsserpentHead","CultistMask","halation:Jellyphish","Bag of Marbles","aspiration:ArtOfWarUpgrade","Replay:Wanted Poster","Pantograph","Pondfish Scales","hubris:BundleOfHerbs","TheAbacus","Replay:Bandana","conspire:RoyalGoblet","Boot","halation:PrussianBluePaint"],"acts_visited":["Exordium","TheCity","TheBeyond"],"potions_floor_usage":[],"damage_taken":[{"damage":8.0,"enemies":"Cultist","floor":1.0,"turns":6.0},{"damage":5.0,"enemies":"2 Louse","floor":2.0,"turns":3.0},{"damage":9.0,"enemies":"Jaw Worm","floor":3.0,"turns":4.0},{"damage":36.0,"enemies":"Exordium Thugs","floor":4.0,"turns":7.0},{"damage":0.0,"enemies":"Exordium Wildlife","floor":8.0,"turns":1.0},{"damage":26.0,"enemies":"Replay:BlueRogue","floor":11.0,"turns":6.0},{"damage":0.0,"enemies":"Large Slime","floor":12.0,"turns":4.0},{"damage":51.0,"enemies":"Gremlin Gang","floor":13.0,"turns":11.0},{"damage":41.0,"enemies":"Fading Forest","floor":16.0,"turns":11.0},{"damage":36.0,"enemies":"conspire:FuzzyDice","floor":18.0,"turns":11.0},{"damage":59.0,"enemies":"2 Thieves","floor":22.0,"turns":5.0},{"damage":44.0,"enemies":"Book of Stabbing","floor":24.0,"turns":8.0},{"damage":46.0,"enemies":"conspire:HollyBat","floor":27.0,"turns":8.0},{"damage":39.0,"enemies":"conspire:SneckoGhost","floor":28.0,"turns":8.0},{"damage":47.0,"enemies":"Sentry and Sphere","floor":29.0,"turns":6.0},{"damage":93.0,"enemies":"Pondfish","floor":33.0,"turns":10.0},{"damage":36.0,"enemies":"Orb Walker","floor":35.0,"turns":4.0},{"damage":61,"enemies":"3 Shapes","floor":38,"turns":7},{"damage":152,"enemies":"Reptomancer","floor":41,"turns":6}],"seed_played":"3949960156134393620","potions_obtained":[{"floor":1.0,"key":"Cursed Concoction"},{"floor":2.0,"key":"Strength Potion"},{"floor":8.0,"key":"SpeedPotion"},{"floor":13.0,"key":"Dexterity Potion"},{"floor":18.0,"key":"SkillPotion"},{"floor":27.0,"key":"BlessingOfTheForge"},{"floor":29.0,"key":"SteroidPotion"}],"is_trial":false,"path_per_floor":["M","M","M","M","?","R","$","M","T","R","E","M","M","?","R","B",null,"M","?","$","?","M","R","E","R","T","M","E","M","$","?","R","B",null,"M","?","?","M","$","R","E"],"character_chosen":"BEAKED_THE_CULTIST","items_purchased":["halation:Jellyphish","TheAbacus","Boot"],"campfire_rested":2,"item_purchase_floors":[7,30,39],"current_hp_per_floor":[53,55,55,38,38,38,38,51,51,51,48,60,81,54,78,77,81,63,63,63,63,29,53,69,69,69,75,77,65,65,65,65,55,81,70,70,70,61,61,61,0,0],"gold":509,"neow_bonus":"TEN_PERCENT_HP_BONUS","is_daily":false,"chose_seed":false,"campfire_upgraded":3,"win_rate":0.0,"timestamp":1608339753,"path_taken":["M","M","?","M","?","R","$","M","T","R","E","?","M","?","R","BOSS","M","?","?","?","?","R","E","R","T","M","E","M","$","?","R","BOSS","M","?","?","M","$","R","E"],"items_purchased_type":["Relic","Relic","Relic"],"build_version":"2020-12-13","purchased_purges":2,"victory":false,"max_hp_per_floor":[55,55,55,55,55,55,55,65,65,65,73,73,81,81,81,81,81,81,81,81,81,81,81,81,81,81,81,81,81,81,81,81,81,81,81,81,81,81,81,81,81,81],"card_choices":[{"not_picked":["beaked:MimicWarrior","beaked:SacrificialAttack","beaked:BloodForTheGods"],"picked":"SKIP","floor":1.0},{"not_picked":["beaked:Brace","ReplayTheSpireMod:Prepare the Ceremony"],"picked":"beaked:MaddeningMurmurs","floor":2.0},{"not_picked":["beaked:Resilience","beaked:Flinch","beaked:MimicHuntress"],"picked":"SKIP","floor":3.0},{"not_picked":["beaked:Resilience","beaked:Flinch"],"picked":"beaked:MimicHuntress","floor":3.0},{"not_picked":["beaked:WarriorEssence","beaked:TuckingFeathers","beaked:Hexing"],"picked":"SKIP","floor":4.0},{"not_picked":["beaked:BarbedWire","beaked:Daydream","beaked:WarriorEssence"],"picked":"SKIP","floor":8.0},{"not_picked":["beaked:Negation","beaked:Foresight"],"picked":"beaked:MachineEssence","floor":11.0},{"not_picked":["beaked:WarriorEssence","beaked:Overexert","beaked:Tweet"],"picked":"SKIP","floor":12.0},{"not_picked":["beaked:Daydream","beaked:Cower","beaked:FullHouse"],"picked":"SKIP","floor":13.0},{"not_picked":["beaked:Negation","beaked:Brace+1","beaked:MimicHuntress"],"picked":"SKIP","floor":18.0},{"not_picked":["beaked:FeelMyPain","beaked:Cower","beaked:WarriorSpirit+1"],"picked":"SKIP","floor":22.0},{"not_picked":["beaked:SurvivalInstinct+1","beaked:Pecker","beaked:Windmill"],"picked":"SKIP","floor":24.0},{"not_picked":["beaked:Redirect","beaked:ShadowFade","beaked:TuckingFeathers+1"],"picked":"SKIP","floor":27.0},{"not_picked":["beaked:Windmill","beaked:RitualOfBody+1","beaked:Poke"],"picked":"SKIP","floor":28.0},{"not_picked":["beaked:WarriorEssence","beaked:Poke","beaked:Resilience+1"],"picked":"SKIP","floor":29.0},{"not_picked":["beaked:MimicWarrior","beaked:Recite"],"picked":"beaked:Tradeoff","floor":35.0},{"not_picked":["StuffTheSpire:Vigor","StuffTheSpire:CelestialWarden"],"picked":"StuffTheSpire:Innocence","floor":37},{"not_picked":["beaked:WarriorEssence","beaked:BraceForImpact+1","beaked:Tradeoff+1"],"picked":"SKIP","floor":38}],"player_experience":1841218,"relics_obtained":[{"floor":9.0,"key":"Bag of Marbles"},{"floor":11.0,"key":"hubris:Spice"},{"floor":24.0,"key":"aspiration:Lifesprig"},{"floor":26.0,"key":"Pondfish Scales"},{"floor":28.0,"key":"hubris:BundleOfHerbs"}],"event_choices":[{"damage_healed":0.0,"max_hp_gain":0.0,"max_hp_loss":0.0,"gold_gain":0.0,"event_name":"FaceTrader","player_choice":"Trade","floor":5.0,"gold_loss":0.0,"damage_taken":0.0,"relics_obtained":["SsserpentHead"]},{"damage_healed":0.0,"max_hp_gain":0.0,"max_hp_loss":0.0,"gold_gain":0.0,"event_name":"The Mausoleum","player_choice":"Opened","floor":19.0,"gold_loss":0.0,"damage_taken":0.0,"relics_obtained":["Pantograph"],"cards_obtained":["Writhe"]},{"damage_healed":0.0,"max_hp_gain":0.0,"max_hp_loss":0.0,"gold_gain":0.0,"event_name":"Match and Keep!","player_choice":"1 cards matched","floor":21.0,"gold_loss":0.0,"damage_taken":0.0,"cards_obtained":["beaked:Foresight"]},{"damage_healed":0.0,"max_hp_gain":0.0,"max_hp_loss":0.0,"gold_gain":0.0,"event_name":"Addict","player_choice":"Obtained Relic","floor":31.0,"gold_loss":85.0,"damage_taken":0.0,"relics_obtained":["Replay:Bandana"]}],"is_beta":false,"boss_relics":[{"not_picked":["aspiration:FutureDiary","hubris:BlackHole"],"picked":"Replay:Wanted Poster"},{"not_picked":["Busted Crown","Coffee Dripper"],"picked":"conspire:RoyalGoblet"}],"items_purged_floors":[20,39],"is_endless":false,"potions_floor_spawned":[1,2,8,13,18,27,29],"killed_by":"Reptomancer","ascension_level":3}}