{"host":"dx8mnueonnkh60qu","time":1608364817,"event":{"mods":["AchievementEnabler","Act Like it!","Aspiration","BaseMod","Better Silent Start","Better Third Choice","Defuse TimeMaze Blight","Dota2Spire","Downfall","Hubris","Marked Mod","Minty Spire (QoL Compilation)","Rare Cards Sparkle","Relic Stats","Robot Space Explorer","Spicy Shops","Spikes Relics","StSLib","SuperFastMode","The Blue Laboratory"],"gold_per_floor":[99,115,55,55,55,66,92,92,92,92,109,120,120,135,153,153,153],"floor_reached":16,"playtime":481,"items_purged":[],"score":92,"play_id":"1c8afc67-a42e-47dc-8edd-08d29bb5df3d","local_time":"20201219030017","is_ascension_mode":false,"campfire_choices":[{"data":"champ:Taunt","floor":1,"key":"SMITH"},{"data":"champ:Execute","floor":5,"key":"SMITH"},{"data":"champ:FlashCut","floor":8,"key":"SMITH"},{"floor":10,"key":"RECALL"}],"circlet_count":0,"master_deck":["champ:Defend","champ:Defend","champ:Defend","champ:Defend","champ:Execute+1","champ:Taunt+1","champ:Shatter","champ:DefensiveShout","champ:StanceDance+1","champ:FlashCut+1","champ:ShieldSlam","champ:Circumvent","ShadowRift","Predator","Sucker Punch","champ:RapidStrikes","champ:ArenaPreparation"],"relics":["hubris:ScarierMask","Anchor"],"acts_visited":["Exordium"],"potions_floor_usage":[],"damage_taken":[{"damage":6,"enemies":"Jaw Worm","floor":2,"turns":5},{"damage":8,"enemies":"downfall:FleeingMerchant","floor":3,"turns":4},{"damage":0,"enemies":"2 Louse","floor":6,"turns":2},{"damage":0,"enemies":"Small Slimes","floor":11,"turns":2},{"damage":0,"enemies":"Exordium Wildlife","floor":12,"turns":1},{"damage":6,"enemies":"Red Slaver","floor":14,"turns":3},{"damage":0,"enemies":"Blue Slaver","floor":15,"turns":2},{"damage":79,"enemies":"downfall:Silent","floor":16,"turns":9}],"seed_played":"-6392422619559305677","potions_obtained":[{"floor":2,"key":"blueLaboratory:HeartbeatPotion"},{"floor":11,"key":"GamblersBrew"},{"floor":15,"key":"Dota2Spire:Clarity"}],"is_trial":false,"path_per_floor":["R","M","$","?","R","M","T","R","?","R","M","M","?","M","M","B"],"character_chosen":"THE_CHAMP","items_purchased":["champ:StanceDance"],"campfire_rested":0,"item_purchase_floors":[3],"current_hp_per_floor":[90,89,89,89,89,89,89,89,89,89,89,89,89,88,88,9,9],"gold":153,"neow_bonus":"BOSS_RELIC","is_daily":false,"chose_seed":false,"campfire_upgraded":3,"win_rate":0.0,"timestamp":1608364817,"path_taken":["R","M","$","?","R","M","T","R","?","R","M","M","?","?","M","BOSS"],"items_purchased_type":["Card"],"build_version":"2020-12-13","purchased_purges":0,"victory":false,"max_hp_per_floor":[90,90,90,90,90,90,90,90,90,90,90,90,90,90,90,90,90],"relic_stats":{"counters":[8,27],"obtain_stats":[{"Anchor":7,"hubris:ScarierMask":0,"champ:ChampionCrown":0},{"Anchor":3,"hubris:ScarierMask":0,"champ:ChampionCrown":0},{"Anchor":11,"hubris:ScarierMask":0,"champ:ChampionCrown":0}]},"card_choices":[{"not_picked":["champ:BerserkerStyle","champ:Backstep"],"picked":"champ:Shatter","floor":2},{"not_picked":["champ:Backstep","champ:EndlessRage"],"picked":"champ:DefensiveShout","floor":3},{"not_picked":["champ:CalledShot","champ:StanceDance"],"picked":"champ:FlashCut","floor":6},{"not_picked":["champ:TornadoPunch","champ:StanceDance"],"picked":"champ:ShieldSlam","floor":11},{"not_picked":["champ:GladiatorsShout","champ:Backstep"],"picked":"champ:Circumvent","floor":12},{"not_picked":["champ:Haymaker","champ:FocusedDefense"],"picked":"champ:RapidStrikes","floor":14},{"not_picked":["champ:Shatter","champ:DancingMaster"],"picked":"champ:ArenaPreparation","floor":15}],"player_experience":560452,"relics_obtained":[{"floor":7,"key":"Anchor"}],"event_choices":[{"damage_healed":0,"gold_gain":0,"player_choice":"Grow","damage_taken":0,"max_hp_gain":0,"max_hp_loss":0,"event_name":"Living Wall","floor":9,"gold_loss":0,"cards_upgraded":["champ:StanceDance"]}],"is_beta":false,"boss_relics":[],"items_purged_floors":[],"is_endless":false,"potions_floor_spawned":[2,11,15],"killed_by":"downfall:Silent","ascension_level":0}}