{"host":"cyiefo55v5hz1ih5","time":1608412275,"event":{"mods":["2.2 Compatiblity","AchievementEnabler","BaseMod","GifTheSpireLib","Hubris","Minty Spire (QoL Compilation)","Replay The Spire","Robot Space Explorer","StSLib"],"gold_per_floor":[113,133,145,145,155,155,190,190,190,281,51,65,92,155,155,253,253,271,271,10,10,27,27,45,26,26,26,54,54,154,172,172,275,275,291,339,339,349,359,359,257,271,271,160,160,176,187,204,204,204,204,204,39,71,71,71],"floor_reached":55,"playtime":4993,"items_purged":["RobotSpaceExplorer:Strike","RobotSpaceExplorer:Strike","Parasite","RobotSpaceExplorer:Strike","RobotSpaceExplorer:Defend"],"score":687,"play_id":"df02123a-c2c7-4c13-a75f-572f6a384011","local_time":"20201219161115","is_ascension_mode":true,"campfire_choices":[{"floor":6.0,"key":"RECALL"},{"floor":8.0,"key":"REST"},{"data":"RobotSpaceExplorer:Fix","floor":23.0,"key":"SMITH"},{"data":"RobotSpaceExplorer:TrailblazerForm","floor":29.0,"key":"SMITH"},{"floor":40,"key":"REST"},{"data":"RobotSpaceExplorer:PowerCollector","floor":45,"key":"SMITH"},{"data":"RobotSpaceExplorer:StarDust","floor":49,"key":"SMITH"},{"data":"RobotSpaceExplorer:MiniLasers","floor":52,"key":"SMITH"}],"circlet_count":0,"master_deck":["RobotSpaceExplorer:Defend+1","RobotSpaceExplorer:Defend","RobotSpaceExplorer:Defend","RobotSpaceExplorer:Scan","RobotSpaceExplorer:MiniLasers+1","RobotSpaceExplorer:Pulsar+1","RobotSpaceExplorer:SurgingShield","RobotSpaceExplorer:ScrapMissile","RobotSpaceExplorer:FrostMissile+1","RobotSpaceExplorer:Fix+1","RobotSpaceExplorer:PowerGlove","RobotSpaceExplorer:Comet","RobotSpaceExplorer:Discharger","RobotSpaceExplorer:ShockKick+1","RobotSpaceExplorer:TrailblazerForm+1","RobotSpaceExplorer:MiniDrones+1","RobotSpaceExplorer:PowerCollector+1","RobotSpaceExplorer:ChargingLaser+1","RobotSpaceExplorer:DualCore","RobotSpaceExplorer:Electropulse","RobotSpaceExplorer:ExhaustFan+1","RobotSpaceExplorer:StarDust+1"],"relics":["RobotSpaceExplorer:RoboCore","hubris:Spice","Oddly Smooth Stone","Bag of Marbles","War Paint","Sozu","hubris:Icosahedron","Membership Card","Turnip","hubris:Metronome","FossilizedHelix","Chameleon Ring","Torii","Strawberry","Whetstone"],"acts_visited":["Exordium","TheCity","TheBeyond","TheEnding"],"potions_floor_usage":[],"damage_taken":[{"damage":0.0,"enemies":"Cultist","floor":1.0,"turns":4.0},{"damage":0.0,"enemies":"Small Slimes","floor":2.0,"turns":4.0},{"damage":4.0,"enemies":"Jaw Worm","floor":3.0,"turns":3.0},{"damage":10.0,"enemies":"Large Slime","floor":5.0,"turns":6.0},{"damage":17.0,"enemies":"3 Sentries","floor":7.0,"turns":10.0},{"damage":3.0,"enemies":"Blue Slaver","floor":12.0,"turns":4.0},{"damage":3.0,"enemies":"3 Sentries","floor":14.0,"turns":8.0},{"damage":0.0,"enemies":"Slime Boss","floor":16.0,"turns":6.0},{"damage":0.0,"enemies":"Shell Parasite","floor":18.0,"turns":5.0},{"damage":0.0,"enemies":"Chosen","floor":22.0,"turns":3.0},{"damage":0.0,"enemies":"Sentry and Sphere","floor":24.0,"turns":7.0},{"damage":31.0,"enemies":"Slavers","floor":25.0,"turns":7.0},{"damage":4.0,"enemies":"Replay:Snechameleon","floor":28.0,"turns":7.0},{"damage":8.0,"enemies":"Colosseum Slavers","floor":30.0,"turns":4.0},{"damage":17.0,"enemies":"Colosseum Nobs","floor":30.0,"turns":5.0},{"damage":2.0,"enemies":"Chosen and Byrds","floor":31.0,"turns":6.0},{"damage":0.0,"enemies":"Champ","floor":33.0,"turns":8.0},{"damage":0.0,"enemies":"Orb Walker","floor":35.0,"turns":1.0},{"damage":41,"enemies":"2 Orb Walkers","floor":36,"turns":5},{"damage":7,"enemies":"3 Darklings","floor":38,"turns":4},{"damage":7,"enemies":"Writhing Mass","floor":39,"turns":6},{"damage":0,"enemies":"Maw","floor":42,"turns":7},{"damage":0,"enemies":"Transient","floor":46,"turns":5},{"damage":0,"enemies":"4 Shapes","floor":47,"turns":4},{"damage":0,"enemies":"3 Darklings","floor":48,"turns":4},{"damage":34,"enemies":"Replay:Hell Engine","floor":50,"turns":11},{"damage":30,"enemies":"Shield and Spear","floor":54,"turns":7},{"damage":96,"enemies":"The Heart","floor":55,"turns":6}],"seed_played":"-6545656927564222270","potions_obtained":[{"floor":3.0,"key":"SteroidPotion"},{"floor":5.0,"key":"PowerPotion"},{"floor":7.0,"key":"SpeedPotion"},{"floor":16.0,"key":"Doom Potion"}],"is_trial":false,"path_per_floor":["M","M","M","?","M","R","E","R","T","?","$","M","T","?","R","B",null,"M","?","$","?","M","R","M","E","T","$","E","R","?","M","R","B",null,"M","?","?","M","M","R","$","M","T","$","R","M","M","M","R","B",null,"R","$","E","B"],"character_chosen":"RobotSpaceExplorer","items_purchased":["Oddly Smooth Stone","Membership Card","RobotSpaceExplorer:Discharger","RobotSpaceExplorer:ShockKick","RobotSpaceExplorer:Electropulse","RobotSpaceExplorer:StarDust","Strawberry"],"campfire_rested":2,"item_purchase_floors":[11,20,20,20,41,44,53],"current_hp_per_floor":[82,82,78,81,71,71,62,89,89,89,89,90,90,90,90,93,93,93,93,93,101,101,101,101,76,76,76,78,78,65,69,99,101,101,101,60,60,59,58,88,88,94,94,94,94,98,98,98,98,64,98,98,105,81,0,0],"gold":71,"neow_bonus":"TEN_PERCENT_HP_BONUS","is_daily":false,"chose_seed":false,"campfire_upgraded":5,"win_rate":0.0,"timestamp":1608412275,"path_taken":["M","M","?","?","M","R","E","R","T","?","?","M","?","?","R","BOSS","M","?","$","?","?","R","?","E","T","?","E","R","?","M","R","BOSS","M","?","?","M","M","R","$","M","T","$","R","M","M","M","R","BOSS","R","$","E","BOSS"],"items_purchased_type":["Relic","Relic","Card","Card","Card","Card","Relic"],"build_version":"2020-12-13","purchased_purges":5,"victory":false,"max_hp_per_floor":[82,82,82,85,85,85,93,93,93,93,93,93,93,93,93,93,93,93,93,93,101,101,101,101,101,101,101,101,101,101,101,101,101,101,101,101,101,101,101,101,98,98,98,98,98,98,98,98,98,98,98,98,105,105,105,105],"card_choices":[{"not_picked":["RobotSpaceExplorer:MetalStrike","RobotSpaceExplorer:ExhaustFan","RobotSpaceExplorer:Counterblock"],"picked":"SKIP","floor":1.0},{"not_picked":["RobotSpaceExplorer:Calculate","RobotSpaceExplorer:MetalStrike"],"picked":"RobotSpaceExplorer:Pulsar","floor":2.0},{"not_picked":["RobotSpaceExplorer:GlueSpray","RobotSpaceExplorer:Pulsar"],"picked":"RobotSpaceExplorer:SurgingShield","floor":3.0},{"not_picked":["RobotSpaceExplorer:LaserBurst","RobotSpaceExplorer:Ammunition","RobotSpaceExplorer:FranticSearch"],"picked":"SKIP","floor":5.0},{"not_picked":["RobotSpaceExplorer:Blitz","RobotSpaceExplorer:Probe"],"picked":"RobotSpaceExplorer:ScrapMissile","floor":7.0},{"not_picked":["RobotSpaceExplorer:ImprovisedAttack","RobotSpaceExplorer:Calculate"],"picked":"RobotSpaceExplorer:FrostMissile","floor":10.0},{"not_picked":["RobotSpaceExplorer:ShockKick","RobotSpaceExplorer:FreezeRay"],"picked":"RobotSpaceExplorer:Fix","floor":10.0},{"not_picked":["RobotSpaceExplorer:ToxicBomb","RobotSpaceExplorer:LuckyStrike"],"picked":"RobotSpaceExplorer:PowerGlove","floor":12.0},{"not_picked":["RobotSpaceExplorer:ShockMissile","RobotSpaceExplorer:Accelerator"],"picked":"RobotSpaceExplorer:Comet","floor":16.0},{"not_picked":["RobotSpaceExplorer:ImprovisedAttack","RobotSpaceExplorer:ScrapMissile+1","RobotSpaceExplorer:FreezeRay+1"],"picked":"SKIP","floor":18.0},{"not_picked":["RobotSpaceExplorer:StunGrenade","RobotSpaceExplorer:PowerGlove","RobotSpaceExplorer:Pulsar+1"],"picked":"SKIP","floor":22.0},{"not_picked":["hubris:SpiceAddiction","RobotSpaceExplorer:ShovelStrike"],"picked":"RobotSpaceExplorer:TrailblazerForm","floor":24.0},{"not_picked":["RobotSpaceExplorer:TrailblazerForm","RobotSpaceExplorer:SlimeMissile","RobotSpaceExplorer:SurgingShield"],"picked":"SKIP","floor":25.0},{"not_picked":["RobotSpaceExplorer:SwiftStep","RobotSpaceExplorer:ScrapMissile"],"picked":"RobotSpaceExplorer:MiniDrones+1","floor":28.0},{"not_picked":["RobotSpaceExplorer:MetalStrike","RobotSpaceExplorer:FrostMissile+1"],"picked":"RobotSpaceExplorer:PowerCollector","floor":31.0},{"not_picked":["RobotSpaceExplorer:Wormhole","RobotSpaceExplorer:Comet"],"picked":"RobotSpaceExplorer:ChargingLaser","floor":33.0},{"not_picked":["RobotSpaceExplorer:SelfCleaning+1","RobotSpaceExplorer:LaserBurst","RobotSpaceExplorer:MetalStrike"],"picked":"SKIP","floor":35.0},{"not_picked":["hubris:SpiceAddiction","RobotSpaceExplorer:SurgingShield+1","RobotSpaceExplorer:ScrapToss+1"],"picked":"SKIP","floor":38},{"not_picked":["RobotSpaceExplorer:ShockKick+1","RobotSpaceExplorer:FrostMissile"],"picked":"RobotSpaceExplorer:DualCore","floor":39},{"not_picked":["RobotSpaceExplorer:GlueSpray","RobotSpaceExplorer:Ammunition+1"],"picked":"RobotSpaceExplorer:ExhaustFan+1","floor":42},{"not_picked":["RobotSpaceExplorer:Arsenal","RobotSpaceExplorer:ShovelStrike+1","RobotSpaceExplorer:FranticSearch+1"],"picked":"SKIP","floor":46},{"not_picked":["RobotSpaceExplorer:TurboDodge","RobotSpaceExplorer:FreezeRay","RobotSpaceExplorer:FrostMissile"],"picked":"SKIP","floor":47},{"not_picked":["RobotSpaceExplorer:PowerGlove+1","RobotSpaceExplorer:MiniDrones","RobotSpaceExplorer:SlimeMissile+1"],"picked":"SKIP","floor":48},{"not_picked":["RobotSpaceExplorer:Autoloader","RobotSpaceExplorer:Accelerator","RobotSpaceExplorer:ScrapMissile"],"picked":"SKIP","floor":54}],"player_experience":611043,"relics_obtained":[{"floor":7.0,"key":"hubris:Spice"},{"floor":13.0,"key":"Bag of Marbles"},{"floor":25.0,"key":"Turnip"},{"floor":28.0,"key":"hubris:Metronome"},{"floor":30.0,"key":"FossilizedHelix"},{"floor":30.0,"key":"Chameleon Ring"},{"floor":36,"key":"Torii"},{"floor":54,"key":"Whetstone"}],"event_choices":[{"damage_healed":0.0,"max_hp_gain":0.0,"max_hp_loss":0.0,"gold_gain":0.0,"event_name":"Dead Adventurer","player_choice":"Searched \u00272\u0027 times","floor":14.0,"gold_loss":0.0,"damage_taken":0.0,"relics_obtained":["War Paint"]},{"damage_healed":0.0,"max_hp_gain":0.0,"max_hp_loss":0.0,"gold_gain":0.0,"event_name":"WeMeetAgain","player_choice":"Gave Potion","floor":21.0,"gold_loss":0.0,"damage_taken":0.0,"relics_obtained":["hubris:Spice"]},{"damage_healed":0.0,"max_hp_gain":0.0,"max_hp_loss":0.0,"gold_gain":0.0,"event_name":"Colosseum","player_choice":"Fight","floor":30.0,"gold_loss":0.0,"damage_taken":0.0},{"damage_healed":0.0,"max_hp_gain":0.0,"max_hp_loss":0.0,"gold_gain":0.0,"event_name":"Colosseum","player_choice":"Fought Nobs","floor":30.0,"gold_loss":0.0,"damage_taken":0.0},{"damage_healed":0,"gold_gain":0,"player_choice":"Fight","damage_taken":0,"max_hp_gain":0,"max_hp_loss":0,"event_name":"Mysterious Sphere","floor":36,"gold_loss":0},{"damage_healed":0,"gold_gain":0,"player_choice":"Bought 0 Potions","damage_taken":0,"max_hp_gain":0,"max_hp_loss":0,"event_name":"The Woman in Blue","floor":37,"gold_loss":0}],"is_beta":false,"boss_relics":[{"not_picked":["Replay:Ancient Bell","hubris:Spice"],"picked":"Sozu"},{"not_picked":["Honey Jar","hubris:VirtuousBlindfold","hubris:Spice"]}],"items_purged_floors":[11,20,41,44,53],"is_endless":false,"potions_floor_spawned":[3,5,7,16,24,28,33,35,38,39,46,48],"killed_by":"The Heart","ascension_level":1}}