{"host":"5j53u3d72gsce0fe","time":1608360251,"event":{"mods":["2.2 Compatiblity","AchievementEnabler","Aspiration","BaseMod","Beaked The Cultist","Better Altar","Better Match","Better Note","Better Sensory Stone","Better Skull","Better Third Choice","Better Vampires","Block Reminder","CCEM","Card Forge","Colored Map","Colored Powertips","Colorless Booster Pack","Conspire","Defuse TimeMaze Blight","Dio Mod","Dota2Spire","Downfall-Rebalance","Emptier Cage","Energized Spire","Friendly Minions","GifTheSpireLib","Hermit","HexUI Lib","Hubris","Humility","Infinite Spire","Marked Mod","Mimic Mod","Minty Spire (QoL Compilation)","Relic Filter","Replay The Spire","Retaliation","Shade Mod","Small Relic Pack","StSLib","Stuff the Spire","The Animator","The Bug Knight","Transform Curses","Unceasing Turn Reminder","???Mod??????Boss"],"gold_per_floor":[113,113,124,124,81,111,126,151,151,151,161,189,189,410,410,511,511,524,524,535,553,553,584,597,627,651,210,235,235,235,254,254,353,353,364,377,394,66,66,66,94,94,94,119,138,171,188,219,219,219,219],"floor_reached":50,"playtime":4129,"items_purged":[],"score":819,"play_id":"946a318c-f0d4-4a51-85d6-63ad4e35855b","local_time":"20201218224411","is_ascension_mode":true,"campfire_choices":[{"floor":10.0,"key":"REST"},{"floor":13.0,"key":"REST"},{"floor":30,"key":"RECALL"},{"data":"Bite+1","floor":32,"key":"SMITH"},{"data":"Bite+2","floor":40,"key":"SMITH"},{"data":"Bite+3","floor":42,"key":"SMITH"},{"data":"Bite+4","floor":49,"key":"SMITH"}],"circlet_count":0,"master_deck":["Bite+5","dioMod:Defend","dioMod:Defend","dioMod:Defend","dioMod:Defend","dioMod:Minions+1","dioMod:MudaMudaMuda+1","dioMod:DaggerSpree+1","dioMod:FlyAway+1","dioMod:PathToHeaven+1","dioMod:Muda+1","dioMod:ZaWarudo+1","dioMod:DaggerSpree+1","dioMod:DaggerToss+1","DDmod:PotionAddictCard+1","dioMod:MudaMudaMuda+1","dioMod:BloodTransfusion+1","Panache+1","dioMod:Minions+1","dioMod:MudaMudaMuda+1","dioMod:TheWalk+1","beaked:Ceremony+1","dioMod:Muda+1","dioMod:MudaMudaMuda+1","beaked:Ceremony+1"],"relics":["dioMod:VampireBlood","Hammer of Thor","Seething Fire","Anvil of the Gods","hubris:Icosahedron","Frozen Egg 2","betterThird:SlimedRelic","Pear","Potion Belt","Singing Bowl","StuffTheSpire:RubySignet","Dota2Spire:EchoSabre","conspire:SpecialSausage","TheAbacus","Eternal Feather","The Courier","Dota2Spire:Vanguard","Dota2Spire:AghanimScepter","ReplayTheSpireMod:CursedCoin","conspire:InfiniteJournal","infinitespire:Broken Mirror","aspiration:BeakedSkillbook","infinitespire:EmpoweringShard","Lee\u0027s Waffle","Dota2Spire:Mjollnir","InkBottle","Dota2Spire:DrumOfEndurance","CCEMRelics:Francisca","Dota2Spire:LotusOrb"],"acts_visited":["Exordium","TheCity","TheBeyond"],"potions_floor_usage":[23,33,35,44,44],"damage_taken":[{"damage":25.0,"enemies":"Jaw Worm","floor":1.0,"turns":6.0},{"damage":5.0,"enemies":"2 Louse","floor":3.0,"turns":3.0},{"damage":34.0,"enemies":"Gremlin Nob","floor":6.0,"turns":5.0},{"damage":0.0,"enemies":"conspire:RoseBush","floor":7.0,"turns":4.0},{"damage":9.0,"enemies":"Replay:BlueRogue","floor":8.0,"turns":5.0},{"damage":0.0,"enemies":"Red Slaver","floor":11.0,"turns":3.0},{"damage":69.0,"enemies":"3 Sentries","floor":12.0,"turns":8.0},{"damage":26.0,"enemies":"Hexaghost","floor":16.0,"turns":10.0},{"damage":10.0,"enemies":"conspire:FuzzyDice","floor":18.0,"turns":7.0},{"damage":33.0,"enemies":"3 Byrds","floor":20.0,"turns":6.0},{"damage":13.0,"enemies":"conspire:HollyBat","floor":21.0,"turns":6.0},{"damage":10,"enemies":"HollowMod:Nosk","floor":23,"turns":4},{"damage":16,"enemies":"Snake Plant","floor":24,"turns":4},{"damage":34,"enemies":"Nightmare","floor":25,"turns":9},{"damage":41,"enemies":"Slavers","floor":28,"turns":5},{"damage":5,"enemies":"3 Cultists","floor":31,"turns":4},{"damage":61,"enemies":"StardustCrusaders","floor":33,"turns":8},{"damage":16,"enemies":"Orb Walker","floor":35,"turns":3},{"damage":30,"enemies":"3 Darklings","floor":36,"turns":3},{"damage":11,"enemies":"Jaw Worm Horde","floor":37,"turns":2},{"damage":13,"enemies":"Nemesis","floor":41,"turns":3},{"damage":37,"enemies":"R_Hoarder","floor":44,"turns":6},{"damage":54,"enemies":"Writhing Mass","floor":45,"turns":3},{"damage":2,"enemies":"4 Shapes","floor":46,"turns":3},{"damage":30,"enemies":"4 Shapes","floor":47,"turns":2},{"damage":35,"enemies":"Giant Head","floor":48,"turns":6},{"damage":124,"enemies":"Time Eater","floor":50,"turns":7}],"seed_played":"-8130627225180871922","potions_obtained":[{"floor":1.0,"key":"Fruit Juice"},{"floor":7.0,"key":"Milkshake"},{"floor":8.0,"key":"LifebloodPotion"},{"floor":12.0,"key":"GamblersBrew"},{"floor":15.0,"key":"GamblersBrew"},{"floor":15.0,"key":"sneckomod:MuddlingPotion"},{"floor":16.0,"key":"infinitespire:BlackPotion"},{"floor":18.0,"key":"BlessingOfTheForge"},{"floor":25,"key":"SpeedPotion"},{"floor":31,"key":"Energy Potion"},{"floor":33,"key":"LiquidBronze"},{"floor":37,"key":"AttackPotion"},{"floor":41,"key":"Fire Potion"},{"floor":48,"key":"EssenceOfSteel"}],"is_trial":false,"path_per_floor":["M","?","M","?","?","E","M","E","T","R","M","E","R","?","R_BF","B",null,"M","AVR","M","M","?","E","M","NM","T","$","E","?","R","M","R","B",null,"M","M","M","$","?","R","E","R","T","E","M","MIM","M","E","R","B"],"character_chosen":"THE_DEFAULT","items_purchased":["Dota2Spire:AghanimScepter","ReplayTheSpireMod:CursedCoin","conspire:InfiniteJournal","Panache+1","infinitespire:EmpoweringShard","Lee\u0027s Waffle"],"campfire_rested":2,"item_purchase_floors":[27,27,27,27,38,38],"current_hp_per_floor":[66,66,73,73,62,53,62,59,59,86,92,43,71,32,32,24,94,92,92,78,74,74,70,62,52,52,52,36,108,108,108,108,62,108,95,68,68,117,117,117,119,119,119,114,69,91,72,89,104,0,0],"gold":219,"neow_bonus":"TEN_PERCENT_HP_BONUS","is_daily":false,"chose_seed":false,"campfire_upgraded":4,"win_rate":0.0,"timestamp":1608360251,"path_taken":["M","?","M","?","?","E","M","E","T","R","M","E","R","?","R_BF","BOSS","M","AVR","M","M","?","E","M","NM","T","$","E","?","R","M","R","BOSS","M","M","M","$","?","R","E","R","T","E","?","?","M","E","R","BOSS"],"items_purchased_type":["Relic","Relic","Relic","Card","Relic","Relic"],"build_version":"2020-12-13","purchased_purges":0,"victory":false,"max_hp_per_floor":[82,82,82,82,82,92,92,92,92,92,92,94,94,94,94,94,94,94,94,96,96,96,96,98,98,98,98,98,108,108,108,108,108,108,108,108,110,117,117,117,119,119,119,121,121,123,125,125,125,125,125],"card_choices":[{"not_picked":["dioMod:WRYYY","dioMod:CautiousMuda"],"picked":"dioMod:Minions","floor":1.0},{"not_picked":["dioMod:VengefulMuda","dioMod:DaggerSpree"],"picked":"dioMod:MudaMudaMuda","floor":3.0},{"not_picked":["dioMod:CoffinBath","dioMod:Diversion"],"picked":"dioMod:DaggerSpree","floor":6.0},{"not_picked":["dioMod:SecretPlan","dioMod:SadisticLaugh"],"picked":"dioMod:FlyAway","floor":7.0},{"not_picked":["dioMod:Donut","dioMod:WRYYY"],"picked":"dioMod:PathToHeaven","floor":8.0},{"not_picked":["dioMod:DaggerSpree","dioMod:CoffinBath"],"picked":"dioMod:Muda","floor":11.0},{"not_picked":["dioMod:Diversion","dioMod:UltimateSacrifice","dioMod:SlashThroughTime"],"picked":"Singing Bowl","floor":12.0},{"not_picked":["dioMod:Refresh","dioMod:UltimateSacrifice"],"picked":"dioMod:ZaWarudo","floor":16.0},{"not_picked":["dioMod:FlyAway","dioMod:Donut"],"picked":"dioMod:DaggerSpree","floor":18.0},{"not_picked":["dioMod:HeavyLifting+1","dioMod:WRYYY","dioMod:SadisticLaugh"],"picked":"Singing Bowl","floor":20.0},{"not_picked":["dioMod:BloodSuck","dioMod:StreetSign"],"picked":"dioMod:DaggerToss","floor":21.0},{"not_picked":["Jack Of All Trades","expansioncontent:Hexaburn"],"picked":"DDmod:PotionAddictCard+1","floor":22.0},{"not_picked":["expansioncontent:Collect+1","StuffTheSpire:PlasmaPunch"],"picked":"DDmod:PotionAddictCard+1","floor":22.0},{"not_picked":["dioMod:BloodSuck","dioMod:Roundabout"],"picked":"dioMod:MudaMudaMuda+1","floor":23},{"not_picked":["dioMod:BloodShield","dioMod:DisarmingVoice","dioMod:DaggerSpree"],"picked":"Singing Bowl","floor":24},{"not_picked":["dioMod:DoubleTime+1","dioMod:DarkRebirth+1"],"picked":"dioMod:BloodTransfusion+1","floor":25},{"not_picked":["dioMod:TripleThreat","dioMod:BloodShield"],"picked":"dioMod:Minions+1","floor":28},{"not_picked":["dioMod:DominatingPresence","dioMod:ComboFever+1"],"picked":"dioMod:MudaMudaMuda+1","floor":31},{"not_picked":["dioMod:Despair","dioMod:Refresh"],"picked":"dioMod:TheWalk","floor":33},{"not_picked":["beaked:Windmill+1","dioMod:SadisticLaugh","beaked:DigDeep+1"],"picked":"beaked:Ceremony+1","floor":35},{"not_picked":["ReplayTheSpireMod:Wings of Steel","beaked:DarkPact","beaked:Flinch+1"],"picked":"dioMod:Muda","floor":36},{"not_picked":["beaked:StickSmack","dioMod:Hiss","beaked:TuckingFeathers","beaked:RuinSticks+1"],"picked":"Singing Bowl","floor":37},{"not_picked":["dioMod:BlendIn+1","beaked:Replenish","beaked:MimicWarrior+1","beaked:WarriorSpirit"],"picked":"Singing Bowl","floor":41},{"not_picked":["dioMod:SecretPlan+1","beaked:Cower+1","dioMod:SlashThroughTime+1","beaked:BarbedWire"],"picked":"Singing Bowl","floor":44},{"not_picked":["beaked:BounceBack+1","beaked:BarbedWire","dioMod:Hiss+1"],"picked":"dioMod:MudaMudaMuda+1","floor":45},{"not_picked":["beaked:Daydream","beaked:Cower","dioMod:VengefulMuda+1","dioMod:BloodSplash"],"picked":"Singing Bowl","floor":46},{"not_picked":["beaked:WarriorEssence","beaked:MimicHuntress+1","beaked:CursingBlood","beaked:SurvivalInstinct+1"],"picked":"Singing Bowl","floor":47},{"not_picked":["dioMod:HeavyLifting","beaked:BounceBack","dioMod:BloodShield"],"picked":"beaked:Ceremony+1","floor":48}],"player_experience":1181028,"relics_obtained":[{"floor":6.0,"key":"Pear"},{"floor":8.0,"key":"Potion Belt"},{"floor":9.0,"key":"Singing Bowl"},{"floor":12.0,"key":"StuffTheSpire:RubySignet"},{"floor":23,"key":"Eternal Feather"},{"floor":25,"key":"The Courier"},{"floor":26,"key":"Dota2Spire:Vanguard"},{"floor":28,"key":"infinitespire:Broken Mirror"},{"floor":41,"key":"Dota2Spire:Mjollnir"},{"floor":43,"key":"InkBottle"},{"floor":44,"key":"Dota2Spire:DrumOfEndurance"},{"floor":46,"key":"CCEMRelics:Francisca"},{"floor":48,"key":"Dota2Spire:LotusOrb"}],"event_choices":[{"damage_healed":0.0,"max_hp_gain":0.0,"max_hp_loss":0.0,"gold_gain":0.0,"event_name":"betterThird:BetterGoop","player_choice":"Slimed","floor":5.0,"gold_loss":43.0,"damage_taken":11.0},{"damage_healed":0.0,"max_hp_gain":0.0,"max_hp_loss":0.0,"gold_gain":221.0,"event_name":"betterSkull:BetterSkull","player_choice":"RE GO GO ","floor":14.0,"gold_loss":0.0,"damage_taken":43.0,"cards_upgraded":[],"relics_obtained":["Dota2Spire:EchoSabre"]},{"damage_healed":0.0,"max_hp_gain":0.0,"max_hp_loss":0.0,"gold_gain":2.0,"event_name":"betterStone:BetterStone","player_choice":"1","floor":22.0,"gold_loss":0.0,"damage_taken":0.0},{"cards_removed":["DDmod:PotionAddictCard"],"damage_healed":62,"gold_gain":0,"player_choice":"Offered Rare","damage_taken":0,"max_hp_gain":10,"max_hp_loss":0,"event_name":"Bonfire Elementals","floor":29,"gold_loss":0},{"damage_healed":0,"gold_gain":0,"player_choice":"Bought 0 Potions","damage_taken":0,"max_hp_gain":0,"max_hp_loss":0,"event_name":"The Woman in Blue","floor":39,"gold_loss":0}],"is_beta":false,"boss_relics":[{"not_picked":["aspiration:SecretTechniqueScroll","CCEMRelics:GreenEgg"],"picked":"conspire:SpecialSausage"},{"not_picked":["Ring of Chaos","infinitespire:Cupcake"],"picked":"aspiration:BeakedSkillbook"}],"items_purged_floors":[],"is_endless":true,"potions_floor_spawned":[1,7,8,12,16,18,25,31,33,37,41,44,48],"killed_by":"Time Eater","ascension_level":2}}