{"host":"pjgcdp3h1plnbocs","time":1608413416,"event":{"mods":["AchievementEnabler","BaseMod","Colored Map","Highlight Path","Minty Spire (QoL Compilation)"],"gold_per_floor":[117,117,117,42,55,55,87,87,87,107,121,146,146,146,146,250,250,262,262,262,13,30,129,129,161,161,161,161],"floor_reached":27,"playtime":703,"items_purged":["Strike_B","Writhe"],"score":308,"play_id":"d1d8a887-6c78-4e75-99d2-5fd3f3957574","local_time":"20201219223016","is_ascension_mode":true,"campfire_choices":[{"data":"Dualcast","floor":6,"key":"SMITH"},{"data":"Zap","floor":13,"key":"SMITH"},{"floor":15,"key":"REST"},{"floor":24,"key":"REST"}],"circlet_count":0,"master_deck":["Strike_B","Defend_B","Defend_B","Defend_B","Defend_B","Zap+1","Dualcast+1","Trip","Darkness+1","Coolheaded+1","Reboot+1","Gash","Storm"],"relics":["FrozenCore","Symbiotic Virus","Toxic Egg 2","Pantograph","Anchor","Oddly Smooth Stone","Ginger","Juzu Bracelet"],"acts_visited":["Exordium","TheCity"],"potions_floor_usage":[12,12,25,25,27],"damage_taken":[{"damage":4,"enemies":"2 Louse","floor":1,"turns":2},{"damage":7,"enemies":"Jaw Worm","floor":5,"turns":3},{"damage":35,"enemies":"3 Sentries","floor":7,"turns":8},{"damage":0,"enemies":"Cultist","floor":10,"turns":2},{"damage":0,"enemies":"3 Louse","floor":11,"turns":3},{"damage":12,"enemies":"Gremlin Nob","floor":12,"turns":3},{"damage":32,"enemies":"Slime Boss","floor":16,"turns":8},{"damage":20,"enemies":"3 Byrds","floor":18,"turns":4},{"damage":0,"enemies":"Chosen","floor":22,"turns":4},{"damage":59,"enemies":"Book of Stabbing","floor":25,"turns":8},{"damage":20,"enemies":"Gremlin Leader","floor":27,"turns":2}],"seed_played":"-1675919154097148878","potions_obtained":[{"floor":5,"key":"DuplicationPotion"},{"floor":7,"key":"Strength Potion"},{"floor":11,"key":"SpeedPotion"},{"floor":16,"key":"SneckoOil"},{"floor":22,"key":"FocusPotion"}],"is_trial":false,"path_per_floor":["M","?","?","$","M","R","E","T","T","M","M","E","R","?","R","B",null,"M","?","?","$","M","?","R","E","T","E"],"character_chosen":"DEFECT","items_purchased":["Oddly Smooth Stone"],"campfire_rested":2,"item_purchase_floors":[21],"current_hp_per_floor":[64,64,64,64,57,57,22,22,22,22,22,10,10,15,39,32,68,48,48,48,48,48,48,72,13,13,0,0],"gold":161,"neow_bonus":"RANDOM_COLORLESS","is_daily":false,"chose_seed":false,"campfire_upgraded":2,"win_rate":0.0,"timestamp":1608413416,"path_taken":["M","?","?","?","M","R","E","?","T","M","M","E","R","?","R","BOSS","M","?","?","$","M","?","R","E","T","E"],"items_purchased_type":["Relic"],"build_version":"2020-12-13","purchased_purges":2,"victory":false,"max_hp_per_floor":[75,75,75,75,75,75,75,75,75,75,75,75,75,80,80,80,80,80,80,80,80,80,80,80,80,80,80,80],"card_choices":[{"not_picked":["Panacea","Purity"],"picked":"Trip","floor":0},{"not_picked":["Conserve Battery","Go for the Eyes"],"picked":"Darkness","floor":1},{"not_picked":["Go for the Eyes","Genetic Algorithm","Melter"],"picked":"SKIP","floor":5},{"not_picked":["Steam","FTL","Barrage"],"picked":"SKIP","floor":7},{"not_picked":["Double Energy+1","Streamline","Gash"],"picked":"SKIP","floor":10},{"not_picked":["Barrage","White Noise+1","Heatsinks"],"picked":"SKIP","floor":11},{"not_picked":["Steam+1","Go for the Eyes"],"picked":"Coolheaded+1","floor":12},{"not_picked":["All For One","Electrodynamics"],"picked":"Reboot+1","floor":16},{"not_picked":["Cold Snap+1","Melter","Go for the Eyes"],"picked":"SKIP","floor":18},{"not_picked":["Streamline+1","Turbo+1","Gash"],"picked":"SKIP","floor":22},{"not_picked":["Compile Driver","Heatsinks","Electrodynamics"],"picked":"SKIP","floor":25}],"player_experience":118582,"relics_obtained":[{"floor":7,"key":"Symbiotic Virus"},{"floor":9,"key":"Toxic Egg 2"},{"floor":12,"key":"Pantograph"},{"floor":25,"key":"Ginger"},{"floor":26,"key":"Juzu Bracelet"}],"event_choices":[{"damage_healed":0,"gold_gain":0,"player_choice":"Grow","damage_taken":0,"max_hp_gain":0,"max_hp_loss":0,"event_name":"Living Wall","floor":2,"gold_loss":0,"cards_upgraded":["Darkness"]},{"damage_healed":0,"gold_gain":0,"player_choice":"Ignored","damage_taken":0,"max_hp_gain":0,"max_hp_loss":0,"event_name":"Liars Game","floor":3,"gold_loss":0},{"damage_healed":0,"gold_gain":0,"player_choice":"Donut","damage_taken":0,"max_hp_gain":5,"max_hp_loss":0,"event_name":"Big Fish","floor":14,"gold_loss":0},{"damage_healed":0,"gold_gain":0,"player_choice":"Opened","damage_taken":0,"relics_obtained":["Anchor"],"max_hp_gain":0,"max_hp_loss":0,"event_name":"The Mausoleum","floor":19,"gold_loss":0,"cards_obtained":["Writhe"]},{"damage_healed":0,"gold_gain":0,"cards_transformed":["Strike_B","Strike_B"],"player_choice":"Became Test Subject","damage_taken":0,"max_hp_gain":0,"max_hp_loss":0,"event_name":"Drug Dealer","floor":20,"gold_loss":0,"cards_obtained":["Gash","Storm"]},{"damage_healed":0,"gold_gain":99,"player_choice":"Stole From Cult","damage_taken":0,"max_hp_gain":0,"max_hp_loss":0,"event_name":"Nest","floor":23,"gold_loss":0}],"is_beta":false,"boss_relics":[{"not_picked":["SlaversCollar","Sozu"],"picked":"FrozenCore"}],"items_purged_floors":[4,21],"is_endless":false,"potions_floor_spawned":[5,7,11,16,22],"killed_by":"Gremlin Leader","ascension_level":6}}