{"host":"wg33yb1rgt3nbe17","time":1608364446,"event":{"mods":["AchievementEnabler","BaseMod","Colored Map","Minty Spire (QoL Compilation)","Permanent Neow","Relic Stats","StSLib"],"gold_per_floor":[110,121,121,138,138,173,185,229,295,22,22,22,39,88,88,88,88],"floor_reached":16,"playtime":373,"items_purged":[],"score":212,"play_id":"bab102b4-b728-424e-a77c-1ee4f382527a","local_time":"20201219025406","is_ascension_mode":true,"campfire_choices":[{"data":"Bash","floor":7.0,"key":"SMITH"},{"floor":12,"key":"REST"},{"data":"Hemokinesis","floor":15,"key":"SMITH"}],"circlet_count":0,"master_deck":["AscendersBane","Strike_R","Strike_R","Strike_R","Strike_R","Strike_R","Defend_R","Defend_R","Defend_R","Defend_R","Bash+1","Thunderclap","Hemokinesis+1","Pommel Strike+1","Reaper"],"relics":["Burning Blood","NeowsBlessing","Pear","MawBank","CeramicFish","Nunchaku","Singing Bowl","Pen Nib"],"acts_visited":["Exordium"],"potions_floor_usage":[8,11],"damage_taken":[{"damage":0.0,"enemies":"Small Slimes","floor":1.0,"turns":1.0},{"damage":0.0,"enemies":"2 Louse","floor":2.0,"turns":1.0},{"damage":0.0,"enemies":"Jaw Worm","floor":4.0,"turns":1.0},{"damage":47.0,"enemies":"3 Sentries","floor":6.0,"turns":9.0},{"damage":12,"enemies":"Gremlin Nob","floor":8,"turns":3},{"damage":0,"enemies":"3 Sentries","floor":11,"turns":1},{"damage":10,"enemies":"Blue Slaver","floor":13,"turns":2},{"damage":62,"enemies":"Hexaghost","floor":16,"turns":8}],"seed_played":"-3141107190537899166","potions_obtained":[{"floor":1.0,"key":"Ancient Potion"},{"floor":4.0,"key":"Swift Potion"},{"floor":8,"key":"SmokeBomb"}],"is_trial":false,"path_per_floor":["M","M","?","M","?","E","R","E","T","$","E","R","M","T","R","B"],"character_chosen":"IRONCLAD","items_purchased":["Singing Bowl"],"campfire_rested":1,"item_purchase_floors":[10],"current_hp_per_floor":[74,75,67,73,73,32,32,26,26,26,32,57,55,55,55,0,0],"gold":88,"neow_bonus":"THREE_ENEMY_KILL","is_daily":false,"chose_seed":false,"campfire_upgraded":2,"win_rate":0.0,"timestamp":1608364446,"path_taken":["M","M","?","M","?","E","R","E","T","?","E","R","M","?","R","BOSS"],"items_purchased_type":["Relic"],"build_version":"2020-12-13","purchased_purges":0,"victory":false,"max_hp_per_floor":[75,75,85,85,85,85,85,85,85,85,85,85,87,87,87,87,87],"relic_stats":{"Nunchaku":[2],"Singing Bowl":2,"counters":[8,26],"CeramicFish":0,"Pen Nib":[1],"MawBank":48,"obtain_stats":[{"Nunchaku":9,"Pear":3,"NeowsBlessing":0,"Singing Bowl":10,"CeramicFish":8,"Pen Nib":14,"MawBank":6,"Burning Blood":0},{"Nunchaku":5,"Pear":2,"NeowsBlessing":0,"Singing Bowl":5,"CeramicFish":5,"Pen Nib":7,"MawBank":4,"Burning Blood":0},{"Nunchaku":15,"Pear":2,"NeowsBlessing":0,"Singing Bowl":15,"CeramicFish":15,"Pen Nib":18,"MawBank":12,"Burning Blood":0}],"Burning Blood":37},"card_choices":[{"not_picked":["Bloodletting","Havoc"],"picked":"Thunderclap","floor":1.0},{"not_picked":["Seeing Red","True Grit"],"picked":"Hemokinesis","floor":2.0},{"not_picked":["Clothesline","Sever Soul"],"picked":"Pommel Strike","floor":4.0},{"not_picked":["Pommel Strike","Wild Strike"],"picked":"Reaper","floor":6.0},{"not_picked":["Perfected Strike","Thunderclap","Havoc"],"picked":"SKIP","floor":8},{"not_picked":["Pommel Strike","Cleave","Iron Wave"],"picked":"Singing Bowl","floor":13}],"player_experience":517745,"relics_obtained":[{"floor":6.0,"key":"MawBank"},{"floor":8,"key":"CeramicFish"},{"floor":9,"key":"Nunchaku"},{"floor":14,"key":"Pen Nib"}],"event_choices":[{"damage_healed":0.0,"max_hp_gain":0.0,"max_hp_loss":0.0,"gold_gain":0.0,"event_name":"Scrap Ooze","player_choice":"Success","floor":3.0,"gold_loss":0.0,"damage_taken":18.0,"relics_obtained":["Pear"]},{"damage_healed":0.0,"max_hp_gain":0.0,"max_hp_loss":0.0,"gold_gain":0.0,"event_name":"Living Wall","player_choice":"Grow","floor":5.0,"gold_loss":0.0,"damage_taken":0.0,"cards_upgraded":["Pommel Strike"]}],"is_beta":false,"boss_relics":[],"items_purged_floors":[],"is_endless":false,"potions_floor_spawned":[1,4,8],"killed_by":"Hexaghost","ascension_level":16}}