{"host":"373g0ui1bgeshz9m","time":1608351340,"event":{"mods":["Act Like it!","Aspiration","BaseMod","Beaked The Cultist","Better Third Choice","Colored Map","Conspire","Downfall","Halation","Hermit","Hubris","Infinite Spire","Jorbs\u0027s Wanderer Trilogy","Minty Spire (QoL Compilation)","Pale of the Ancients","Permanent Neow","Quick Restart","Replay The Spire","Shade Mod","Shop Mod","Spikes Relics","StSLib","The Animator","The Bladedancer","The Bug Knight","The Construct","The Cursed","The Factory","The Florist","The Judge","The Jungle","The Necromancer","The Sage","The Wild Card","Trackpad","vexMod"],"gold_per_floor":[99,99,125,50,70,100,100,25,35,65,80,97,97,97,114,218,218,143,156,156,167,181,197,223,223,223,252,252,252,322,340,359,461,511,511,531,531,561,573,573,596,596,621,621,636,656,670,684,694,694,694],"floor_reached":50,"playtime":4128,"items_purged":[],"score":796,"play_id":"a66571be-fe84-4dc6-9d9a-84a7c62d1702","local_time":"20201218231540","is_ascension_mode":false,"campfire_choices":[{"floor":1,"key":"RECALL"},{"floor":4,"key":"REST"},{"data":"Slimebound:CorrosiveSpit","floor":8,"key":"SMITH"},{"floor":18,"key":"DIG"},{"floor":42,"key":"REST"},{"data":"Slimebound:RallyTheTroops","floor":44,"key":"SMITH"}],"circlet_count":0,"master_deck":["Slimebound:Strike_Slimebound","Slimebound:Strike_Slimebound","Slimebound:Strike_Slimebound+1","Slimebound:Tackle+1","Slimebound:Defend_Slimebound","Slimebound:Defend_Slimebound","Slimebound:Defend_Slimebound","Slimebound:Defend_Slimebound","Slimebound:Split","Slimebound:CorrosiveSpit+1","Slimebound:RejuvenatingLick","Slimebound:Schlurp+1","Slimebound:RollThrough+1","Slimebound:AcidTongue+1","Slimebound:SamplingLick","Slimebound:SlimeSpikes+1","Doubt","Slimebound:SplitMire+1","Slimebound:OozeBath+1","Slimebound:SamplingLick","Shame","Slimebound:GoopSpray+1","Slimebound:LeadByExample+1","Slimebound:RainOfGoop+1","Slimebound:RallyTheTroops+1","Slimebound:DisruptingSlam+1","Slimebound:FirmFortitude+1","Slimebound:FirmFortitude","Slimebound:SplitLeeching","Slimebound:Nibble+1","Slimebound:SpikyOuterGoop+1","Slimebound:RejuvenatingLick","Slimebound:Nibble"],"relics":["Slimebound:AbsorbEndCombat","trackpad:SappingStone","halation:YellowSoulGem","ZombieTooth","downfall:HeartBlessingRed","Boot","downfall:HeartBlessingBlue","HollowMod:PaleOreRelic","ReplayTheSpireMod:Ring of Sloth","vexMod:ImprovementManual","downfall:HeartBlessingGreen","Orichalcum","hubris:CrystalStatue","downfall:RedIOU","hubris:Towel","aspiration:Stabinomicon","construct:FoamFinger","Tiny House","infinitespire:Satchel","SnailShell","Blood Vial","paleoftheancients:Timepiece","paleoftheancients:KeyRelic","Ice Cream","CultistMask"],"acts_visited":["Exordium","TheCity","TheBeyond","paleoftheancients:PaleOfTheAncients"],"potions_floor_usage":[10],"damage_taken":[{"damage":34,"enemies":"Gremlin Nob","floor":3,"turns":4},{"damage":4,"enemies":"Cultist","floor":5,"turns":3},{"damage":38,"enemies":"3 Sentries","floor":6,"turns":7},{"damage":4,"enemies":"Small Slimes","floor":9,"turns":2},{"damage":35,"enemies":"Gremlin Nob","floor":10,"turns":5},{"damage":0,"enemies":"2 Louse","floor":11,"turns":2},{"damage":6,"enemies":"3 Louse","floor":12,"turns":3},{"damage":2,"enemies":"2 Fungi Beasts","floor":15,"turns":3},{"damage":75,"enemies":"downfall:Silent","floor":16,"turns":10},{"damage":10,"enemies":"Spheric Guardian","floor":19,"turns":3},{"damage":8,"enemies":"Shell Parasite","floor":21,"turns":5},{"damage":10,"enemies":"Chosen and Byrds","floor":22,"turns":4},{"damage":16,"enemies":"Centurion and Healer","floor":23,"turns":5},{"damage":78,"enemies":"Book of Stabbing","floor":27,"turns":6},{"damage":17,"enemies":"conspire:HollyBat","floor":31,"turns":8},{"damage":0,"enemies":"Cultist and Chosen","floor":32,"turns":4},{"damage":27,"enemies":"downfall:Defect","floor":33,"turns":8},{"damage":6,"enemies":"3 Shapes","floor":36,"turns":6},{"damage":113,"enemies":"Giant Head","floor":38,"turns":9},{"damage":9,"enemies":"Orb Walker","floor":39,"turns":3},{"damage":16,"enemies":"HollowMod:StalkingDevout","floor":43,"turns":6},{"damage":9,"enemies":"Jaw Worm Horde","floor":45,"turns":4},{"damage":23,"enemies":"Sphere and 2 Shapes","floor":46,"turns":5},{"damage":31,"enemies":"Jaw Worm Horde","floor":47,"turns":5},{"damage":6,"enemies":"4 Shapes","floor":48,"turns":4},{"damage":36,"enemies":"Spire Growth","floor":49,"turns":5},{"damage":68,"enemies":"downfall:Ironclad","floor":50,"turns":13}],"seed_played":"-2354257294009679","potions_obtained":[{"floor":6,"key":"Block Potion"},{"floor":9,"key":"FairyPotion"},{"floor":11,"key":"BlessingOfTheForge"},{"floor":12,"key":"Energy Potion"},{"floor":45,"key":"SteroidPotion"}],"is_trial":false,"path_per_floor":["R","?","E","R","M","E","T","R","M","E","M","M","?","?","M","B",null,"R_BF","M","?","M","M","M","T","?","?","E","?","?","T","M","M","B",null,"R_BF","M","?","E","M","?","T","R","E","R","M","M","M","M","M","B"],"character_chosen":"SLIMEBOUND","items_purchased":[],"campfire_rested":2,"item_purchase_floors":[],"current_hp_per_floor":[60,60,38,56,60,45,45,55,69,57,65,70,70,70,70,43,70,70,70,70,70,70,70,70,70,70,18,25,25,25,18,36,55,75,75,75,67,38,41,41,41,63,75,75,74,68,68,75,59,75,75],"gold":694,"neow_bonus":"RANDOM_COMMON_RELIC","is_daily":false,"chose_seed":false,"campfire_upgraded":2,"win_rate":0.0,"timestamp":1608351340,"path_taken":["R","?","E","R","M","E","T","R","M","E","M","M","?","?","M","BOSS","R_BF","M","?","M","M","M","T","?","?","E","?","?","?","M","M","BOSS","R_BF","M","?","E","?","?","T","R","E","R","M","?","M","M","M","BOSS"],"items_purchased_type":[],"build_version":"2020-12-13","purchased_purges":0,"victory":false,"max_hp_per_floor":[60,60,60,60,60,60,60,70,70,70,70,70,70,70,70,70,70,70,70,70,70,70,70,70,70,70,70,70,70,70,70,70,70,75,75,75,75,75,75,75,75,75,75,75,75,75,75,75,75,75,75],"card_choices":[{"not_picked":["Slimebound:Grow","Slimebound:DouseInSlime"],"picked":"Slimebound:RejuvenatingLick","floor":3},{"not_picked":["Slimebound:BestDefense","Slimebound:ComboTackle"],"picked":"Slimebound:Schlurp","floor":5},{"not_picked":["Slimebound:ViciousTackle","Slimebound:ForwardTackle","Slimebound:Repurpose"],"picked":"SKIP","floor":6},{"not_picked":["Slimebound:AcidTongue","Slimebound:RejuvenatingLick"],"picked":"Slimebound:RollThrough","floor":9},{"not_picked":["Slimebound:SplitBruiser","Slimebound:WasteNot"],"picked":"Slimebound:AcidTongue","floor":10},{"not_picked":["Slimebound:SlimeBarrage","Slimebound:LeadByExample"],"picked":"Slimebound:SamplingLick","floor":11},{"not_picked":["Slimebound:GoopTackle","Slimebound:ProtectTheBoss"],"picked":"Slimebound:SlimeSpikes","floor":12},{"not_picked":["Slimebound:LeechingTouch","Slimebound:ForwardTackle"],"picked":"Slimebound:SplitMire","floor":15},{"not_picked":["Slimebound:Overexert","Slimebound:SelfFormingGoo"],"picked":"Slimebound:OozeBath","floor":16},{"not_picked":["Slimebound:Schlurp","Slimebound:LeechingTouch+1"],"picked":"Slimebound:SamplingLick","floor":19},{"not_picked":["Slimebound:Replication","Slimebound:LivingWall"],"picked":"Slimebound:GoopSpray+1","floor":21},{"not_picked":["Slimebound:SplitAcid","Slimebound:Equalize"],"picked":"Slimebound:LeadByExample+1","floor":22},{"not_picked":["Slimebound:ViciousTackle","Slimebound:Schlurp"],"picked":"Slimebound:RainOfGoop","floor":23},{"not_picked":["Slimebound:DisruptingSlam","Slimebound:SplitMire+1"],"picked":"Slimebound:RallyTheTroops","floor":27},{"not_picked":["Slimebound:Schlurp","Slimebound:PressTheAttack+1","Slimebound:SlimeTap+1"],"picked":"SKIP","floor":31},{"not_picked":["Slimebound:MinionMaster","Slimebound:LevelUp+1"],"picked":"Slimebound:FirmFortitude","floor":32},{"not_picked":["Slimebound:ComboTackle+1","Slimebound:Schlurp"],"picked":"Slimebound:FirmFortitude","floor":34},{"not_picked":["Slimebound:SlimeBrawl+1","Slimebound:GrowthPunch+1"],"picked":"Slimebound:SplitLeeching","floor":36},{"not_picked":["Slimebound:SlimeSlap","Slimebound:SplitBruiser+1"],"picked":"Slimebound:Nibble+1","floor":38},{"not_picked":["Slimebound:SplitLeeching+1","Slimebound:RollThrough"],"picked":"Slimebound:SpikyOuterGoop+1","floor":39},{"not_picked":["Slimebound:FinishingTackle","Slimebound:Dissolve"],"picked":"Slimebound:RejuvenatingLick","floor":43},{"not_picked":["Slimebound:FinishingTackle+1","Slimebound:SplitMire+1","Slimebound:ComboTackle"],"picked":"SKIP","floor":45},{"not_picked":["Slimebound:LeechingTouch","Slimebound:ViciousTackle","Slimebound:SplitLeeching+1"],"picked":"SKIP","floor":46},{"not_picked":["Slimebound:FlameTackle","Slimebound:Schlurp"],"picked":"Slimebound:Nibble","floor":47},{"not_picked":["Slimebound:Prepare","Slimebound:SamplingLick","Slimebound:SplitAcid+1"],"picked":"SKIP","floor":48},{"not_picked":["Slimebound:GrowthPunch+1","Slimebound:Chomp+1","Slimebound:DisruptingSlam"],"picked":"SKIP","floor":49}],"player_experience":92260,"relics_obtained":[{"floor":3,"key":"ZombieTooth"},{"floor":6,"key":"Boot"},{"floor":10,"key":"HollowMod:PaleOreRelic"},{"floor":14,"key":"ReplayTheSpireMod:Ring of Sloth"},{"floor":18,"key":"Orichalcum"},{"floor":24,"key":"Whetstone"},{"floor":27,"key":"aspiration:Stabinomicon"},{"floor":30,"key":"construct:FoamFinger"},{"floor":38,"key":"infinitespire:Satchel"},{"floor":41,"key":"SnailShell"},{"floor":43,"key":"Blood Vial"}],"event_choices":[{"damage_healed":0,"gold_gain":0,"player_choice":"Stole Relic","damage_taken":0,"relics_obtained":["hubris:CrystalStatue"],"max_hp_gain":0,"max_hp_loss":0,"event_name":"Addict","floor":20,"gold_loss":0,"cards_obtained":["Shame"]},{"damage_healed":0,"gold_gain":0,"player_choice":"Leave","damage_taken":0,"max_hp_gain":0,"max_hp_loss":0,"event_name":"conspire:Investor","floor":35,"gold_loss":0},{"damage_healed":0,"gold_gain":0,"player_choice":"Forge","damage_taken":0,"max_hp_gain":0,"max_hp_loss":0,"event_name":"Accursed Blacksmith","floor":40,"gold_loss":0,"cards_upgraded":["Slimebound:RainOfGoop"]}],"is_beta":false,"boss_relics":[{"not_picked":["aspiration:FutureDiary","hubris:TerracottaHorce"],"picked":"vexMod:ImprovementManual"},{"not_picked":["vexMod:TanglingVine","ReplayTheSpireMod:DimensionalGlitch"],"picked":"Tiny House"}],"items_purged_floors":[],"is_endless":false,"potions_floor_spawned":[6,9,11,12,16,21,22,23,31,36,45,47,48,49],"ascension_level":0}}