{"host":"1c52r9kaxdyo25eq","time":1608384527,"event":{"mods":["AchievementEnabler","BaseMod","Minty Spire (QoL Compilation)","Rare Cards Sparkle","SuperFastMode","everything is the same but u backflip on backflip"],"gold_per_floor":[117,117,136,211,211,211,245,245,298,314,314,334,334,349,349,425,425,425,340,340,340,53,53,53,53,53],"floor_reached":25,"playtime":557,"items_purged":["Strike_G"],"score":542,"play_id":"01cf3321-b3d1-45f3-8ce4-6708f27f1833","local_time":"20201219222847","is_ascension_mode":true,"campfire_choices":[{"data":"Neutralize","floor":6,"key":"SMITH"},{"data":"Masterful Stab","floor":8,"key":"SMITH"},{"data":"Dash","floor":13,"key":"SMITH"},{"data":"Caltrops","floor":15,"key":"SMITH"},{"floor":23,"key":"REST"}],"circlet_count":0,"master_deck":["AscendersBane","Strike_G+1","Strike_G","Strike_G+1","Defend_G","Defend_G","Defend_G","Defend_G","Survivor","Neutralize+1","Masterful Stab+1","Acrobatics","PiercingWail","Dash+1","Caltrops+1","Corpse Explosion","Apotheosis"],"relics":["Ring of the Snake","NeowsBlessing","Whetstone","Ancient Tea Set","Ectoplasm","Akabeko","Art of War"],"acts_visited":["Exordium","TheCity"],"potions_floor_usage":[16],"damage_taken":[{"damage":0,"enemies":"Jaw Worm","floor":1,"turns":1},{"damage":0,"enemies":"2 Louse","floor":3,"turns":1},{"damage":0,"enemies":"3 Sentries","floor":7,"turns":1},{"damage":0,"enemies":"Cultist","floor":10,"turns":3},{"damage":0,"enemies":"3 Louse","floor":12,"turns":3},{"damage":1,"enemies":"Exordium Thugs","floor":14,"turns":4},{"damage":30,"enemies":"The Guardian","floor":16,"turns":12},{"damage":0,"enemies":"3 Byrds","floor":18,"turns":3},{"damage":9,"enemies":"Chosen","floor":20,"turns":4},{"damage":33,"enemies":"Shelled Parasite and Fungi","floor":21,"turns":5},{"damage":6,"enemies":"Gremlin Leader","floor":24,"turns":7},{"damage":24,"enemies":"Sentry and Sphere","floor":25,"turns":5}],"seed_played":"-3163867228430375993","potions_obtained":[{"floor":7,"key":"Swift Potion"},{"floor":10,"key":"Energy Potion"},{"floor":21,"key":"Energy Potion"}],"is_trial":false,"path_per_floor":["M","?","M","?","?","R","E","R","T","M","?","M","R","M","R","B",null,"M","?","M","M","$","R","E","M"],"character_chosen":"THE_SILENT","items_purchased":["Apotheosis"],"campfire_rested":1,"item_purchase_floors":[22],"current_hp_per_floor":[59,52,52,41,41,41,41,41,41,41,41,41,41,40,40,10,52,52,52,43,10,10,29,23,0,0],"gold":53,"neow_bonus":"THREE_ENEMY_KILL","is_daily":false,"chose_seed":false,"campfire_upgraded":4,"win_rate":0.0,"timestamp":1608384527,"path_taken":["M","?","M","?","?","R","E","R","T","M","?","?","R","M","R","BOSS","M","?","M","M","$","R","E","M"],"items_purchased_type":["Card"],"build_version":"2020-12-13","purchased_purges":1,"victory":false,"max_hp_per_floor":[66,66,66,66,66,66,66,66,66,66,66,66,66,66,66,66,66,66,66,66,66,66,66,66,66,66],"card_choices":[{"not_picked":["Bane","PiercingWail"],"picked":"Masterful Stab","floor":1},{"not_picked":["PiercingWail","Sucker Punch"],"picked":"Acrobatics","floor":3},{"not_picked":["Outmaneuver","Expertise"],"picked":"PiercingWail","floor":7},{"not_picked":["Setup","Slice","Accuracy"],"picked":"SKIP","floor":10},{"not_picked":["Acrobatics","Die Die Die"],"picked":"Dash","floor":12},{"not_picked":["Dagger Spray","Backflip"],"picked":"Caltrops","floor":14},{"not_picked":["Wraith Form v2","Tools of the Trade"],"picked":"Corpse Explosion","floor":16},{"not_picked":["Flechettes","Outmaneuver","Flying Knee"],"picked":"SKIP","floor":18},{"not_picked":["Quick Slash+1","Blade Dance","Dagger Spray"],"picked":"SKIP","floor":20},{"not_picked":["Cloak And Dagger","Dodge and Roll+1","All Out Attack"],"picked":"SKIP","floor":21},{"not_picked":["Envenom","Finisher","Poisoned Stab"],"picked":"SKIP","floor":24},{"not_picked":["Envenom","Finisher","Poisoned Stab"],"picked":"SKIP","floor":24}],"player_experience":500123,"relics_obtained":[{"floor":7,"key":"Whetstone"},{"floor":9,"key":"Ancient Tea Set"},{"floor":24,"key":"Art of War"}],"event_choices":[{"cards_removed":["Strike_G"],"damage_healed":0,"gold_gain":0,"player_choice":"Card Removal","damage_taken":7,"max_hp_gain":0,"max_hp_loss":0,"event_name":"Golden Wing","floor":2,"gold_loss":0},{"damage_healed":0,"gold_gain":75,"player_choice":"Gather Gold","damage_taken":11,"max_hp_gain":0,"max_hp_loss":0,"event_name":"World of Goop","floor":4,"gold_loss":0},{"damage_healed":0,"gold_gain":0,"player_choice":"Ignored","damage_taken":0,"max_hp_gain":0,"max_hp_loss":0,"event_name":"Liars Game","floor":5,"gold_loss":0},{"cards_removed":["Defend_G"],"damage_healed":0,"gold_gain":0,"player_choice":"Purged","damage_taken":0,"max_hp_gain":0,"max_hp_loss":0,"event_name":"Purifier","floor":11,"gold_loss":0},{"damage_healed":0,"gold_gain":0,"player_choice":"Obtained Relic","damage_taken":0,"relics_obtained":["Akabeko"],"max_hp_gain":0,"max_hp_loss":0,"event_name":"Addict","floor":19,"gold_loss":85}],"is_beta":false,"boss_relics":[{"not_picked":["SacredBark","Tiny House"],"picked":"Ectoplasm"}],"items_purged_floors":[22],"is_endless":false,"potions_floor_spawned":[7,10,12,14,21],"killed_by":"Sentry and Sphere","ascension_level":20}}