{"host":"41o2x9tazfds4ymf","time":1608397574,"event":{"mods":["Act Like it!","BaseMod","Better Vampires","Colored Powertips","Gensokyo","Hallownest","Lobotomy","LobotomyExtend","Minty Spire (QoL Compilation)","Remilia（蕾米莉亚）","Shop Mod","StSLib","TestMod","Waifu the Spire","WarShipGirlsR/战舰少女R mod","[IsaacMod]以撒尖塔","【东方二次创作】八云紫mod"],"gold_per_floor":[113,213,237,263,298,349,349,390,440,440,440],"floor_reached":10,"playtime":358,"items_purged":[],"score":132,"play_id":"00a41b18-6a0a-4792-90ad-3b575abc0235","local_time":"20201220010614","is_ascension_mode":true,"campfire_choices":[],"circlet_count":0,"master_deck":["AscendersBane","SpecialBullet","SpecialBullet","SpecialBullet","SpecialBullet","SpecialBullet","SpecialBullet","SpecialBullet","SpecialBullet","EpicFetus","SecurityCode","InformationCode","ExtractionCode","CherryBlossoms","Soda","GrinderMk4","OSAHOGD","OldLady","ScreamingWedge","Wellcheers","SoundOfStar","FairyFestival"],"relics":["CogitoBucket","testmod-TestBox","HushsDoor","testmod-CasingShield","SatanicBible","NeowsBlessing","LetterFromLob","CeramicFish","GuppysPaw","testmod-OneHitWonder","Dream Catcher"],"acts_visited":["Hallownest:Greenpath"],"potions_floor_usage":[10],"damage_taken":[{"damage":0.0,"enemies":"Hallownest:2_MossCreeps","floor":1.0,"turns":1.0},{"damage":0.0,"enemies":"Hallownest:monsterHuskGuard","floor":4.0,"turns":1.0},{"damage":0.0,"enemies":"Hallownest:2_Baldur","floor":5.0,"turns":1.0},{"damage":37.0,"enemies":"Hallownest:eliteMossKnight","floor":6.0,"turns":9.0},{"damage":49,"enemies":"Hallownest:eliteCrystalGuardian","floor":8,"turns":6},{"damage":16,"enemies":"Hallownest:eliteMossKnight","floor":10,"turns":1}],"seed_played":"5137528645676132541","potions_obtained":[{"floor":1.0,"key":"Dexterity Potion"}],"is_trial":false,"path_per_floor":["M","?","T","M","M","E","R","E","T","E"],"character_chosen":"Angela","items_purchased":[],"campfire_rested":0,"item_purchase_floors":[],"current_hp_per_floor":[69,69,69,69,69,50,50,15,15,0,0],"gold":440,"neow_bonus":"THREE_ENEMY_KILL","is_daily":false,"chose_seed":false,"campfire_upgraded":0,"win_rate":0.0,"timestamp":1608397574,"path_taken":["M","?","?","M","M","E","R","E","T","E"],"items_purchased_type":[],"build_version":"2020-12-13","purchased_purges":0,"victory":false,"max_hp_per_floor":[69,69,69,69,69,69,69,69,69,69,69],"card_choices":[{"not_picked":[],"picked":"EpicFetus","floor":0.0},{"not_picked":["VoidDream","Murderer"],"picked":"CherryBlossoms","floor":1.0},{"not_picked":["RapturousDream"],"picked":"Soda","floor":1.0},{"not_picked":["RapturousDream"],"picked":"GrinderMk4","floor":2.0},{"not_picked":["LaLuna","BeautyBeast"],"picked":"OSAHOGD","floor":4.0},{"not_picked":["Amita","RedEyes"],"picked":"SKIP","floor":4.0},{"not_picked":["Wellcheers","CrumblingArmor"],"picked":"OldLady","floor":5.0},{"not_picked":["Galaxy"],"picked":"ScreamingWedge","floor":5.0},{"not_picked":["UniverseFragment","PunishingBird"],"picked":"Wellcheers","floor":6.0},{"not_picked":["SwordSharpenedByTears"],"picked":"SoundOfStar","floor":6.0},{"not_picked":["TodaysExpression","Logging"],"picked":"SKIP","floor":6.0},{"not_picked":["Scarecrow","SpiderBud","Murderer"],"picked":"Singing Bowl","floor":8},{"not_picked":["NakedNest","Murderer"],"picked":"FairyFestival","floor":8},{"not_picked":["CrimsonScar","Lantern","CUTE"],"picked":"SKIP","floor":8}],"player_experience":323138,"relics_obtained":[{"floor":1.0,"key":"LetterFromLob"},{"floor":3.0,"key":"CeramicFish"},{"floor":6.0,"key":"GuppysPaw"},{"floor":8,"key":"testmod-OneHitWonder"},{"floor":9,"key":"Dream Catcher"}],"event_choices":[],"is_beta":false,"boss_relics":[],"items_purged_floors":[],"is_endless":false,"potions_floor_spawned":[1],"killed_by":"Hallownest:eliteMossKnight","ascension_level":20}}