{"host":"qwv9nni2x0umspiu","time":1608354558,"event":{"mods":["BaseMod","Downfall","Minty Spire (QoL Compilation)","Replay The Spire","StSLib","The Hierophant","Wandering Minibosses"],"gold_per_floor":[117,117,117,140,153,180,199,194,194,206,206,222,222,238,238,306,306,309,286,296,296,306,306,188,188,212,226,244,144,156,156,156,156,156],"floor_reached":33,"playtime":1279,"items_purged":["hierophant:Strike_Hierophant","hierophant:Defend_Hierophant"],"score":642,"play_id":"fa456a1c-396f-4cba-a5d0-d7d55bebcc52","local_time":"20201218210918","is_ascension_mode":true,"campfire_choices":[{"data":"hierophant:Punish","floor":11,"key":"SMITH"},{"data":"hierophant:Exaltation","floor":13,"key":"SMITH"},{"data":"hierophant:SealAway","floor":15,"key":"SMITH"},{"floor":23,"key":"REST"},{"data":"hierophant:Zeal","floor":25,"key":"SMITH"}],"circlet_count":0,"master_deck":["AscendersBane","hierophant:Strike_Hierophant","hierophant:Strike_Hierophant","hierophant:Strike_Hierophant","hierophant:Punish+1","hierophant:Defend_Hierophant","hierophant:Defend_Hierophant","hierophant:Defend_Hierophant","hierophant:ChurchCoffers+1","hierophant:SealAway+1","hierophant:Exaltation+1","hierophant:Zeal+1","hierophant:ArchangelShield+1","hierophant:Chorus+1"],"relics":["hierophant:PropheticMaskRelic","NeowsBlessing","ReplayTheSpireMod:TigerMarble","ReplayTheSpireMod:Shallot","Calipers","SlaversCollar","Simple Rune","Replay:Baseball"],"acts_visited":["Exordium","TheCity"],"potions_floor_usage":[10,16,16,20,22,22,30,30],"damage_taken":[{"damage":0,"enemies":"2 Louse","floor":1,"turns":1},{"damage":0,"enemies":"Cultist","floor":5,"turns":1},{"damage":0,"enemies":"Gremlin Nob","floor":6,"turns":1},{"damage":1,"enemies":"Jaw Worm","floor":7,"turns":3},{"damage":0,"enemies":"Lots of Slimes","floor":8,"turns":2},{"damage":0,"enemies":"2 Fungi Beasts","floor":10,"turns":1},{"damage":0,"enemies":"Gremlin Gang","floor":12,"turns":2},{"damage":3,"enemies":"Red Slaver","floor":14,"turns":2},{"damage":33,"enemies":"Slime Boss","floor":16,"turns":1},{"damage":23,"enemies":"Shell Parasite","floor":18,"turns":4},{"damage":0,"enemies":"3 Byrds","floor":19,"turns":3},{"damage":27,"enemies":"Snake Plant","floor":20,"turns":4},{"damage":9,"enemies":"Snecko","floor":22,"turns":4},{"damage":0,"enemies":"Sentry and Sphere","floor":27,"turns":3},{"damage":0,"enemies":"Centurion and Healer","floor":28,"turns":4},{"damage":28,"enemies":"Replay:Snechameleon","floor":30,"turns":6},{"damage":5,"enemies":"Automaton","floor":33,"turns":4}],"seed_played":"-4146121895931275048","potions_obtained":[{"floor":5,"key":"BlessingOfTheForge"},{"floor":7,"key":"Fire Potion"},{"floor":10,"key":"Explosive Potion"},{"floor":12,"key":"AttackPotion"},{"floor":16,"key":"BlessingOfTheForge"},{"floor":18,"key":"Dexterity Potion"},{"floor":20,"key":"sneckomod:MuddlingPotion"},{"floor":22,"key":"hexamod:EctoCoolerPotion"},{"floor":28,"key":"Toxic Potion"}],"is_trial":false,"path_per_floor":["M","?","$","T","M","E","M","M","T","M","R","M","R","M","R","B",null,"M","M","M","?","M","R","$","R","T","M","M","$","E","?","R","B"],"character_chosen":"HIEROPHANT","items_purchased":["hierophant:ArchangelShield"],"campfire_rested":1,"item_purchase_floors":[24],"current_hp_per_floor":[68,68,68,68,68,68,67,67,67,67,67,67,67,71,71,38,66,43,43,16,16,7,29,29,29,29,33,33,33,5,5,27,22,22],"gold":156,"neow_bonus":"THREE_ENEMY_KILL","is_daily":false,"chose_seed":false,"campfire_upgraded":4,"win_rate":0.0,"timestamp":1608354558,"path_taken":["M","?","$","?","?","E","M","M","T","?","R","M","R","M","R","BOSS","M","M","M","?","?","R","?","R","T","M","M","$","E","?","R","BOSS"],"items_purchased_type":["Card"],"build_version":"2020-12-13","purchased_purges":2,"victory":false,"max_hp_per_floor":[75,75,75,75,75,75,75,75,75,75,75,75,75,75,75,75,75,75,75,75,75,75,75,75,75,75,75,75,75,75,75,75,75,75],"card_choices":[{"not_picked":["hierophant:ThreeLashes","hierophant:FlamingChariot","hierophant:Flagellation"],"picked":"SKIP","floor":1},{"not_picked":["hierophant:SecretStash","hierophant:Charity"],"picked":"hierophant:SealAway","floor":5},{"not_picked":["hierophant:AuricForm","hierophant:RepressedViolence","hierophant:RustyCrate"],"picked":"SKIP","floor":6},{"not_picked":["hierophant:MirrorShield","hierophant:ThreeLashes","hierophant:EyeForCoin"],"picked":"SKIP","floor":7},{"not_picked":["hierophant:HolyVerse","hierophant:PassingBell","hierophant:Sermon"],"picked":"SKIP","floor":8},{"not_picked":["hierophant:Invocation","hierophant:OrnateBuckler","hierophant:RustyCrate"],"picked":"SKIP","floor":10},{"not_picked":["hierophant:Doubloon","hierophant:Empathy"],"picked":"hierophant:Exaltation","floor":12},{"not_picked":["hierophant:Remorse","hierophant:FlamingChariot","hierophant:RepressedViolence"],"picked":"SKIP","floor":14},{"not_picked":["hierophant:ArchangelShield","hierophant:SealAway","hierophant:Remorse"],"picked":"SKIP","floor":18},{"not_picked":["hierophant:Glossolalia","hierophant:RepressedViolence","hierophant:DisplayOfPower"],"picked":"SKIP","floor":19},{"not_picked":["hierophant:DisplayOfPower","hierophant:Purify"],"picked":"hierophant:Zeal","floor":20},{"not_picked":["hierophant:Doubloon+1","hierophant:Sermon","hierophant:AuricShield+1"],"picked":"SKIP","floor":22},{"not_picked":["hierophant:PristineSoul","hierophant:OrnateBuckler","hierophant:AuricForm"],"picked":"SKIP","floor":27},{"not_picked":["hierophant:Rebuild","hierophant:AuricShield","hierophant:Dazzle"],"picked":"SKIP","floor":28},{"not_picked":["hierophant:PassingBell","hierophant:Embezzle"],"picked":"hierophant:Chorus","floor":30}],"player_experience":1271358,"relics_obtained":[{"floor":4,"key":"ReplayTheSpireMod:TigerMarble"},{"floor":6,"key":"ReplayTheSpireMod:Shallot"},{"floor":9,"key":"Calipers"},{"floor":26,"key":"Simple Rune"},{"floor":30,"key":"Replay:Baseball"}],"event_choices":[{"damage_healed":0,"gold_gain":0,"player_choice":"Upgraded","damage_taken":0,"max_hp_gain":0,"max_hp_loss":0,"event_name":"Upgrade Shrine","floor":2,"gold_loss":0,"cards_upgraded":["hierophant:ChurchCoffers"]},{"damage_healed":0,"gold_gain":0,"player_choice":"Ignored","damage_taken":0,"max_hp_gain":0,"max_hp_loss":0,"event_name":"N\u0027loth","floor":21,"gold_loss":0},{"damage_healed":0,"gold_gain":0,"player_choice":"Upgraded","damage_taken":0,"max_hp_gain":0,"max_hp_loss":0,"event_name":"Upgrade Shrine","floor":31,"gold_loss":0,"cards_upgraded":["hierophant:Chorus"]}],"is_beta":false,"boss_relics":[{"not_picked":["Replay:Ancient Bell","Philosopher\u0027s Stone"],"picked":"SlaversCollar"}],"items_purged_floors":[24,29],"is_endless":false,"potions_floor_spawned":[5,7,10,12,16,18,20,22,28],"killed_by":"Automaton","ascension_level":20}}