{"host":"25hwxgnshg5vqzox","time":1608414628,"event":{"mods":["BaseMod","Colored Map","Downfall","Googly Eyes","Highlight Path","Minty Spire (QoL Compilation)","Replay The Spire","StSLib"],"gold_per_floor":[113,113,132,147,160,195,195,210,210,136,106,116,133,150,150,250,250,264,264,289,289,289,305,129,129,129,129,129,161,176,27,39,50,50,153,153,163,182,182,182],"floor_reached":39,"playtime":2834,"items_purged":[],"score":455,"play_id":"e7982f59-a7e7-4275-9f5a-97d5b9262297","local_time":"20201219215028","is_ascension_mode":false,"campfire_choices":[{"floor":7,"key":"REST"},{"data":"Blade Dance","floor":15,"key":"SMITH"},{"data":"Slice","floor":25,"key":"SMITH"},{"floor":27,"key":"REST"},{"floor":34,"key":"REST"}],"circlet_count":0,"master_deck":["Defend_G","Defend_G+1","Defend_G","Defend_G+1","Survivor","Neutralize","Venomology+1","Blade Dance+1","Slice+1","Draining Mist","Bouncing Flask","Deflect","Crippling Poison+1","Riddle With Holes","Flying Knee","Choke","Replay:Bag of Tricks+1","Escape Plan+1","Burst+1","After Image+1","Endless Agony","Bite","Bite","Bite","Bite","Bite","Sucker Punch","Deadly Poison+1","expansioncontent:StudyTheSpire+1","Swift Strike+1","Violence+1","Slimebound:Icky","Hidden Blade","Quick Slash","Noxious Fumes+1","Skewer+1","Deadly Poison+1","Escape Plan","Envenom+1","Bouncing Flask+1","Dash"],"relics":["Ring of the Snake","Golden Egg","Potion Belt","Astrolabe","ReplayFunnel","ReplayTheSpireMod:ShopPack","Simple Rune","Gambling Chip","Pantograph","ChewingGum"],"acts_visited":["Exordium","TheCity","TheBeyond"],"potions_floor_usage":[6,8,12,16,18,29,29,30,32,32,32,35,35,35,35,37,38,39,39],"damage_taken":[{"damage":2,"enemies":"Small Slimes","floor":1,"turns":5},{"damage":0,"enemies":"Cultist","floor":3,"turns":4},{"damage":0,"enemies":"Jaw Worm","floor":4,"turns":4},{"damage":5,"enemies":"Exordium Thugs","floor":5,"turns":5},{"damage":14,"enemies":"3 Sentries","floor":6,"turns":14},{"damage":0,"enemies":"Looter","floor":8,"turns":4},{"damage":4,"enemies":"Red Slaver","floor":12,"turns":2},{"damage":1,"enemies":"Exordium Wildlife","floor":13,"turns":3},{"damage":10,"enemies":"2 Fungi Beasts","floor":14,"turns":3},{"damage":31,"enemies":"Fading Forest","floor":16,"turns":11},{"damage":0,"enemies":"Chosen","floor":18,"turns":5},{"damage":16,"enemies":"Spheric Guardian","floor":23,"turns":4},{"damage":37,"enemies":"Slavers","floor":29,"turns":6},{"damage":12,"enemies":"Centurion and Healer","floor":30,"turns":5},{"damage":4,"enemies":"Sentry and Sphere","floor":32,"turns":6},{"damage":21,"enemies":"Cultist and Chosen","floor":33,"turns":7},{"damage":45,"enemies":"Collector","floor":35,"turns":11},{"damage":33,"enemies":"3 Darklings","floor":37,"turns":4},{"damage":2,"enemies":"Orb Walker","floor":38,"turns":3},{"damage":39,"enemies":"Jaw Worm Horde","floor":39,"turns":4}],"seed_played":"-5085553521465474223","potions_obtained":[{"floor":1,"key":"Explosive Potion"},{"floor":11,"key":"Weak Potion"},{"floor":11,"key":"Explosive Potion"},{"floor":13,"key":"Strength Potion"},{"floor":14,"key":"CunningPotion"},{"floor":29,"key":"Languid Potion"},{"floor":30,"key":"Dexterity Potion"},{"floor":32,"key":"Cursed Concoction"},{"floor":38,"key":"Languid Potion"}],"is_trial":false,"path_per_floor":["M","?","M","M","M","E","R","M","T","$","?","M","M","M","R","B",null,"M","?","T","PTL","PTL","M","$","R","?","R","T","E","M","$","M","M","R","B",null,"M","M","M"],"character_chosen":"THE_SILENT","items_purchased":["Crippling Poison","ReplayTheSpireMod:ShopPack","Deadly Poison","Noxious Fumes","Skewer"],"campfire_rested":3,"item_purchase_floors":[10,24,24,31,31],"current_hp_per_floor":[68,68,68,68,63,49,70,70,70,70,70,66,65,55,55,34,70,70,49,49,49,49,37,37,37,37,49,49,22,20,20,28,17,31,16,49,18,20,0,0],"gold":182,"neow_bonus":"ONE_RANDOM_RARE_CARD","is_daily":false,"chose_seed":false,"campfire_upgraded":2,"win_rate":0.0,"timestamp":1608414628,"path_taken":["M","?","?","M","M","E","R","M","T","$","?","?","M","M","R","BOSS","M","?","?","PTL","PTL","?","$","R","?","R","T","E","M","?","?","M","R","BOSS","M","M","M"],"items_purchased_type":["Card","Relic","Card","Card","Card"],"build_version":"2020-12-13","purchased_purges":0,"victory":false,"max_hp_per_floor":[70,70,70,70,70,70,70,70,70,70,70,70,70,70,70,70,70,70,49,49,49,49,49,49,49,49,49,49,49,49,49,49,49,49,49,49,49,49,49,49],"card_choices":[{"not_picked":["ReplayTheSpireMod:Exploit Weakness","Dagger Throw"],"picked":"Blade Dance","floor":1},{"not_picked":["Outmaneuver","Acrobatics","Dagger Throw"],"picked":"SKIP","floor":3},{"not_picked":["Outmaneuver","Infinite Blades"],"picked":"Slice","floor":4},{"not_picked":["ReplayTheSpireMod:Speed Training","Backflip"],"picked":"Draining Mist","floor":5},{"not_picked":["Masterful Stab","Backflip"],"picked":"Bouncing Flask","floor":6},{"not_picked":["Expertise","Outmaneuver"],"picked":"Deflect","floor":8},{"not_picked":["Choke","Calculated Gamble"],"picked":"Riddle With Holes","floor":12},{"not_picked":["Slice","Sucker Punch"],"picked":"Flying Knee","floor":13},{"not_picked":["ReplayTheSpireMod:Exploit Weakness","Doppelganger"],"picked":"Choke","floor":14},{"not_picked":["A Thousand Cuts","Night Terror"],"picked":"Replay:Bag of Tricks","floor":16},{"not_picked":["Dagger Spray+1","Backflip"],"picked":"Endless Agony","floor":18},{"not_picked":["Choke+1","Acrobatics"],"picked":"Sucker Punch","floor":23},{"not_picked":["Crow Ritual","Metamorphosis"],"picked":"expansioncontent:StudyTheSpire","floor":24},{"not_picked":["expansioncontent:Hexaburn","Replay:Sssssssssshield"],"picked":"Swift Strike","floor":24},{"not_picked":["Replay:SS_hec_1","Survey Options"],"picked":"Violence","floor":24},{"not_picked":["Backflip","Acrobatics"],"picked":"Hidden Blade","floor":29},{"not_picked":["Underhanded Strike+1","After Image"],"picked":"Quick Slash","floor":30},{"not_picked":["Poisoned Stab","Dagger Throw"],"picked":"Deadly Poison+1","floor":32},{"not_picked":["Endless Agony","Bouncing Flask"],"picked":"Escape Plan","floor":33},{"not_picked":["Wraith Form v2","A Thousand Cuts"],"picked":"Envenom","floor":35},{"not_picked":["All Out Attack+1","Prepared"],"picked":"Bouncing Flask+1","floor":37},{"not_picked":["PiercingWail","Masterful Stab+1"],"picked":"Dash","floor":38}],"player_experience":30707,"relics_obtained":[{"floor":6,"key":"Golden Egg"},{"floor":9,"key":"Potion Belt"},{"floor":20,"key":"ReplayFunnel"},{"floor":28,"key":"Gambling Chip"},{"floor":29,"key":"Pantograph"}],"event_choices":[{"damage_healed":0,"gold_gain":0,"player_choice":"Upgraded","damage_taken":0,"max_hp_gain":0,"max_hp_loss":0,"event_name":"Upgrade Shrine","floor":2,"gold_loss":0,"cards_upgraded":["Venomology"]},{"damage_healed":0,"gold_gain":0,"player_choice":"Bought 2 Potions","damage_taken":0,"max_hp_gain":0,"max_hp_loss":0,"event_name":"The Woman in Blue","floor":11,"gold_loss":0},{"damage_healed":0,"gold_gain":0,"player_choice":"Became a vampire","damage_taken":0,"max_hp_gain":0,"max_hp_loss":21,"event_name":"Vampires","floor":19,"gold_loss":0,"cards_obtained":["Bite","Bite","Bite","Bite","Bite"]}],"is_beta":false,"boss_relics":[{"not_picked":["Ectoplasm","Snecko Scales"],"picked":"Astrolabe"},{"not_picked":["Fusion Hammer","Replay:Bronze Core"],"picked":"ChewingGum"}],"items_purged_floors":[],"is_endless":false,"potions_floor_spawned":[1,4,8,13,14,29,30,32,33,38],"killed_by":"Jaw Worm Horde","ascension_level":0}}