{"host":"jewdtr7eremy7cl3","time":1608399953,"event":{"mods":["ATMod(阿瑾Mod)","Act Like it!","BaseMod","Dio Mod","Dota2Spire","Gensokyo","Minty Spire (QoL Compilation)","Remilia（蕾米莉亚）","Spicy Shops","StSLib","The Alterego","The Cursed","The Forsaken","TheWitcher","WarShipGirlsR/战舰少女R mod","Youmu（魂魄妖梦）","【东方二次创作】八云紫mod"],"gold_per_floor":[115,115,126,12,25,60,74,105,105,116,146,76,2,2,2,106,106,117,130,130,150,4,31,47,63,63,89,100,25,25,25,25,25,25],"floor_reached":33,"playtime":2239,"items_purged":[],"score":332,"play_id":"ebe48cd4-6dc0-4434-871b-a3d039f05614","local_time":"20201220014553","is_ascension_mode":false,"campfire_choices":[{"floor":15,"key":"REST"},{"floor":32,"key":"REST"}],"circlet_count":0,"master_deck":["theForsaken:TheForsaken_Strike","theForsaken:TheForsaken_Strike+1","theForsaken:TheForsaken_Strike","theForsaken:TheForsaken_Strike+1","theForsaken:TheForsaken_Defend","theForsaken:TheForsaken_Defend","theForsaken:TheForsaken_Defend","theForsaken:Penitence","theForsaken:RainingSunlight","theForsaken:InspiringBlow","theForsaken:WardingHymn","theForsaken:PreciseStrike","theForsaken:ShieldCharge","theForsaken:Devotion","theForsaken:PowerUp","theForsaken:Confusion","theForsaken:Horror","theForsaken:SacredOath","theForsaken:WordsOfMight+1","theForsaken:CleansingLight","theForsaken:Riposte","theForsaken:QuickAttack","theForsaken:CorruptedWord+1","theForsaken:FatRoll+1","theForsaken:BindingThorns+1","theForsaken:WordsOfPestilence","theForsaken:Thunderbolt","theForsaken:FountainOfLife"],"relics":["theForsaken:JudgementScales","AT_ATBox","NeowsBlessing","Happy Flower","AT_RedTearstoneRing","Bag of Preparation","SnafuTest:BearRelic","White Beast Statue","Ornamental Fan","Sling","AT_TrinityForce","Dota2Spire:ArmletOfMordiggian","Toxic Egg 2","SnafuTest:CatRelic","Blood Vial"],"acts_visited":["Gensokyo:Gensokyo","Gensokyo:Gensokyoer"],"potions_floor_usage":[8,11,16,16,21,23,27,28,28],"damage_taken":[{"damage":0,"enemies":"Gensokyo:2_Kodama","floor":1,"turns":1},{"damage":0,"enemies":"Gensokyo:Python","floor":3,"turns":1},{"damage":0,"enemies":"Gensokyo:Gryphon","floor":5,"turns":1},{"damage":32,"enemies":"Gensokyo:Cirno","floor":6,"turns":5},{"damage":3,"enemies":"Gensokyo:5_Fairies","floor":7,"turns":3},{"damage":6,"enemies":"Gensokyo:Mamizou","floor":8,"turns":7},{"damage":9,"enemies":"Gensokyo:Kitsune","floor":10,"turns":3},{"damage":11,"enemies":"Gensokyo:Aya","floor":11,"turns":5},{"damage":24,"enemies":"Gensokyo:Kokoro","floor":16,"turns":12},{"damage":19,"enemies":"Gensokyo:AngelMirror","floor":18,"turns":4},{"damage":0,"enemies":"Gensokyo:2_Gloops","floor":19,"turns":4},{"damage":24,"enemies":"Gensokyo:Slime_Group","floor":21,"turns":4},{"damage":10,"enemies":"Gensokyo:Koishi","floor":23,"turns":5},{"damage":9,"enemies":"Gensokyo:Mirror_and_Dog","floor":24,"turns":2},{"damage":0,"enemies":"Gensokyo:Swordslinger","floor":25,"turns":1},{"damage":0,"enemies":"Gensokyo:Reisen","floor":27,"turns":1},{"damage":0,"enemies":"Gensokyo:Slime_Group","floor":28,"turns":1},{"damage":80,"enemies":"Gensokyo:Eternal_Rivals","floor":33,"turns":2}],"seed_played":"-204004489296106548","potions_obtained":[{"floor":3,"key":"DuplicationPotion"},{"floor":7,"key":"Regen Potion"},{"floor":10,"key":"EssenceOfSteel"},{"floor":11,"key":"SteroidPotion"},{"floor":16,"key":"Regen Potion"},{"floor":18,"key":"FearPotion"},{"floor":19,"key":"Swift Potion"},{"floor":21,"key":"Weak Potion"},{"floor":23,"key":"Dota2Spire:Clarity"},{"floor":24,"key":"Energy Potion"},{"floor":27,"key":"ColorlessPotion"},{"floor":28,"key":"EntropicBrew"}],"is_trial":false,"path_per_floor":["M","?","M","$","M","E","M","E","T","M","E","?","$","$","R","B",null,"M","M","?","M","$","E","M","M","T","E","M","$","?","$","R","B"],"character_chosen":"THE_FORSAKEN","items_purchased":["AT_RedTearstoneRing","theForsaken:WardingHymn","Sling","Dota2Spire:ArmletOfMordiggian","theForsaken:FountainOfLife"],"campfire_rested":2,"item_purchase_floors":[4,4,13,22,29],"current_hp_per_floor":[65,65,65,65,65,33,30,39,39,30,19,19,19,19,38,14,65,46,46,46,27,27,17,8,8,8,8,10,10,10,10,29,0,0],"gold":25,"neow_bonus":"THREE_ENEMY_KILL","is_daily":false,"chose_seed":false,"campfire_upgraded":0,"win_rate":0.0,"timestamp":1608399953,"path_taken":["M","?","M","?","M","E","M","E","T","M","E","?","?","$","R","BOSS","M","M","?","M","$","E","M","M","T","E","?","?","?","?","R","BOSS"],"items_purchased_type":["Relic","Card","Relic","Relic","Card"],"build_version":"2020-12-13","purchased_purges":0,"victory":false,"max_hp_per_floor":[65,65,65,65,65,65,65,65,65,65,65,65,65,65,65,65,65,65,65,65,65,65,65,65,65,65,65,65,65,65,65,65,65,65],"card_choices":[{"not_picked":["theForsaken:Parry","theForsaken:Preservation"],"picked":"theForsaken:RainingSunlight","floor":1},{"not_picked":["theForsaken:BlightOfFamine","theForsaken:DefensiveStance"],"picked":"theForsaken:InspiringBlow","floor":3},{"not_picked":["theForsaken:BottledPlague","theForsaken:NobleSacrifice"],"picked":"theForsaken:PreciseStrike","floor":5},{"not_picked":["theForsaken:FuryStrikes","theForsaken:PanicDive"],"picked":"theForsaken:ShieldCharge","floor":6},{"not_picked":["theForsaken:BottledPlague","theForsaken:FuryStrikes"],"picked":"theForsaken:Devotion","floor":7},{"not_picked":["theForsaken:HorrifyingStrike","theForsaken:NobleSacrifice"],"picked":"theForsaken:PowerUp","floor":8},{"not_picked":["theForsaken:PreciseStrike","theForsaken:ScorchingSunlight"],"picked":"theForsaken:Confusion","floor":10},{"not_picked":["theForsaken:FuryStrikes","theForsaken:CreepingInfection"],"picked":"theForsaken:Horror","floor":11},{"not_picked":["theForsaken:Temperance","theForsaken:CorruptedForm"],"picked":"theForsaken:SacredOath","floor":16},{"not_picked":["theForsaken:ScorchingSunlight","theForsaken:ShieldBash+1"],"picked":"theForsaken:WordsOfMight+1","floor":18},{"not_picked":["theForsaken:FatRoll","theForsaken:Thunderbolt"],"picked":"theForsaken:CleansingLight","floor":19},{"not_picked":["theForsaken:CowardsBrand","theForsaken:RainingSunlight"],"picked":"theForsaken:QuickAttack","floor":21},{"not_picked":["theForsaken:NobleSacrifice+1","theForsaken:BlightOfFamine+1"],"picked":"theForsaken:CorruptedWord+1","floor":23},{"not_picked":["theForsaken:QuickAttack","theForsaken:StoreUp+1"],"picked":"theForsaken:FatRoll+1","floor":24},{"not_picked":["theForsaken:LightRoll+1","theForsaken:ShieldBash+1"],"picked":"theForsaken:BindingThorns+1","floor":25},{"not_picked":["theForsaken:QuickAttack+1","theForsaken:Eulogy+1"],"picked":"theForsaken:WordsOfPestilence","floor":27},{"not_picked":["theForsaken:Preservation+1","theForsaken:NobleSacrifice+1"],"picked":"theForsaken:Thunderbolt","floor":28}],"player_experience":87842,"relics_obtained":[{"floor":6,"key":"Bag of Preparation"},{"floor":8,"key":"SnafuTest:BearRelic"},{"floor":9,"key":"White Beast Statue"},{"floor":11,"key":"Ornamental Fan"},{"floor":23,"key":"Toxic Egg 2"},{"floor":26,"key":"SnafuTest:CatRelic"},{"floor":27,"key":"Blood Vial"}],"event_choices":[],"is_beta":false,"boss_relics":[{"not_picked":["Snecko Eye","Runic Dome"],"picked":"AT_TrinityForce"}],"items_purged_floors":[],"is_endless":false,"potions_floor_spawned":[3,7,10,11,16,18,19,21,23,24,25,27,28],"killed_by":"Gensokyo:Eternal_Rivals","ascension_level":0}}