{"host":"cc187","time":1608401597,"event":{"mods":["AchievementEnabler","BaseMod","Bestiary","Colored Map","Colored Powertips","Highlight Path","Keyboard Shortcuts","Minty Spire (QoL Compilation)","Quick Restart","Rare Cards Sparkle","Relic Stats","StSLib","SuperFastMode","Synergy Search"],"gold_per_floor":[114,128,45,45,45,76,76,97,97,135,60,96,109,109,109,202,202,223,148,148,63,63,63,63,104,104,104,117,117,153,53,53,148,148,162,181,181,206,219,219,255,255,255,255,268,299,323,339,339,339],"floor_reached":51,"playtime":4851,"items_purged":["Strike_G","Defend_G"],"score":1316,"play_id":"3f2b4a3d-309d-4799-b519-765a8d8343f3","local_time":"20201219181317","is_ascension_mode":true,"campfire_choices":[{"data":"Blade Dance","floor":7,"key":"SMITH"},{"floor":15,"key":"REST"},{"data":"Venomology","floor":23,"key":"SMITH"},{"floor":27,"key":"REST"},{"floor":29,"key":"REST"},{"floor":32,"key":"DIG"},{"data":"Night Terror","floor":40,"key":"SMITH"},{"floor":44,"key":"REST"},{"floor":49,"key":"DIG"}],"circlet_count":0,"master_deck":["AscendersBane","Strike_G","Strike_G","Defend_G","Defend_G","Defend_G+1","Defend_G+1","Survivor","Neutralize","Blur","Blade Dance+1","Footwork","Blur","Escape Plan","Venomology+1","Tools of the Trade+1","CurseOfTheBell","Backflip","Acrobatics","Cloak And Dagger+1","Night Terror+1","Choke","PiercingWail","Writhe","Dodge and Roll","After Image+1","Well Laid Plans+1","Cloak And Dagger+1","Leg Sweep"],"relics":["WristBlade","Golden Idol","Sundial","Gremlin Horn","Frozen Egg 2","War Paint","CultistMask","Calling Bell","Boot","Mercury Hourglass","Gambling Chip","Potion Belt","Vajra","Shovel","Mummified Hand","Girya","HoveringKite","InkBottle","TungstenRod","PreservedInsect","Mango"],"acts_visited":["Exordium","TheCity","TheBeyond"],"potions_floor_usage":[6,12,12,13,16,16,25,25,25,30,30,30,33,35,38,38,38,39,39,39,45,46,48,48,50,50,50,50,50],"damage_taken":[{"damage":2,"enemies":"2 Louse","floor":1,"turns":4},{"damage":0,"enemies":"Small Slimes","floor":2,"turns":4},{"damage":17,"enemies":"3 Sentries","floor":6,"turns":9},{"damage":0,"enemies":"Cultist","floor":8,"turns":2},{"damage":1,"enemies":"Lagavulin","floor":10,"turns":10},{"damage":36,"enemies":"3 Sentries","floor":12,"turns":14},{"damage":0,"enemies":"Looter","floor":13,"turns":2},{"damage":6,"enemies":"Slime Boss","floor":16,"turns":13},{"damage":2,"enemies":"Shell Parasite","floor":18,"turns":5},{"damage":2,"enemies":"Chosen","floor":22,"turns":5},{"damage":25,"enemies":"Book of Stabbing","floor":25,"turns":6},{"damage":0,"enemies":"Centurion and Healer","floor":28,"turns":10},{"damage":2,"enemies":"Gremlin Leader","floor":30,"turns":6},{"damage":36,"enemies":"Champ","floor":33,"turns":15},{"damage":2,"enemies":"3 Darklings","floor":35,"turns":6},{"damage":0,"enemies":"3 Shapes","floor":36,"turns":4},{"damage":0,"enemies":"Sphere and 2 Shapes","floor":38,"turns":6},{"damage":7,"enemies":"Spire Growth","floor":39,"turns":8},{"damage":16,"enemies":"Nemesis","floor":41,"turns":9},{"damage":0,"enemies":"Maw","floor":45,"turns":11},{"damage":0,"enemies":"Mind Bloom Boss Battle","floor":46,"turns":5},{"damage":0,"enemies":"Writhing Mass","floor":48,"turns":6},{"damage":0,"enemies":"Donu and Deca","floor":50,"turns":9}],"seed_played":"4166005013665077983","potions_obtained":[{"floor":1,"key":"FearPotion"},{"floor":10,"key":"SneckoOil"},{"floor":12,"key":"PowerPotion"},{"floor":13,"key":"Poison Potion"},{"floor":25,"key":"Block Potion"},{"floor":33,"key":"CunningPotion"},{"floor":36,"key":"EssenceOfSteel"},{"floor":39,"key":"AttackPotion"},{"floor":41,"key":"CunningPotion"},{"floor":46,"key":"DistilledChaos"}],"is_trial":false,"path_per_floor":["M","M","$","?","?","E","R","M","T","E","$","E","M","?","R","B",null,"M","?","?","?","M","R","$","E","T","R","M","R","E","$","R","B",null,"M","M","?","M","M","R","E","?","T","R","M","?","T","M","R","B",null],"character_chosen":"THE_SILENT","items_purchased":["Footwork"],"campfire_rested":4,"item_purchase_floors":[3],"current_hp_per_floor":[57,57,57,57,57,40,40,40,40,39,39,3,3,3,21,15,49,47,47,47,47,45,45,45,20,20,38,38,56,54,54,54,18,50,48,48,60,60,53,53,37,37,37,55,55,55,55,60,74,74],"gold":339,"neow_bonus":"BOSS_RELIC","is_daily":false,"chose_seed":false,"campfire_upgraded":3,"win_rate":0.0,"timestamp":1608401597,"path_taken":["M","M","$","?","?","E","R","M","T","E","$","E","M","?","R","BOSS","M","?","?","?","?","R","?","E","T","R","M","R","E","$","R","BOSS","M","M","?","M","M","R","E","?","T","R","M","?","?","M","R","BOSS"],"items_purchased_type":["Card"],"build_version":"2020-12-18","purchased_purges":2,"victory":true,"max_hp_per_floor":[66,66,66,60,60,60,60,60,60,60,60,60,60,60,60,60,60,60,60,60,60,60,60,60,60,60,60,60,60,60,60,60,60,60,60,60,60,60,60,60,60,60,60,60,60,60,60,60,74,74],"relic_stats":{"Gremlin Horn":[18,18],"counters":[23,167],"Golden Idol":144,"HoveringKite":[51],"PreservedInsect":0,"War Paint":["Defend_G","Defend_G"],"Boot":[70],"Mercury Hourglass":[350],"Shovel":2,"Sundial":[28],"Mummified Hand":[32],"Gambling Chip":[20],"obtain_stats":[{"Potion Belt":21,"Girya":32,"Gremlin Horn":9,"Golden Idol":4,"Vajra":25,"HoveringKite":34,"Mango":49,"PreservedInsect":47,"Frozen Egg 2":10,"War Paint":12,"Boot":17,"Mercury Hourglass":17,"Calling Bell":17,"Shovel":26,"WristBlade":0,"Sundial":6,"Mummified Hand":30,"Gambling Chip":17,"CultistMask":14,"InkBottle":41,"TungstenRod":46,"Ring of the Snake":0},{"Potion Belt":9,"Girya":13,"Gremlin Horn":4,"Golden Idol":2,"Vajra":11,"HoveringKite":14,"Mango":22,"PreservedInsect":21,"Frozen Egg 2":5,"War Paint":6,"Boot":8,"Mercury Hourglass":8,"Calling Bell":8,"Shovel":11,"WristBlade":0,"Sundial":3,"Mummified Hand":13,"Gambling Chip":8,"CultistMask":7,"InkBottle":19,"TungstenRod":21,"Ring of the Snake":0},{"Potion Belt":63,"Girya":89,"Gremlin Horn":19,"Golden Idol":8,"Vajra":74,"HoveringKite":104,"Mango":158,"PreservedInsect":152,"Frozen Egg 2":29,"War Paint":43,"Boot":58,"Mercury Hourglass":58,"Calling Bell":58,"Shovel":74,"WristBlade":0,"Sundial":17,"Mummified Hand":89,"Gambling Chip":58,"CultistMask":45,"InkBottle":136,"TungstenRod":152,"Ring of the Snake":0}],"InkBottle":[23],"TungstenRod":1},"card_choices":[{"not_picked":["Expertise","Sucker Punch"],"picked":"Blur","floor":1},{"not_picked":["Bouncing Flask","Slice"],"picked":"Blade Dance","floor":2},{"not_picked":["Outmaneuver","Poisoned Stab"],"picked":"Blur","floor":6},{"not_picked":["Prepared","Dagger Throw"],"picked":"Escape Plan","floor":8},{"not_picked":["Poisoned Stab","Tactician"],"picked":"Venomology","floor":10},{"not_picked":["Dagger Throw","Dodge and Roll","Outmaneuver"],"picked":"SKIP","floor":12},{"not_picked":["Poisoned Stab","Deadly Poison","Outmaneuver"],"picked":"SKIP","floor":13},{"not_picked":["Phantasmal Killer","Storm of Steel"],"picked":"Tools of the Trade+1","floor":16},{"not_picked":["Dagger Throw","Acrobatics"],"picked":"Backflip","floor":18},{"not_picked":["Poisoned Stab","Acrobatics","Backstab"],"picked":"SKIP","floor":22},{"not_picked":["Bane+1","Deflect","Grand Finale"],"picked":"SKIP","floor":25},{"not_picked":["Quick Slash+1","Flying Knee"],"picked":"Acrobatics","floor":28},{"not_picked":["Blade Dance","Dagger Spray"],"picked":"Cloak And Dagger+1","floor":30},{"not_picked":["Grand Finale","Envenom+1"],"picked":"Night Terror","floor":33},{"not_picked":["Poisoned Stab","Quick Slash+1"],"picked":"Choke","floor":35},{"not_picked":["Cloak And Dagger","Bane"],"picked":"PiercingWail","floor":36},{"not_picked":["Dagger Throw","Sucker Punch"],"picked":"Dodge and Roll","floor":38},{"not_picked":["Outmaneuver+1","Blade Dance"],"picked":"After Image+1","floor":39},{"not_picked":["Quick Slash","Backflip+1"],"picked":"Well Laid Plans+1","floor":41},{"not_picked":["Dash","Acrobatics+1"],"picked":"Cloak And Dagger+1","floor":45},{"not_picked":["Poisoned Stab","Sucker Punch"],"picked":"Leg Sweep","floor":48}],"player_experience":781648,"relics_obtained":[{"floor":6,"key":"Sundial"},{"floor":9,"key":"Gremlin Horn"},{"floor":10,"key":"Frozen Egg 2"},{"floor":12,"key":"War Paint"},{"floor":17,"key":"Boot"},{"floor":17,"key":"Mercury Hourglass"},{"floor":17,"key":"Gambling Chip"},{"floor":25,"key":"Vajra"},{"floor":26,"key":"Shovel"},{"floor":30,"key":"Mummified Hand"},{"floor":32,"key":"Girya"},{"floor":41,"key":"InkBottle"},{"floor":46,"key":"TungstenRod"},{"floor":47,"key":"PreservedInsect"},{"floor":49,"key":"Mango"}],"event_choices":[{"damage_healed":0,"gold_gain":0,"player_choice":"Lose Max HP","damage_taken":0,"relics_obtained":["Golden Idol"],"max_hp_gain":0,"max_hp_loss":6,"event_name":"Golden Idol","floor":4,"gold_loss":0},{"damage_healed":0,"gold_gain":0,"player_choice":"Ignored","damage_taken":0,"max_hp_gain":0,"max_hp_loss":0,"event_name":"Liars Game","floor":5,"gold_loss":0},{"damage_healed":0,"gold_gain":0,"player_choice":"Trade","damage_taken":0,"relics_obtained":["CultistMask"],"max_hp_gain":0,"max_hp_loss":0,"event_name":"FaceTrader","floor":14,"gold_loss":0},{"cards_removed":["Strike_G"],"damage_healed":0,"gold_gain":0,"player_choice":"Gave Gold","damage_taken":0,"max_hp_gain":0,"max_hp_loss":0,"event_name":"Beggar","floor":19,"gold_loss":75},{"damage_healed":0,"gold_gain":0,"player_choice":"Ignored","damage_taken":0,"max_hp_gain":0,"max_hp_loss":0,"event_name":"Ghosts","floor":20,"gold_loss":0},{"damage_healed":0,"gold_gain":0,"player_choice":"Obtained Relic","damage_taken":0,"relics_obtained":["Potion Belt"],"max_hp_gain":0,"max_hp_loss":0,"event_name":"Addict","floor":21,"gold_loss":85},{"damage_healed":12,"gold_gain":0,"player_choice":"Writhe","damage_taken":0,"max_hp_gain":0,"max_hp_loss":0,"event_name":"Winding Halls","floor":37,"gold_loss":0,"cards_obtained":["Writhe"]},{"cards_removed":["Strike_G"],"damage_healed":0,"gold_gain":0,"player_choice":"Removed Attack","damage_taken":0,"max_hp_gain":0,"max_hp_loss":0,"event_name":"Falling","floor":42,"gold_loss":0},{"damage_healed":0,"gold_gain":0,"player_choice":"Fight","damage_taken":0,"max_hp_gain":0,"max_hp_loss":0,"event_name":"MindBloom","floor":46,"gold_loss":0}],"is_beta":true,"boss_relics":[{"not_picked":["Cursed Key","Astrolabe"],"picked":"Calling Bell"},{"not_picked":["SlaversCollar","Fusion Hammer"],"picked":"HoveringKite"}],"items_purged_floors":[11,31],"is_endless":false,"potions_floor_spawned":[1,10,12,13,25,33,36,39,41,46],"ascension_level":16}}