{"host":"edk8ruzv78x6jv19","time":1608351262,"event":{"mods":["BaseMod","Better Third Choice","Energized Spire","Infinite Spire","Lobotomy","Minty Spire (QoL Compilation)","Replay The Spire","StSLib","The Animator","The Blue Laboratory","Treasure Hunter"],"gold_per_floor":[113,113,38,38,38,38,38,38,38,67,84,116,116,59,59,168,168,182,182,182,28,44,44,44,62,62,89,89,89,89,89,89],"floor_reached":31,"playtime":1906,"items_purged":["BasicCrystalCard","Conserve Battery"],"score":305,"play_id":"b90aca81-97e4-4478-8d0e-7587b65e5aee","local_time":"20201218221422","daily_mods":["SealedDeck","Heirloom","Time Dilation","Flight","DeadlyEvents","Elite Swarm","Lethality"],"is_ascension_mode":false,"campfire_choices":[{"data":"Double Energy","floor":7.0,"key":"SMITH"},{"data":"Conserve Battery","floor":8.0,"key":"SMITH"},{"data":"Creative AI","floor":13.0,"key":"SMITH"},{"data":"ReplayRNGCard","floor":15.0,"key":"SMITH"},{"data":"FIFO Queue","floor":23,"key":"SMITH"},{"data":"Loop","floor":24,"key":"SMITH"},{"data":"Pot Of Greed","floor":30,"key":"SMITH"}],"circlet_count":0,"master_deck":["Barrage","Cold Snap","BasicCrystalCard","BasicCrystalCard","FIFO Queue+1","Conserve Battery","Conserve Battery+1","Double Energy+1","Creative AI+1","Chaos","Chaos","ReplayRNGCard+1","Loop+1","Pot Of Greed+1","Pot Of Greed","infinitespire:FutureSight","Double Energy+1"],"relics":["Replay:M_StaffOfTheSnake","Replay:PocketPolymizer","infinitespire:Cubic Diamond","Chameleon Ring","Mummified Hand","Replay:Kaleidoscope","infinitespire:Satchel","Kunai","Coffee Dripper","Chemical X","ReplayTheSpireMod:Shallot","Grinning Jar","energizedSpire:OgreHead","DollysMirror","infinitespire:WardingShard"],"acts_visited":["Exordium","TheCity"],"potions_floor_usage":[31],"damage_taken":[{"damage":1.0,"enemies":"Small Slimes","floor":1.0,"turns":3.0},{"damage":0.0,"enemies":"Gremlin Nob","floor":10.0,"turns":6.0},{"damage":0.0,"enemies":"Jaw Worm","floor":11.0,"turns":3.0},{"damage":0.0,"enemies":"Lagavulin","floor":12.0,"turns":5.0},{"damage":6.0,"enemies":"Fading Forest","floor":16.0,"turns":11.0},{"damage":29,"enemies":"Shell Parasite","floor":18,"turns":4},{"damage":9,"enemies":"2 Thieves","floor":22,"turns":3},{"damage":0,"enemies":"Centurion and Healer","floor":25,"turns":4},{"damage":13,"enemies":"Replay:Snechameleon","floor":27,"turns":5},{"damage":18,"enemies":"Slavers","floor":31,"turns":1}],"seed_played":"-2694510967362554309","potions_obtained":[{"floor":1.0,"key":"blueLaboratory:RememoryPotion"},{"floor":6.0,"key":"blueLaboratory:StoneskinPotion"},{"floor":6.0,"key":"blueLaboratory:LouseDecoction"},{"floor":11.0,"key":"LiquidBronze"},{"floor":16.0,"key":"Swift Potion"},{"floor":22,"key":"FearPotion"}],"is_trial":true,"path_per_floor":["M","?","$","?","T","R","R","R","T","E","M","E","R","$","R","B",null,"M","?","?","$","M","R","R","M","T","E","AVR","T","R","E"],"character_chosen":"DEFECT","items_purchased":["Chaos","Chemical X"],"campfire_rested":0,"item_purchase_floors":[14,21],"current_hp_per_floor":[74,74,74,74,74,74,74,74,74,75,75,75,75,75,75,69,75,46,37,37,37,28,28,28,28,28,15,15,15,15,0,0],"gold":89,"neow_bonus":"","is_daily":false,"chose_seed":false,"campfire_upgraded":7,"win_rate":0.0,"timestamp":1608351262,"path_taken":["M","?","$","?","?","R","R","R","T","E","?","?","R","$","R","BOSS","M","?","?","$","?","R","R","?","T","?","AVR","?","R","E"],"items_purchased_type":["Card","Relic"],"build_version":"2020-12-13","purchased_purges":2,"victory":false,"max_hp_per_floor":[75,75,75,75,75,75,75,75,75,75,75,75,75,75,75,75,75,75,75,75,75,75,75,75,75,75,75,75,75,75,75,75],"card_choices":[{"not_picked":["Gash","Steam"],"picked":"Double Energy","floor":1.0},{"not_picked":["TH:CopperCoins","TH:EnergyPotion"],"picked":"SKIP","floor":5.0},{"not_picked":["TH:PixieDust","TH:BikiniMail"],"picked":"SKIP","floor":9.0},{"not_picked":["TH:ElvenBoots","TH:Mimic"],"picked":"SKIP","floor":10.0},{"not_picked":["Die Die Die","Night Terror","MasterReality"],"picked":"SKIP","floor":10.0},{"not_picked":["White Noise","Auto Shields","ReplayTheSpireMod:Repulse"],"picked":"SKIP","floor":11.0},{"not_picked":["Thunder Strike","Bullet Time"],"picked":"Creative AI","floor":12.0},{"not_picked":["TH:PixieDust","TH:CursedSword"],"picked":"SKIP","floor":12.0},{"not_picked":["Steam","Streamline","BasicCrystalCard"],"picked":"SKIP","floor":18},{"not_picked":["ClearTheMind+1","Cold Snap"],"picked":"Loop","floor":22},{"not_picked":["Cold Snap","Stack+1","CutThroughFate"],"picked":"SKIP","floor":25},{"not_picked":["TH:EnergyPotion","TH:DeckOfManyThings"],"picked":"SKIP","floor":26},{"not_picked":["TH:ElvenBoots","TH:Mimic"],"picked":"SKIP","floor":27},{"not_picked":["Fission","Reboot","Amplify"],"picked":"SKIP","floor":27},{"not_picked":["TH:EnergyPotion","TH:ArmorSpikes"],"picked":"SKIP","floor":29}],"player_experience":29765,"relics_obtained":[{"floor":4.0,"key":"Chameleon Ring"},{"floor":5.0,"key":"Mummified Hand"},{"floor":9.0,"key":"Replay:Kaleidoscope"},{"floor":10.0,"key":"infinitespire:Satchel"},{"floor":12.0,"key":"Kunai"},{"floor":26,"key":"ReplayTheSpireMod:Shallot"},{"floor":27,"key":"Grinning Jar"},{"floor":29,"key":"infinitespire:WardingShard"}],"event_choices":[{"damage_healed":0,"gold_gain":0,"player_choice":"Stopped","damage_taken":9,"max_hp_gain":0,"max_hp_loss":0,"event_name":"Cursed Tome","floor":19,"gold_loss":0},{"damage_healed":0,"gold_gain":0,"player_choice":"Ignored","damage_taken":0,"max_hp_gain":0,"max_hp_loss":0,"event_name":"Ghosts","floor":20,"gold_loss":0}],"is_beta":false,"boss_relics":[{"not_picked":["Nuclear Battery","Fusion Hammer"],"picked":"Coffee Dripper"}],"items_purged_floors":[3,28],"is_endless":false,"potions_floor_spawned":[1,11,16,22],"killed_by":"Slavers","ascension_level":0}}