{"host":"ucrubczzhd6ttfof","time":1608413791,"event":{"mods":["Aspiration","BaseMod","Better Match","Better Note","Booster Modes","CapriCore","Card Forge","Conspire","Downfall","Energized Spire","GifTheSpireLib","Glutton Mod","Halation","Hermit","Hubris","Jorbs\u0027s Wanderer Trilogy","Koishi","Marisa????????","Marked Mod","Minty Spire (QoL Compilation)","Permanent Neow","Reimu??????","Remove Card Discount Mod","Replay The Spire","Retaliation","Reworked Bosses","Spicy Shops","Spikes Relics","StSLib","Stuff the Spire","Td1madao Mod","The Animator","The Blue Laboratory","The Bug Knight","The Cursed","The Hierophant","The Immortal","The Marked","The Mystic","The Valiant","TheBandit","TheSwordswoman","TheVacant","vexMod"],"gold_per_floor":[119,119,136,148,158,184,184,209,209,226,241,259,290,300,300,403,403,423,438,457,468,468,468,503,520,543,558,558,573,593,618,618,722,722,722,722],"floor_reached":35,"playtime":2539,"items_purged":[],"score":527,"play_id":"42819e0a-84cd-42fe-9630-0c3fd7318829","local_time":"20201219133631","daily_mods":["SealedDeck","Heirloom"],"is_ascension_mode":false,"campfire_choices":[{"data":"HollowMod:CycloneSlash","floor":7,"key":"SMITH"},{"data":"HollowMod:CycloneSlash","floor":15,"key":"SMITH"},{"data":"HollowMod:SoulShaman","floor":23,"key":"SMITH"},{"data":"HollowMod:MidwifesHunger","floor":32,"key":"SMITH"}],"circlet_count":0,"master_deck":["HollowMod:SoulShaman+1","HollowMod:AwokenDreamNail","HollowMod:SoulShaman","HollowMod:SiblingsSouls","HollowMod:DashSlash","HollowMod:CloakDash","HollowMod:CycloneSlash+1","HollowMod:CycloneSlash+1","HollowMod:MantisMark","HollowMod:SoulSplash","HollowMod:SoulSplash","HollowMod:DoubleDash","HollowMod:DoubleDash","HollowMod:CloakDash","HollowMod:CloakDash","HollowMod:MidwifesHunger+1","HollowMod:MonomonsArchive","HollowMod:QuirrelsAssistance","HollowMod:CornifersMapStart","HollowMod:SoulShaman+1","HollowMod:theNailsmith","HollowMod:CornifersMapStart","HollowMod:CloakDash","HollowMod:SlysStrikes","animator:Curse_GriefSeed","hubris:Compulsion","ReplayTheSpireMod:Doomed"],"relics":["HollowMod:VesselMask","Hammer of Thor","Seething Fire","Anvil of the Gods","Durian","Meat on the Bone","hubris:FunFungus","Gremlin Horn","BicycleWheel","hubris:RunicObelisk","GremlinMask","hubris:SlimyHat","SnailShell","Happy Flower","Replay:Ancient Bell","Replay:Rubber Ducky","ShockBauble","Ice Cream"],"acts_visited":["Exordium","TheCity","TheBeyond"],"potions_floor_usage":[5,6,8,21,24,25],"damage_taken":[{"damage":0,"enemies":"2 Louse","floor":1,"turns":2},{"damage":0,"enemies":"Cultist","floor":3,"turns":2},{"damage":0,"enemies":"Small Slimes","floor":4,"turns":2},{"damage":0,"enemies":"3 Louse","floor":5,"turns":2},{"damage":2,"enemies":"Gremlin Nob","floor":6,"turns":3},{"damage":3,"enemies":"3 Sentries","floor":8,"turns":5},{"damage":2,"enemies":"Blue Slaver","floor":10,"turns":2},{"damage":0,"enemies":"2 Fungi Beasts","floor":11,"turns":2},{"damage":0,"enemies":"3 Louse","floor":12,"turns":2},{"damage":28,"enemies":"Gremlin Nob","floor":13,"turns":4},{"damage":2,"enemies":"Exordium Wildlife","floor":14,"turns":3},{"damage":0,"enemies":"Fading Forest","floor":16,"turns":11},{"damage":11,"enemies":"2 Thieves","floor":18,"turns":3},{"damage":0,"enemies":"Chosen","floor":19,"turns":4},{"damage":9,"enemies":"Centurion and Healer","floor":20,"turns":4},{"damage":0,"enemies":"Snake Plant","floor":21,"turns":4},{"damage":24,"enemies":"Slavers","floor":24,"turns":4},{"damage":1,"enemies":"Snecko","floor":25,"turns":7},{"damage":0,"enemies":"Shelled Parasite and Fungi","floor":27,"turns":4},{"damage":0,"enemies":"Chosen and Byrds","floor":29,"turns":3},{"damage":0,"enemies":"Sentry and Sphere","floor":30,"turns":5},{"damage":0,"enemies":"Book of Stabbing","floor":31,"turns":5},{"damage":16,"enemies":"HollowMod:NKGrimm","floor":33,"turns":13},{"damage":0,"enemies":"3 Shapes","floor":35,"turns":1}],"seed_played":"3530233100576033597","potions_obtained":[{"floor":1,"key":"Block Potion"},{"floor":3,"key":"blueLaboratory:FruitPunch"},{"floor":5,"key":"Dexterity Potion"},{"floor":10,"key":"blueLaboratory:ArtificerPotion"},{"floor":13,"key":"Dexterity Potion"},{"floor":14,"key":"Venom Potion"},{"floor":20,"key":"Swift Potion"},{"floor":24,"key":"Weak Potion"},{"floor":30,"key":"blueLaboratory:PyrophylliteBrew"},{"floor":33,"key":"SpeedPotion"}],"is_trial":true,"path_per_floor":["M","?","M","M","M","E","R","E","T","M","M","M","E","M","R","B",null,"M","M","M","M","?","R","E","M","T","M","?","M","M","E","R","B",null,"M"],"character_chosen":"THE_BUGKNIGHT","items_purchased":[],"campfire_rested":0,"item_purchase_floors":[],"current_hp_per_floor":[80,80,80,80,82,80,80,77,77,75,75,75,47,45,45,55,82,71,71,62,62,62,62,51,59,59,61,61,61,63,64,64,60,82,82,82],"gold":722,"neow_bonus":"","is_daily":false,"chose_seed":false,"campfire_upgraded":4,"win_rate":0.0,"timestamp":1608413791,"path_taken":["M","?","M","M","M","E","R","E","T","?","M","M","E","M","R","BOSS","M","M","M","M","?","R","E","M","T","M","?","M","M","E","R","BOSS","M"],"items_purchased_type":[],"build_version":"2020-12-13","purchased_purges":0,"victory":false,"max_hp_per_floor":[80,80,80,80,82,82,82,82,82,82,82,82,82,82,82,82,82,82,82,82,82,82,82,82,82,82,82,82,82,82,82,82,82,82,82,82],"card_choices":[{"not_picked":["HollowMod:FallenFury","HollowMod:InfectionAssault","HollowMod:FastStrike"],"picked":"SKIP","floor":1},{"not_picked":["HollowMod:HowlingWraiths","HollowMod:NewLittleFool"],"picked":"HollowMod:SoulSplash","floor":3},{"not_picked":["HollowMod:LifebloodCocoon","HollowMod:CycloneSlash"],"picked":"HollowMod:SoulSplash","floor":4},{"not_picked":["HollowMod:TaintedHusks","HollowMod:MothsMistake","HollowMod:DescendingDark"],"picked":"SKIP","floor":5},{"not_picked":["HollowMod:CornifersMapStart","HollowMod:PerfectDash"],"picked":"HollowMod:DoubleDash","floor":6},{"not_picked":["HollowMod:TaintedHusks","HollowMod:DescendingDark"],"picked":"HollowMod:DoubleDash","floor":8},{"not_picked":["HollowMod:PerfectDash","HollowMod:VengefulVoid"],"picked":"HollowMod:CloakDash","floor":10},{"not_picked":["HollowMod:SiblingsShadow","HollowMod:FastStrike","HollowMod:PerfectDash"],"picked":"SKIP","floor":11},{"not_picked":["HollowMod:SiblingsSouls","HollowMod:ChannelNail"],"picked":"HollowMod:CloakDash","floor":12},{"not_picked":["HollowMod:LifebloodCore","HollowMod:LuriensSpire","HollowMod:InfectedAttack"],"picked":"SKIP","floor":13},{"not_picked":["HollowMod:SoulSplash","HollowMod:MonarchWings","HollowMod:SoulVessel"],"picked":"SKIP","floor":14},{"not_picked":["HollowMod:ElderbugsWisdom","HollowMod:AwokenDreamNail"],"picked":"HollowMod:MidwifesHunger","floor":16},{"not_picked":["HollowMod:DoubleDash","HollowMod:HowlingWraiths+1","HollowMod:SharpenedNail"],"picked":"SKIP","floor":18},{"not_picked":["HollowMod:GoodIntentions+1","HollowMod:MonomonsArchive","HollowMod:SharpenedNail"],"picked":"SKIP","floor":19},{"not_picked":["HollowMod:HowlingWraiths","HollowMod:VengefulSpirit"],"picked":"HollowMod:MonomonsArchive","floor":20},{"not_picked":["HollowMod:LifebloodCore","HollowMod:MonomonsArchive+1"],"picked":"HollowMod:QuirrelsAssistance","floor":21},{"not_picked":["HollowMod:TaintedHusks","HollowMod:InfectedAttack"],"picked":"HollowMod:CornifersMapStart","floor":24},{"not_picked":["HollowMod:TaintedHusks","HollowMod:VengefulSpirit"],"picked":"HollowMod:SoulShaman+1","floor":25},{"not_picked":["HollowMod:InfectedCysts","HollowMod:HeavyBlow","HollowMod:CoiledNail"],"picked":"SKIP","floor":27},{"not_picked":["HollowMod:DreamGate+1","HollowMod:ChannelNail+1"],"picked":"HollowMod:CornifersMapStart","floor":29},{"not_picked":["HollowMod:HowlingWraiths","HollowMod:PureVessel"],"picked":"HollowMod:CloakDash","floor":30},{"not_picked":["HollowMod:SoulSplash","HollowMod:CoiledNail","HollowMod:ShapeofUnn"],"picked":"SKIP","floor":31},{"not_picked":["HollowMod:PureVessel","HollowMod:ElderbugsWisdom"],"picked":"HollowMod:SlysStrikes","floor":33},{"not_picked":["stsjorbsmod:Amnesia","Spreading Infection"],"picked":"animator:Curse_GriefSeed","floor":34},{"not_picked":["hubris:Gluttony","Normality"],"picked":"hubris:Compulsion","floor":34},{"not_picked":["Delirium","Writhe"],"picked":"ReplayTheSpireMod:Doomed","floor":34}],"player_experience":752924,"relics_obtained":[{"floor":6,"key":"Meat on the Bone"},{"floor":8,"key":"hubris:FunFungus"},{"floor":9,"key":"Gremlin Horn"},{"floor":13,"key":"BicycleWheel"},{"floor":24,"key":"hubris:SlimyHat"},{"floor":26,"key":"SnailShell"},{"floor":31,"key":"Happy Flower"}],"event_choices":[{"cards_removed":["HollowMod:CycloneSlash"],"damage_healed":5,"gold_gain":0,"player_choice":"Offered Common","damage_taken":0,"max_hp_gain":0,"max_hp_loss":0,"event_name":"Bonfire Elementals","floor":2,"gold_loss":0},{"cards_removed":["HollowMod:CycloneSlash"],"damage_healed":5,"gold_gain":0,"player_choice":"Offered Special","damage_taken":0,"max_hp_gain":0,"max_hp_loss":0,"event_name":"Bonfire Elementals","floor":2,"gold_loss":0},{"damage_healed":0,"gold_gain":0,"player_choice":"Trade","damage_taken":0,"relics_obtained":["GremlinMask"],"max_hp_gain":0,"max_hp_loss":0,"event_name":"FaceTrader","floor":22,"gold_loss":0},{"cards_removed":["HollowMod:MantisMark"],"damage_healed":0,"gold_gain":0,"player_choice":"Take \u0026 Give","damage_taken":0,"max_hp_gain":0,"max_hp_loss":0,"event_name":"betterNote:BetterNote","floor":28,"gold_loss":0,"cards_obtained":["HollowMod:theNailsmith"]}],"is_beta":false,"boss_relics":[{"not_picked":["halation:LoveArrow","aspiration:PoetsPen"],"picked":"hubris:RunicObelisk"},{"not_picked":["energizedSpire:DeadBattery","Calling Bell"],"picked":"Replay:Ancient Bell"},{"not_picked":["HollowMod:MillibellesNoteRelic","RuthlessExorcism:ReiMu"],"picked":"Replay:Rubber Ducky"},{"not_picked":["Replay:Bottled Eggs","HollowMod:MantisClawRelic"],"picked":"ShockBauble"},{"not_picked":["hubris:Teleporter","conspire:Boomerang"],"picked":"Ice Cream"}],"items_purged_floors":[],"is_endless":false,"potions_floor_spawned":[1,3,5,10,13,14,20,24,30,33],"killed_by":"3 Shapes","ascension_level":0}}