{"host":"ggy1mjjy92c62u6a","time":1608346518,"event":{"mods":["ATMod(°¢èªMod)","BaseMod","Colored Powertips","Minty Spire (QoL Compilation)","Quick Restart","Shop Mod","Spicy Shops","StSLib","¡¾ÒÅÎï¿¨ÅÆ¡¿REMEMod"],"gold_per_floor":[118,98,115,134,145,145,179,179,179,179,197,147,147,165,165,265,265,277,96,110,127,127,127,146,146,146,162,195,195,209,235,235,335,335,354,354,264,282,87,121,151,176,176,196,272,300,313,329,329,329],"floor_reached":51,"playtime":2214,"items_purged":["Strike_G","Defend_G","Strike_G"],"score":1341,"play_id":"de9af3fa-1149-42e5-b49e-58d28799bb36","local_time":"20201219105518","is_ascension_mode":true,"campfire_choices":[{"data":"AT_RealColorLess","floor":6,"key":"SMITH"},{"data":"AT_EssenceShift","floor":10,"key":"SMITH"},{"data":"AT_ShrugMaster","floor":13,"key":"SMITH"},{"floor":15,"key":"REST"},{"floor":23,"key":"REST"},{"floor":25,"key":"REST"},{"floor":32,"key":"REST"},{"floor":49,"key":"REST"}],"circlet_count":0,"master_deck":["Strike_G","Strike_G+1","Defend_G","Defend_G+1","Survivor","Neutralize","AT_ShrugMaster+1","AT_RealColorLess+1","Calculated Gamble+1","AT_FocusSwordFire+1","AT_EssenceShift+1","AT_WindFlip","Reflex+1","Escape Plan","Well Laid Plans","Prepared","Tactician+1"],"relics":["Ring of the Snake","AT_ATBox","REME_ComplimentaryCards","NeowsBlessing","Lizard Tail","Tingsha","Gambling Chip","Fusion Hammer","MerchantsRug","NlothsMask","REME_DuelDisc","AT_BellDemon","WingedGreaves","AT_LudenTempest","Bronze Scales","AT_Manta","AT_ArchangelStaff","Ice Cream","Bird Faced Urn","AT_SunfireAegis","Juzu Bracelet"],"acts_visited":["Exordium","TheCity","TheBeyond"],"potions_floor_usage":[11],"damage_taken":[{"damage":0,"enemies":"Small Slimes","floor":1,"turns":1},{"damage":0,"enemies":"Cultist","floor":3,"turns":1},{"damage":0,"enemies":"Jaw Worm","floor":4,"turns":1},{"damage":4,"enemies":"Large Slime","floor":5,"turns":7},{"damage":10,"enemies":"3 Sentries","floor":7,"turns":5},{"damage":25,"enemies":"3 Louse","floor":11,"turns":3},{"damage":2,"enemies":"Gremlin Gang","floor":14,"turns":2},{"damage":0,"enemies":"Hexaghost","floor":16,"turns":4},{"damage":5,"enemies":"3 Byrds","floor":18,"turns":3},{"damage":10,"enemies":"Spheric Guardian","floor":20,"turns":3},{"damage":14,"enemies":"Shelled Parasite and Fungi","floor":21,"turns":3},{"damage":0,"enemies":"Snake Plant","floor":24,"turns":1},{"damage":0,"enemies":"Chosen and Byrds","floor":27,"turns":2},{"damage":0,"enemies":"Gremlin Leader","floor":28,"turns":4},{"damage":0,"enemies":"Centurion and Healer","floor":30,"turns":1},{"damage":0,"enemies":"Book of Stabbing","floor":31,"turns":3},{"damage":0,"enemies":"Collector","floor":33,"turns":2},{"damage":0,"enemies":"3 Shapes","floor":35,"turns":1},{"damage":0,"enemies":"3 Darklings","floor":38,"turns":1},{"damage":0,"enemies":"Nemesis","floor":40,"turns":1},{"damage":0,"enemies":"Reptomancer","floor":41,"turns":1},{"damage":0,"enemies":"Giant Head","floor":42,"turns":1},{"damage":0,"enemies":"Maw","floor":44,"turns":1},{"damage":0,"enemies":"Nemesis","floor":46,"turns":1},{"damage":0,"enemies":"Jaw Worm Horde","floor":47,"turns":1},{"damage":18,"enemies":"4 Shapes","floor":48,"turns":1},{"damage":0,"enemies":"Donu and Deca","floor":50,"turns":1}],"seed_played":"8925264395027090735","potions_obtained":[{"floor":2,"key":"Fire Potion"},{"floor":3,"key":"Swift Potion"},{"floor":7,"key":"Dexterity Potion"},{"floor":14,"key":"Explosive Potion"},{"floor":21,"key":"SkillPotion"},{"floor":24,"key":"Explosive Potion"},{"floor":30,"key":"Regen Potion"}],"is_trial":false,"path_per_floor":["M","?","M","M","M","R","E","?","T","R","M","?","R","M","R","B",null,"M","$","M","M","?","R","M","R","T","M","E","?","M","E","R","B",null,"M","?","?","M","$","E","E","E","T","M","$","E","M","M","R","B",null],"character_chosen":"THE_SILENT","items_purchased":["MerchantsRug","AT_BellDemon"],"campfire_rested":5,"item_purchase_floors":[19,39],"current_hp_per_floor":[70,70,70,70,66,66,56,38,38,38,13,13,13,11,32,32,70,65,65,55,41,41,62,62,70,70,70,77,77,77,77,77,77,77,77,77,77,77,77,77,77,77,77,77,77,77,77,59,77,77],"gold":329,"neow_bonus":"THREE_ENEMY_KILL","is_daily":false,"chose_seed":false,"campfire_upgraded":3,"win_rate":0.0,"timestamp":1608346518,"path_taken":["M","?","M","?","M","R","E","?","T","R","M","?","R","M","R","BOSS","M","$","M","M","?","R","?","R","T","M","E","?","M","E","R","BOSS","M","?","?","?","$","E","E","E","T","M","$","E","M","M","R","BOSS"],"items_purchased_type":["Relic","Relic"],"build_version":"2020-12-13","purchased_purges":3,"victory":true,"max_hp_per_floor":[70,70,70,70,70,70,70,70,70,70,70,70,70,70,70,70,70,70,70,70,70,70,70,70,70,70,70,77,77,77,77,77,77,77,77,77,77,77,77,77,77,77,77,77,77,77,77,77,77,77],"card_choices":[{"not_picked":["Slice","Caltrops","Dagger Spray"],"picked":"SKIP","floor":1},{"not_picked":["Footwork","Quick Slash","Flying Knee"],"picked":"SKIP","floor":3},{"not_picked":["Acrobatics","Flying Knee"],"picked":"Calculated Gamble","floor":4},{"not_picked":["Leg Sweep","Slice"],"picked":"AT_FocusSwordFire","floor":5},{"not_picked":["Reflex","Dodge and Roll"],"picked":"AT_EssenceShift","floor":7},{"not_picked":["Poisoned Stab","Masterful Stab"],"picked":"AT_WindFlip","floor":11},{"not_picked":["Blade Dance","Accuracy","Caltrops"],"picked":"SKIP","floor":14},{"not_picked":["Outmaneuver","Slice","Underhanded Strike"],"picked":"SKIP","floor":18},{"not_picked":["Slice","Quick Slash"],"picked":"Reflex+1","floor":20},{"not_picked":["Underhanded Strike","PiercingWail","AT_ShadowStep"],"picked":"SKIP","floor":21},{"not_picked":["Footwork","Backflip+1","Bane"],"picked":"SKIP","floor":24},{"not_picked":["Deflect","Bane","Predator"],"picked":"SKIP","floor":27},{"not_picked":["Backflip+1","Flechettes"],"picked":"Escape Plan","floor":28},{"not_picked":["AT_WindFlip+1","Endless Agony+1"],"picked":"Well Laid Plans","floor":30},{"not_picked":["Poisoned Stab","Underhanded Strike","Outmaneuver+1"],"picked":"SKIP","floor":31},{"not_picked":["Riddle With Holes+1","Deflect+1","Outmaneuver"],"picked":"SKIP","floor":35},{"not_picked":["Slice+1","Finisher+1","Eviscerate"],"picked":"SKIP","floor":38},{"not_picked":["AT_Desolate","AT_FocusSwordFire","Poisoned Stab+1"],"picked":"SKIP","floor":40},{"not_picked":["Quick Slash+1","Glass Knife","All Out Attack"],"picked":"SKIP","floor":41},{"not_picked":["Cloak And Dagger","Caltrops"],"picked":"Prepared","floor":42},{"not_picked":["Slice+1","Flying Knee","Backflip+1"],"picked":"SKIP","floor":44},{"not_picked":["Distraction","Cloak And Dagger","Infinite Blades"],"picked":"SKIP","floor":46},{"not_picked":["PiercingWail","Quick Slash+1","Reflex"],"picked":"SKIP","floor":47},{"not_picked":["Dagger Spray+1","Predator"],"picked":"Tactician+1","floor":48}],"player_experience":26883,"relics_obtained":[{"floor":7,"key":"Lizard Tail"},{"floor":9,"key":"Gambling Chip"},{"floor":26,"key":"Torii"},{"floor":28,"key":"Strawberry"},{"floor":31,"key":"War Paint"},{"floor":40,"key":"Ninja Scroll"},{"floor":40,"key":"WingedGreaves"},{"floor":41,"key":"AT_LudenTempest"},{"floor":41,"key":"Bronze Scales"},{"floor":42,"key":"White Beast Statue"},{"floor":42,"key":"AT_Manta"},{"floor":44,"key":"AT_ArchangelStaff"},{"floor":46,"key":"Ice Cream"},{"floor":46,"key":"Bird Faced Urn"},{"floor":47,"key":"AT_SunfireAegis"},{"floor":48,"key":"Juzu Bracelet"}],"event_choices":[{"damage_healed":0,"gold_gain":0,"player_choice":"Bought 1 Potion","damage_taken":0,"max_hp_gain":0,"max_hp_loss":0,"event_name":"The Woman in Blue","floor":2,"gold_loss":0},{"damage_healed":0,"gold_gain":0,"player_choice":"Success","damage_taken":18,"relics_obtained":["Tingsha"],"max_hp_gain":0,"max_hp_loss":0,"event_name":"Scrap Ooze","floor":8,"gold_loss":0},{"cards_removed":["Defend_G"],"damage_healed":0,"gold_gain":0,"player_choice":"Card Removal","damage_taken":0,"max_hp_gain":0,"max_hp_loss":0,"event_name":"The Cleric","floor":12,"gold_loss":50},{"damage_healed":0,"gold_gain":0,"player_choice":"Forge","damage_taken":0,"max_hp_gain":0,"max_hp_loss":0,"event_name":"Accursed Blacksmith","floor":22,"gold_loss":0,"cards_upgraded":["Calculated Gamble"]},{"damage_healed":0,"gold_gain":0,"player_choice":"Trade","damage_taken":0,"relics_obtained":["NlothsMask"],"max_hp_gain":0,"max_hp_loss":0,"event_name":"FaceTrader","floor":29,"gold_loss":0},{"cards_removed":["Strike_G"],"damage_healed":0,"gold_gain":0,"player_choice":"Removed Attack","damage_taken":0,"max_hp_gain":0,"max_hp_loss":0,"event_name":"Falling","floor":36,"gold_loss":0},{"cards_removed":["Defend_G"],"damage_healed":0,"gold_gain":0,"player_choice":"Upgrade and Remove","damage_taken":0,"max_hp_gain":0,"max_hp_loss":0,"event_name":"Designer","floor":37,"gold_loss":90,"cards_upgraded":["Strike_G"]}],"is_beta":false,"boss_relics":[{"not_picked":["Ectoplasm","Cursed Key"],"picked":"Fusion Hammer"},{"not_picked":["Runic Dome","Ring of the Serpent"],"picked":"REME_DuelDisc"}],"items_purged_floors":[19,39,45],"is_endless":false,"potions_floor_spawned":[3,7,14,21,24,30,33,40,42,44,47],"ascension_level":1}}