{"host":"15dd7v8o90xso62x","time":1608405761,"event":{"mods":["BaseMod","Minty Spire (QoL Compilation)","Quick Restart","StSLib"],"gold_per_floor":[114,130,146,162,87,87,118,129,129,129,139,152,152,168,168,267,267,280,290,205,105,105,105,122,122,202,5,5,5],"floor_reached":28,"playtime":550,"items_purged":["Defend_P","Defend_P","Strike_P"],"score":272,"play_id":"3017de86-2563-4cc1-aa50-021eee2e9a02","local_time":"20201220042241","is_ascension_mode":false,"campfire_choices":[{"data":"Eruption","floor":6.0,"key":"SMITH"},{"data":"CrushJoints","floor":10.0,"key":"SMITH"},{"data":"CutThroughFate","floor":15.0,"key":"SMITH"},{"data":"MentalFortress","floor":23,"key":"SMITH"}],"circlet_count":0,"master_deck":["Strike_P+1","Strike_P+1","Defend_P+1","Eruption+1","Vigilance+1","CutThroughFate+1","CrushJoints+1","LessonLearned","FearNoEvil","MentalFortress+1","Ragnarok","Adaptation","RitualDagger"],"relics":["PureWater","NeowsBlessing","Dream Catcher","Meat on the Bone","Empty Cage","Ancient Tea Set","Bottled Tornado"],"acts_visited":["Exordium","TheCity"],"potions_floor_usage":[18],"damage_taken":[{"damage":0.0,"enemies":"Cultist","floor":1.0,"turns":1.0},{"damage":0.0,"enemies":"Small Slimes","floor":2.0,"turns":1.0},{"damage":0.0,"enemies":"Jaw Worm","floor":3.0,"turns":1.0},{"damage":0.0,"enemies":"Looter","floor":4.0,"turns":4.0},{"damage":3.0,"enemies":"Lagavulin","floor":7.0,"turns":4.0},{"damage":6.0,"enemies":"3 Louse","floor":8.0,"turns":2.0},{"damage":7.0,"enemies":"Blue Slaver","floor":11.0,"turns":3.0},{"damage":5.0,"enemies":"Looter","floor":12.0,"turns":2.0},{"damage":0.0,"enemies":"Large Slime","floor":14.0,"turns":4.0},{"damage":0.0,"enemies":"Slime Boss","floor":16.0,"turns":4.0},{"damage":0,"enemies":"2 Thieves","floor":18,"turns":1},{"damage":12,"enemies":"Shell Parasite","floor":19,"turns":3},{"damage":2,"enemies":"Sentry and Sphere","floor":24,"turns":4}],"seed_played":"3008277001845539641","potions_obtained":[{"floor":3.0,"key":"StancePotion"},{"floor":7.0,"key":"Dexterity Potion"},{"floor":11.0,"key":"LiquidMemories"},{"floor":14.0,"key":"Dexterity Potion"},{"floor":16.0,"key":"SteroidPotion"},{"floor":18,"key":"GamblersBrew"}],"is_trial":false,"path_per_floor":["M","M","M","M","$","R","E","M","T","R","M","M","?","M","R","B",null,"M","M","?","$","?","R","M","?","T","$","?"],"character_chosen":"WATCHER","items_purchased":["Adaptation"],"campfire_rested":0,"item_purchase_floors":[27],"current_hp_per_floor":[72,72,72,72,72,72,69,63,63,63,56,51,51,51,51,51,72,72,60,60,60,47,47,45,45,45,45,39,39],"gold":5,"neow_bonus":"THREE_ENEMY_KILL","is_daily":false,"chose_seed":false,"campfire_upgraded":4,"win_rate":0.0,"timestamp":1608405761,"path_taken":["M","?","M","M","?","R","E","M","T","R","M","M","?","M","R","BOSS","M","M","?","$","?","R","M","?","T","$","?"],"items_purchased_type":["Card"],"build_version":"2020-12-13","purchased_purges":3,"victory":false,"max_hp_per_floor":[72,72,72,72,72,72,72,72,72,72,72,72,72,72,72,72,72,72,72,72,72,77,77,77,77,77,77,77,77],"card_choices":[{"not_picked":["Crescendo","Prostrate"],"picked":"CutThroughFate","floor":1.0},{"not_picked":["Prostrate","WindmillStrike","JustLucky"],"picked":"SKIP","floor":2.0},{"not_picked":["ThirdEye","Vengeance"],"picked":"CrushJoints","floor":3.0},{"not_picked":["SashWhip","PathToVictory"],"picked":"LessonLearned","floor":4.0},{"not_picked":["SashWhip","Pray","Consecrate"],"picked":"SKIP","floor":7.0},{"not_picked":["Consecrate","Wireheading","Evaluate"],"picked":"SKIP","floor":8.0},{"not_picked":["Brilliance","Pray"],"picked":"FearNoEvil","floor":11.0},{"not_picked":["FlurryOfBlows","Crescendo","FollowUp"],"picked":"SKIP","floor":12.0},{"not_picked":["SashWhip","DeceiveReality","BattleHymn"],"picked":"SKIP","floor":14.0},{"not_picked":["BowlingBash","EmptyFist","SashWhip"],"picked":"SKIP","floor":18},{"not_picked":["Crescendo","CrushJoints"],"picked":"MentalFortress","floor":19},{"not_picked":["FlyingSleeves","Meditate"],"picked":"Ragnarok","floor":24}],"player_experience":928229,"relics_obtained":[{"floor":7.0,"key":"Dream Catcher"},{"floor":9.0,"key":"Meat on the Bone"},{"floor":26,"key":"Bottled Tornado"}],"event_choices":[{"damage_healed":0.0,"max_hp_gain":0.0,"max_hp_loss":0.0,"gold_gain":0.0,"event_name":"Liars Game","player_choice":"Ignored","floor":13.0,"gold_loss":0.0,"damage_taken":0.0},{"damage_healed":0,"gold_gain":0,"player_choice":"Obtained Relic","damage_taken":0,"relics_obtained":["Ancient Tea Set"],"max_hp_gain":0,"max_hp_loss":0,"event_name":"Addict","floor":20,"gold_loss":85},{"damage_healed":0,"gold_gain":0,"player_choice":"Shed Blood","damage_taken":18,"max_hp_gain":5,"max_hp_loss":0,"event_name":"Forgotten Altar","floor":22,"gold_loss":0},{"damage_healed":0,"gold_gain":0,"player_choice":"Ignored","damage_taken":0,"max_hp_gain":0,"max_hp_loss":0,"event_name":"Vampires","floor":25,"gold_loss":0},{"damage_healed":0,"gold_gain":0,"player_choice":"Joined the Cult","damage_taken":6,"max_hp_gain":0,"max_hp_loss":0,"event_name":"Nest","floor":28,"gold_loss":0,"cards_obtained":["RitualDagger"]}],"is_beta":false,"boss_relics":[{"not_picked":["HolyWater","Busted Crown"],"picked":"Empty Cage"}],"items_purged_floors":[5,21,27],"is_endless":false,"potions_floor_spawned":[3,7,11,14,16,18],"ascension_level":0}}