{"host":"7krnriczr1b2ou5r","time":1608372027,"event":{"mods":["BaseMod","Keyboard Shortcuts","Minty Spire (QoL Compilation)","Relic Stats","StSLib","The Dragon Tamer","The Poker Player"],"gold_per_floor":[115,131,131,56,77,115,115,146,200,200,244,262,262,286,286,416,416,416,416,416,416,416,416,416,416,416,416,416,416,316,316,316,316,316,316,316,85,85,85,85,85,85,85,85,85,85,85,85,85,85,85,85,34,34,34,34,34],"floor_reached":55,"playtime":1942,"items_purged":["DTMod:Strike","DTMod:Strike"],"score":1277,"play_id":"a4cd5740-d64a-4226-aa90-5cad0ecb15f9","local_time":"20201219190027","is_ascension_mode":true,"metric_token":479,"campfire_choices":[{"data":"DTMod:Inferno","floor":7.0,"key":"SMITH"},{"data":"DTMod:BurningForce","floor":13.0,"key":"SMITH"},{"data":"DTMod:SwitchingTactic","floor":15.0,"key":"SMITH"},{"data":"DTMod:BurningForce","floor":25.0,"key":"SMITH"},{"data":"DTMod:DragonDance","floor":32.0,"key":"SMITH"},{"data":"DTMod:Coolant","floor":41.0,"key":"SMITH"},{"data":"Deep Breath","floor":44,"key":"SMITH"},{"floor":49,"key":"RECALL"},{"data":"DTMod:StunTrap","floor":52,"key":"SMITH"}],"dtmod_dragon_data":[38,50,1,1,8,8],"circlet_count":0,"master_deck":["DTMod:DoubleHit","DTMod:TargetDefense","DTMod:TargetDefense","DTMod:TargetDefense","DTMod:TargetDefense","DTMod:SwitchingTactic+1","DTMod:Inferno+1","DTMod:BurningForce+1","DTMod:DragonDance+1","DTMod:Coolant+1","DTMod:InvisibleFlame","DTMod:BurningForce+1","DTMod:BlazingStrike+1","DTMod:BurningEnergy","DTMod:BurningEnergy","DTMod:StarRain","DTMod:TauntingStrike","DTMod:StunTrap+1","DTMod:Coolant+1","DTMod:Conduct","Deep Breath+1","DTMod:BizarreTactic"],"relics":["DTMod:PactStone","Golden Idol","Ornamental Fan","Ancient Tea Set","Bag of Preparation","DTMod:BasicTextbook","Ectoplasm","Happy Flower","Meat on the Bone","DTMod:TacticalNote","Torii","Question Card","Busted Crown","DTMod:SwitchButton","DTMod:BindingString","White Beast Statue","Pantograph"],"acts_visited":["Exordium","TheCity","TheBeyond","TheEnding"],"potions_floor_usage":[46,50,55,55],"damage_taken":[{"damage":0.0,"enemies":"Jaw Worm","floor":1.0,"turns":3.0},{"damage":0.0,"enemies":"Small Slimes","floor":2.0,"turns":2.0},{"damage":0.0,"enemies":"Cultist","floor":5.0,"turns":2.0},{"damage":0.0,"enemies":"Gremlin Nob","floor":6.0,"turns":3.0},{"damage":13.0,"enemies":"Lagavulin","floor":8.0,"turns":5.0},{"damage":5.0,"enemies":"3 Sentries","floor":11.0,"turns":3.0},{"damage":0.0,"enemies":"Exordium Thugs","floor":12.0,"turns":2.0},{"damage":0.0,"enemies":"3 Louse","floor":14.0,"turns":2.0},{"damage":17.0,"enemies":"Hexaghost","floor":16.0,"turns":6.0},{"damage":3.0,"enemies":"Shell Parasite","floor":18.0,"turns":3.0},{"damage":7.0,"enemies":"3 Byrds","floor":19.0,"turns":3.0},{"damage":0.0,"enemies":"Snecko","floor":22.0,"turns":2.0},{"damage":0.0,"enemies":"Book of Stabbing","floor":23.0,"turns":3.0},{"damage":0.0,"enemies":"Centurion and Healer","floor":24.0,"turns":3.0},{"damage":0.0,"enemies":"Gremlin Leader","floor":27.0,"turns":4.0},{"damage":0.0,"enemies":"Colosseum Slavers","floor":28.0,"turns":2.0},{"damage":0.0,"enemies":"Colosseum Nobs","floor":28.0,"turns":2.0},{"damage":0.0,"enemies":"Snake Plant","floor":29.0,"turns":2.0},{"damage":9.0,"enemies":"Champ","floor":33.0,"turns":7.0},{"damage":0.0,"enemies":"3 Darklings","floor":35.0,"turns":2.0},{"damage":0.0,"enemies":"Orb Walker","floor":36.0,"turns":3.0},{"damage":0.0,"enemies":"Transient","floor":38.0,"turns":5.0},{"damage":0.0,"enemies":"Spire Growth","floor":39.0,"turns":4.0},{"damage":0.0,"enemies":"Reptomancer","floor":40.0,"turns":4.0},{"damage":0,"enemies":"3 Darklings","floor":45,"turns":2},{"damage":0,"enemies":"Nemesis","floor":46,"turns":4},{"damage":0,"enemies":"Maw","floor":48,"turns":4},{"damage":15,"enemies":"Donu and Deca","floor":50,"turns":5},{"damage":0,"enemies":"Shield and Spear","floor":54,"turns":2},{"damage":0,"enemies":"The Heart","floor":55,"turns":3}],"seed_played":"1625623393880166936","potions_obtained":[{"floor":5.0,"key":"AttackPotion"},{"floor":8.0,"key":"AttackPotion"},{"floor":10.0,"key":"SteroidPotion"},{"floor":10.0,"key":"Dexterity Potion"},{"floor":10.0,"key":"Regen Potion"},{"floor":16.0,"key":"Energy Potion"},{"floor":18.0,"key":"LiquidMemories"},{"floor":19.0,"key":"Weak Potion"},{"floor":28.0,"key":"Strength Potion"},{"floor":29.0,"key":"GamblersBrew"},{"floor":45,"key":"BlessingOfTheForge"},{"floor":46,"key":"Block Potion"},{"floor":54,"key":"SteroidPotion"}],"is_trial":false,"path_per_floor":["M","M","?","$","M","E","R","E","T","?","E","M","R","M","R","B",null,"M","M","?","?","M","E","M","R","T","E","?","M","$","?","R","B",null,"M","M","$","M","M","E","R","?","T","R","M","E","?","M","R","B",null,"R","$","E","B"],"character_chosen":"THE_DT","items_purchased":["DTMod:Conduct","DTMod:SwitchButton","DTMod:BizarreTactic"],"campfire_rested":0,"item_purchase_floors":[37,37,53],"current_hp_per_floor":[41,41,31,31,31,31,31,18,18,18,13,13,13,13,13,11,34,31,24,24,18,18,18,18,18,18,30,30,30,30,30,30,21,36,36,36,36,36,36,36,36,36,36,36,36,36,36,36,36,21,36,36,36,36,41,41,41],"gold":34,"neow_bonus":"THREE_RARE_CARDS","is_daily":false,"chose_seed":false,"campfire_upgraded":8,"win_rate":0.0,"timestamp":1608372027,"path_taken":["M","M","?","$","M","E","R","E","T","?","E","?","R","M","R","BOSS","M","M","?","?","?","E","M","R","T","E","?","M","$","?","R","BOSS","M","M","$","M","M","E","R","?","T","R","M","E","?","M","R","BOSS","R","$","E","BOSS"],"items_purchased_type":["Card","Relic","Card"],"build_version":"2020-12-13","purchased_purges":2,"victory":false,"max_hp_per_floor":[41,41,41,41,41,41,41,41,41,41,41,41,41,41,41,41,41,41,41,41,41,41,41,41,41,41,41,41,41,41,41,41,41,41,41,41,41,41,41,41,41,41,41,41,41,41,41,41,41,41,41,41,41,41,41,41,41],"relic_stats":{"Busted Crown":20,"Happy Flower":[19],"Torii":3,"counters":[30,97],"Golden Idol":216,"Ornamental Fan":[56],"Pantograph":5,"Ectoplasm":785,"Bag of Preparation":[50],"Question Card":12,"obtain_stats":[{"Happy Flower":23,"Torii":28,"Golden Idol":3,"Bag of Preparation":9,"Ancient Tea Set":8,"Question Card":28,"White Beast Statue":46,"DTMod:SwitchButton":37,"DTMod:TacticalNote":27,"Busted Crown":34,"DTMod:PactStone":0,"Ornamental Fan":6,"Pantograph":54,"DTMod:BasicTextbook":11,"Ectoplasm":17,"DTMod:BindingString":40,"Meat on the Bone":26},{"Happy Flower":13,"Torii":17,"Golden Idol":2,"Bag of Preparation":5,"Ancient Tea Set":5,"Question Card":17,"White Beast Statue":26,"DTMod:SwitchButton":21,"DTMod:TacticalNote":15,"Busted Crown":19,"DTMod:PactStone":0,"Ornamental Fan":4,"Pantograph":29,"DTMod:BasicTextbook":6,"Ectoplasm":9,"DTMod:BindingString":24,"Meat on the Bone":14},{"Happy Flower":39,"Torii":50,"Golden Idol":5,"Bag of Preparation":15,"Ancient Tea Set":15,"Question Card":50,"White Beast Statue":83,"DTMod:SwitchButton":64,"DTMod:TacticalNote":46,"Busted Crown":59,"DTMod:PactStone":0,"Ornamental Fan":10,"Pantograph":94,"DTMod:BasicTextbook":18,"Ectoplasm":28,"DTMod:BindingString":77,"Meat on the Bone":42}],"Meat on the Bone":12},"card_choices":[{"not_picked":["DTMod:LightShield","DTMod:ShadowImage"],"picked":"DTMod:Inferno","floor":0.0},{"not_picked":["DTMod:Threaten","DTMod:LastStand"],"picked":"DTMod:BurningForce","floor":1.0},{"not_picked":["DTMod:Threaten","DTMod:MasterPlan","DTMod:Training"],"picked":"SKIP","floor":2.0},{"not_picked":["DTMod:Overwhelm","DTMod:BizarreTactic"],"picked":"DTMod:DragonDance","floor":5.0},{"not_picked":["DTMod:OpeningTactic","DTMod:Punisher","DTMod:Hide"],"picked":"SKIP","floor":6.0},{"not_picked":["DTMod:Astonish","DTMod:Threaten"],"picked":"DTMod:Coolant","floor":8.0},{"not_picked":["DTMod:GearUp","DTMod:Weaken"],"picked":"DTMod:InvisibleFlame","floor":11.0},{"not_picked":["DTMod:RecklessFlurry","DTMod:Punisher","DTMod:Hide"],"picked":"SKIP","floor":12.0},{"not_picked":["DTMod:TauntingStrike","DTMod:Cover"],"picked":"DTMod:BurningForce","floor":14.0},{"not_picked":["DTMod:Overwhelm","DTMod:ForkedFire+1","DTMod:Feint+1"],"picked":"SKIP","floor":18.0},{"not_picked":["DTMod:Punisher","DTMod:SneakAttack+1","DTMod:BurningForce+1"],"picked":"SKIP","floor":19.0},{"not_picked":["DTMod:CalculatedDefense","DTMod:MasterPlan+1","DTMod:Threaten"],"picked":"SKIP","floor":22.0},{"not_picked":["DTMod:LastStand","DTMod:Adaptation"],"picked":"DTMod:BurningEnergy","floor":23.0},{"not_picked":["DTMod:QuickFly","DTMod:HeatWave"],"picked":"DTMod:BurningEnergy","floor":24.0},{"not_picked":["DTMod:MagicField","DTMod:FlameSlash","DTMod:Training"],"picked":"SKIP","floor":27.0},{"not_picked":["DTMod:Training","DTMod:BurningEnergy","DTMod:QuickFly","DTMod:ComboAttack"],"picked":"SKIP","floor":29.0},{"not_picked":["DTMod:GearUp","DTMod:ExcessFootwork","DTMod:TriAttack"],"picked":"DTMod:StunTrap","floor":33.0},{"not_picked":["DTMod:BuildUp+1"],"picked":"DTMod:Coolant+1","floor":35.0},{"not_picked":["DTMod:BreakAttack+1","DTMod:FlameSlash+1"],"picked":"SKIP","floor":36.0},{"not_picked":["DTMod:Feint+1","DTMod:QuickFly+1"],"picked":"SKIP","floor":38.0},{"not_picked":["DTMod:Observe","DTMod:Astonish"],"picked":"SKIP","floor":39.0},{"not_picked":["DTMod:GhostSkin+1","DTMod:Punisher"],"picked":"SKIP","floor":40.0},{"not_picked":["DTMod:GhostSkin+1","DTMod:Punisher"],"picked":"SKIP","floor":40.0},{"not_picked":["Bandage Up"],"picked":"Deep Breath","floor":42.0},{"not_picked":["DTMod:TauntingStrike+1","DTMod:SneakAttack"],"picked":"SKIP","floor":45},{"not_picked":["DTMod:GearUp","DTMod:BlueScale+1"],"picked":"SKIP","floor":46},{"not_picked":["DTMod:Overwhelm","DTMod:ShieldDrain"],"picked":"SKIP","floor":48},{"not_picked":["DTMod:CrossStep+1","DTMod:MagicField"],"picked":"SKIP","floor":54}],"player_experience":1116956,"relics_obtained":[{"floor":6.0,"key":"Ornamental Fan"},{"floor":8.0,"key":"Ancient Tea Set"},{"floor":9.0,"key":"Bag of Preparation"},{"floor":11.0,"key":"DTMod:BasicTextbook"},{"floor":23.0,"key":"Happy Flower"},{"floor":26.0,"key":"Meat on the Bone"},{"floor":27.0,"key":"DTMod:TacticalNote"},{"floor":28.0,"key":"Torii"},{"floor":28.0,"key":"Question Card"},{"floor":40.0,"key":"DTMod:BindingString"},{"floor":46,"key":"White Beast Statue"},{"floor":54,"key":"Pantograph"}],"event_choices":[{"damage_healed":0.0,"max_hp_gain":0.0,"max_hp_loss":0.0,"gold_gain":0.0,"event_name":"Golden Idol","player_choice":"Take Damage","floor":3.0,"gold_loss":0.0,"damage_taken":10.0,"relics_obtained":["Golden Idol"]},{"damage_healed":0.0,"max_hp_gain":0.0,"max_hp_loss":0.0,"gold_gain":0.0,"event_name":"Lab","player_choice":"Got Potions","floor":10.0,"gold_loss":0.0,"damage_taken":0.0},{"damage_healed":0.0,"max_hp_gain":0.0,"max_hp_loss":0.0,"gold_gain":99.0,"event_name":"Nest","player_choice":"Stole From Cult","floor":20.0,"gold_loss":0.0,"damage_taken":0.0},{"damage_healed":0.0,"max_hp_gain":0.0,"max_hp_loss":0.0,"gold_gain":0.0,"event_name":"Knowing Skull","player_choice":"","floor":21.0,"potions_obtained":[],"gold_loss":0.0,"damage_taken":6.0,"cards_obtained":[]},{"damage_healed":0.0,"max_hp_gain":0.0,"max_hp_loss":0.0,"gold_gain":0.0,"event_name":"Colosseum","player_choice":"Fight","floor":28.0,"gold_loss":0.0,"damage_taken":0.0},{"damage_healed":0.0,"max_hp_gain":0.0,"max_hp_loss":0.0,"gold_gain":0.0,"event_name":"Colosseum","player_choice":"Fought Nobs","floor":28.0,"gold_loss":0.0,"damage_taken":0.0},{"damage_healed":0.0,"max_hp_gain":0.0,"max_hp_loss":0.0,"gold_gain":0.0,"cards_transformed":["DTMod:Strike","DTMod:Strike"],"event_name":"Drug Dealer","player_choice":"Became Test Subject","floor":31.0,"gold_loss":0.0,"damage_taken":0.0,"cards_obtained":["DTMod:StarRain","DTMod:TauntingStrike"]},{"damage_healed":0.0,"max_hp_gain":0.0,"max_hp_loss":0.0,"gold_gain":0.0,"event_name":"SensoryStone","player_choice":"Memory 1","floor":42.0,"gold_loss":0.0,"damage_taken":0.0},{"damage_healed":0,"gold_gain":0,"player_choice":"Ignored","damage_taken":0,"max_hp_gain":0,"max_hp_loss":0,"event_name":"The Moai Head","floor":47,"gold_loss":0}],"is_beta":false,"boss_relics":[{"not_picked":["Empty Cage","Coffee Dripper"],"picked":"Ectoplasm"},{"not_picked":["SacredBark","Astrolabe"],"picked":"Busted Crown"}],"items_purged_floors":[4,30],"is_endless":false,"potions_floor_spawned":[5,8,12,16,18,19,28,29,33,39,45,46,48,54],"killed_by":"The Heart","ascension_level":8}}