{"host":"esx1hwjnbftf3eqj","time":1608337323,"event":{"mods":["BaseMod","Colored Map","Minty Spire (QoL Compilation)","StSLib","The Jungle"],"gold_per_floor":[117,131,60,60,75,75,108,108,134,146,180,180,201,264,264,383,383,406,3,27,45,45,45,84,96,131,143,155,155],"floor_reached":28,"playtime":2282,"items_purged":["Strike_G"],"score":295,"play_id":"adc504dc-851c-494f-92e7-882226c42d09","local_time":"20201218162203","is_ascension_mode":true,"campfire_choices":[{"data":"Corpse Explosion","floor":6,"key":"SMITH"},{"data":"Well Laid Plans","floor":8,"key":"SMITH"},{"data":"Burst","floor":15,"key":"SMITH"},{"floor":23,"key":"REST"}],"circlet_count":0,"master_deck":["Strike_G","Strike_G","Strike_G","Strike_G","Defend_G","Defend_G","Defend_G","Defend_G","Defend_G","Survivor","Neutralize","Leg Sweep","Dodge and Roll","Corpse Explosion+1","Quick Slash","Well Laid Plans+1","Quick Slash","Quick Slash","Blade Dance","Dash","Burst+1","Dodge and Roll","Catalyst","Footwork","Night Terror","Blade Dance+1","PiercingWail","Footwork","Deadly Poison","Deadly Poison","Die Die Die"],"relics":["Ring of the Snake","Prayer Wheel","Ancient Tea Set","Centennial Puzzle","PreservedInsect","Golden Idol","Vajra","Black Star","Kunai","MawBank","Matryoshka","Ornamental Fan","Art of War","InkBottle","Mummified Hand"],"acts_visited":["Exordium","Exordium"],"potions_floor_usage":[14,18,24,24,24],"damage_taken":[{"damage":3,"enemies":"Cultist","floor":1,"turns":4},{"damage":0,"enemies":"2 Louse","floor":2,"turns":3},{"damage":2,"enemies":"Small Slimes","floor":5,"turns":5},{"damage":12,"enemies":"3 Sentries","floor":7,"turns":3},{"damage":4,"enemies":"Exordium Wildlife","floor":10,"turns":2},{"damage":14,"enemies":"Gremlin Nob","floor":11,"turns":4},{"damage":4,"enemies":"Exordium Thugs","floor":13,"turns":4},{"damage":7,"enemies":"Lagavulin Event","floor":14,"turns":5},{"damage":17,"enemies":"Hexaghost","floor":16,"turns":10},{"damage":16,"enemies":"theJungle:5_Spyders","floor":18,"turns":6},{"damage":1,"enemies":"theJungle:GiantWrat","floor":20,"turns":7},{"damage":40,"enemies":"theJungle:Lyon","floor":21,"turns":6},{"damage":12,"enemies":"theJungle:2_Phrogs","floor":24,"turns":10},{"damage":30,"enemies":"theJungle:2_Snecko_Cultists","floor":28,"turns":2}],"seed_played":"-3079262170472632768","potions_obtained":[{"floor":2,"key":"Strength Potion"},{"floor":10,"key":"SkillPotion"},{"floor":11,"key":"Energy Potion"},{"floor":14,"key":"Strength Potion"},{"floor":21,"key":"Dexterity Potion"}],"is_trial":false,"path_per_floor":["M","M","$","?","M","R","E","R","T","M","E","?","M","?","R","B",null,"M","$","M","M","$","R","E","?","T","T","M"],"character_chosen":"THE_SILENT","items_purchased":["Well Laid Plans","Footwork","Kunai"],"campfire_rested":1,"item_purchase_floors":[3,19,19],"current_hp_per_floor":[60,60,60,65,63,63,51,51,51,47,33,33,29,22,22,5,63,47,47,46,6,6,24,12,20,20,20,0,0],"gold":155,"neow_bonus":"ONE_RARE_RELIC","is_daily":false,"chose_seed":false,"campfire_upgraded":3,"win_rate":0.0,"timestamp":1608337323,"path_taken":["M","M","$","?","M","R","E","R","T","M","E","?","M","?","R","BOSS","M","$","M","M","$","R","E","?","T","?","M"],"items_purchased_type":["Card","Card","Relic"],"build_version":"2020-12-13","purchased_purges":1,"victory":false,"max_hp_per_floor":[63,63,63,68,68,68,68,68,68,68,68,63,63,63,63,63,63,63,63,63,63,63,63,63,63,63,63,63,63],"card_choices":[{"not_picked":["Poisoned Stab","Flying Knee"],"picked":"Leg Sweep","floor":1},{"not_picked":["Setup","Skewer"],"picked":"Dodge and Roll","floor":1},{"not_picked":["Prepared","Poisoned Stab"],"picked":"Corpse Explosion","floor":2},{"not_picked":["Reflex","Acrobatics"],"picked":"Quick Slash","floor":2},{"not_picked":["Dagger Spray","Distraction"],"picked":"Quick Slash","floor":5},{"not_picked":["Underhanded Strike","Dagger Throw"],"picked":"Quick Slash","floor":5},{"not_picked":["Sucker Punch","Backflip"],"picked":"Blade Dance","floor":7},{"not_picked":["Predator","All Out Attack"],"picked":"Dash","floor":10},{"not_picked":["Distraction","Blade Dance"],"picked":"Burst","floor":10},{"not_picked":["Concentrate","Sucker Punch"],"picked":"Dodge and Roll","floor":11},{"not_picked":["Distraction","Outmaneuver"],"picked":"Catalyst","floor":13},{"not_picked":["Slice","Expertise","Sucker Punch"],"picked":"SKIP","floor":13},{"not_picked":["Masterful Stab","Finisher"],"picked":"Footwork","floor":14},{"not_picked":["Glass Knife","Unload"],"picked":"Night Terror","floor":16},{"not_picked":["Dagger Throw","Dagger Spray"],"picked":"Blade Dance+1","floor":18},{"not_picked":["Prepared","Deadly Poison"],"picked":"PiercingWail","floor":18},{"not_picked":["Outmaneuver","Venomology"],"picked":"Deadly Poison","floor":20},{"not_picked":["Deadly Poison","Cloak And Dagger","Poisoned Stab"],"picked":"SKIP","floor":20},{"not_picked":["Dagger Throw","Underhanded Strike"],"picked":"Deadly Poison","floor":21},{"not_picked":["Eviscerate+1","Prepared","Sucker Punch+1"],"picked":"SKIP","floor":21},{"not_picked":["Dagger Throw","Backstab"],"picked":"Die Die Die","floor":24}],"player_experience":465807,"relics_obtained":[{"floor":7,"key":"Ancient Tea Set"},{"floor":9,"key":"Centennial Puzzle"},{"floor":11,"key":"PreservedInsect"},{"floor":24,"key":"MawBank"},{"floor":24,"key":"Matryoshka"},{"floor":26,"key":"Ornamental Fan"},{"floor":26,"key":"Art of War"},{"floor":27,"key":"InkBottle"},{"floor":27,"key":"Mummified Hand"}],"event_choices":[{"damage_healed":0,"gold_gain":0,"player_choice":"Donut","damage_taken":0,"max_hp_gain":5,"max_hp_loss":0,"event_name":"Big Fish","floor":4,"gold_loss":0},{"damage_healed":0,"gold_gain":0,"player_choice":"Lose Max HP","damage_taken":0,"relics_obtained":["Golden Idol"],"max_hp_gain":0,"max_hp_loss":5,"event_name":"Golden Idol","floor":12,"gold_loss":0},{"damage_healed":0,"gold_gain":30,"player_choice":"Searched \u00273\u0027 times","damage_taken":0,"relics_obtained":["Vajra"],"max_hp_gain":0,"max_hp_loss":0,"event_name":"Dead Adventurer","floor":14,"gold_loss":0}],"is_beta":false,"boss_relics":[{"not_picked":["Ectoplasm","Runic Pyramid"],"picked":"Black Star"}],"items_purged_floors":[19],"is_endless":false,"potions_floor_spawned":[2,10,11,14,16,21],"killed_by":"theJungle:2_Snecko_Cultists","ascension_level":4}}