{"host":"4xikrlo049sozq0n","time":1608418239,"event":{"mods":["AchievementEnabler","BaseMod","BetterRewards","Challenge The Spire","Colored Powertips","Downfall","Energized Spire","Highlight Path","Hubris","Minty Spire (QoL Compilation)","Permanent Neow","Quick Restart","Relic Filter","Relic Sorter","Remove Card Discount Mod","Replay The Spire","StSLib","SuperFastMode","Synergy Search"],"gold_per_floor":[110,122,122,19,34,63,63,63,63],"floor_reached":8,"playtime":358,"items_purged":["Strike_B","Strike_B","Defend_B"],"score":78,"play_id":"cb6f061b-37b3-4b88-98af-807f30371aa2","local_time":"20201219175039","is_ascension_mode":true,"campfire_choices":[{"floor":7,"key":"REST"}],"circlet_count":0,"master_deck":["Strike_B","Strike_B","Defend_B","Defend_B","Defend_B","Zap","Dualcast","FIFO Queue","Ball Lightning","Rainbow","Rainbow","Self Repair","FIFO Queue"],"relics":["Cracked Core","MawBank","hubris:Reverence"],"acts_visited":["Exordium"],"potions_floor_usage":[6,8],"damage_taken":[{"damage":1,"enemies":"Cultist","floor":1,"turns":4},{"damage":0,"enemies":"Small Slimes","floor":2,"turns":3},{"damage":19,"enemies":"Jaw Worm","floor":5,"turns":4},{"damage":39,"enemies":"Gremlin Nob","floor":6,"turns":5},{"damage":49,"enemies":"Lagavulin","floor":8,"turns":7}],"seed_played":"7311335005587047453","potions_obtained":[{"floor":5,"key":"Strength Potion"},{"floor":6,"key":"Swift Potion"}],"is_trial":false,"path_per_floor":["M","M","?","$","M","E","R","E"],"character_chosen":"DEFECT","items_purchased":["FIFO Queue","Rainbow"],"campfire_rested":1,"item_purchase_floors":[0,4],"current_hp_per_floor":[67,67,64,64,45,13,35,0,0],"gold":63,"neow_bonus":"","is_daily":false,"chose_seed":false,"campfire_upgraded":0,"win_rate":0.0,"timestamp":1608418239,"path_taken":["M","?","?","?","M","E","R","E"],"items_purchased_type":["Card","Card"],"build_version":"2020-12-13","purchased_purges":3,"victory":false,"max_hp_per_floor":[75,75,75,75,75,75,75,75,75],"card_choices":[{"not_picked":["Time Bomb","Compile Driver"],"picked":"Ball Lightning","floor":1},{"not_picked":["Coolheaded","Hologram","Go for the Eyes"],"picked":"SKIP","floor":2},{"not_picked":["Steam","Rip and Tear"],"picked":"Self Repair","floor":5},{"not_picked":["Undo","Turbo"],"picked":"FIFO Queue","floor":6}],"player_experience":900882,"relics_obtained":[{"floor":6,"key":"hubris:Reverence"}],"event_choices":[{"damage_healed":0,"gold_gain":0,"player_choice":"Success","damage_taken":3,"relics_obtained":["MawBank"],"max_hp_gain":0,"max_hp_loss":0,"event_name":"Scrap Ooze","floor":3,"gold_loss":0}],"is_beta":false,"boss_relics":[],"items_purged_floors":[0,0,0],"is_endless":false,"potions_floor_spawned":[5,6],"killed_by":"Lagavulin","ascension_level":8}}