{"host":"mqhvlr3kpxebko0t","time":1608359270,"event":{"mods":["AchievementEnabler","BaseMod","Colored Map","Colored Powertips","Keyboard Shortcuts","Minty Spire (QoL Compilation)","StSLib","SuperFastMode"],"gold_per_floor":[111,131,149,161,86,86,108,126,126,126,137,155,155,175,175,175,175],"floor_reached":16,"playtime":256,"items_purged":["Strike_P"],"score":178,"play_id":"bd863141-d444-4a8a-a88c-6755c8c9c065","local_time":"20201219152750","is_ascension_mode":true,"campfire_choices":[{"data":"FollowUp","floor":6,"key":"SMITH"},{"floor":13,"key":"REST"},{"data":"Vault","floor":15,"key":"SMITH"}],"circlet_count":0,"master_deck":["AscendersBane","Strike_P","Strike_P","Strike_P","Defend_P","Defend_P","Defend_P","Defend_P","Eruption+1","Vigilance","FollowUp+1","SandsOfTime","Vault+1"],"relics":["PureWater","Odd Mushroom","Anchor","Gremlin Horn"],"acts_visited":["Exordium"],"potions_floor_usage":[8,16,16],"damage_taken":[{"damage":5,"enemies":"2 Louse","floor":1,"turns":3},{"damage":0,"enemies":"Jaw Worm","floor":2,"turns":3},{"damage":0,"enemies":"Cultist","floor":3,"turns":4},{"damage":22,"enemies":"Large Slime","floor":4,"turns":7},{"damage":17,"enemies":"The Mushroom Lair","floor":7,"turns":4},{"damage":7,"enemies":"Gremlin Gang","floor":8,"turns":5},{"damage":6,"enemies":"Blue Slaver","floor":11,"turns":2},{"damage":0,"enemies":"2 Fungi Beasts","floor":12,"turns":4},{"damage":0,"enemies":"Large Slime","floor":14,"turns":3},{"damage":21,"enemies":"Hexaghost","floor":16,"turns":8}],"seed_played":"-1064812713096981758","potions_obtained":[{"floor":2,"key":"Ambrosia"},{"floor":4,"key":"Energy Potion"},{"floor":7,"key":"Swift Potion"},{"floor":8,"key":"PowerPotion"}],"is_trial":false,"path_per_floor":["M","M","M","M","$","R","?","M","T","T","M","M","R","M","R","B"],"character_chosen":"WATCHER","items_purchased":[],"campfire_rested":1,"item_purchase_floors":[],"current_hp_per_floor":[56,56,56,34,34,34,17,10,10,10,4,4,24,24,24,3,3],"gold":175,"neow_bonus":"UPGRADE_CARD","is_daily":false,"chose_seed":false,"campfire_upgraded":2,"win_rate":0.0,"timestamp":1608359270,"path_taken":["M","M","M","M","$","R","?","M","T","?","M","M","R","?","R","BOSS"],"items_purchased_type":[],"build_version":"2020-12-13","purchased_purges":1,"victory":false,"max_hp_per_floor":[68,68,68,68,68,68,68,68,68,68,68,68,68,68,68,68,68],"card_choices":[{"not_picked":["CutThroughFate","Crescendo","ThirdEye"],"picked":"SKIP","floor":1},{"not_picked":["CutThroughFate","Crescendo","FlyingSleeves"],"picked":"SKIP","floor":2},{"not_picked":["SashWhip","ThirdEye","Wallop"],"picked":"SKIP","floor":3},{"not_picked":["ClearTheMind","Protect"],"picked":"FollowUp","floor":4},{"not_picked":["Crescendo","EmptyBody","Pray"],"picked":"SKIP","floor":8},{"not_picked":["CutThroughFate","SignatureMove"],"picked":"SandsOfTime","floor":11},{"not_picked":["Pray","SignatureMove","CutThroughFate"],"picked":"SKIP","floor":12},{"not_picked":["ClearTheMind","CutThroughFate"],"picked":"Vault","floor":14}],"player_experience":647062,"relics_obtained":[{"floor":7,"key":"Odd Mushroom"},{"floor":9,"key":"Anchor"},{"floor":10,"key":"Gremlin Horn"}],"event_choices":[{"damage_healed":0,"gold_gain":0,"player_choice":"Fought Mushrooms","damage_taken":0,"max_hp_gain":0,"max_hp_loss":0,"event_name":"Mushrooms","floor":7,"gold_loss":0}],"is_beta":false,"boss_relics":[],"items_purged_floors":[5],"is_endless":false,"potions_floor_spawned":[2,4,7,8],"killed_by":"Hexaghost","ascension_level":17}}