{"host":"1a32ffxog1zcqoh0","time":1608417490,"event":{"mods":["BaseMod","Block Reminder","Colored Map","Colored Powertips","Googly Eyes","Minty Spire (QoL Compilation)","Quick Restart","Rare Cards Sparkle","Relic Stats","StSLib","Unceasing Turn Reminder","everything is the same but u backflip on backflip","slay the spire mod where everything is the same but ironclad has a cowboy hat"],"gold_per_floor":[119,119,132,143,160,160,186,186,213,241,38,38,55,70,70,170,170,188,207,207,207,232,263,263,274,274,274,274,77,107,119,119,214,214,230,280,502,502,518,546,546,575,575,575,587,614,627,647,647,647,647],"floor_reached":50,"playtime":3614,"items_purged":[],"score":775,"play_id":"6c814683-4468-4982-8948-78825576481f","local_time":"20201219173810","is_ascension_mode":true,"campfire_choices":[{"data":"Cloak And Dagger","floor":6,"key":"SMITH"},{"data":"Predator","floor":8,"key":"SMITH"},{"data":"Blur","floor":15,"key":"SMITH"},{"floor":24,"key":"REST"},{"floor":27,"key":"REST"},{"floor":32,"key":"REST"},{"floor":41,"key":"RECALL"},{"data":"Finisher","floor":44,"key":"SMITH"},{"floor":49,"key":"REST"}],"circlet_count":0,"master_deck":["Strike_G","Strike_G","Strike_G","Strike_G","Defend_G","Defend_G","Defend_G","Defend_G","Defend_G","Survivor","Neutralize","Footwork","Blur+1","Backflip","Cloak And Dagger+1","Predator+1","Dash","Dodge and Roll","Backflip","Unload","CurseOfTheBell","Blade Dance","Blade Dance","Backflip","Finisher+1","Accuracy","Flying Knee","Blade Dance+1","Prepared","Dagger Spray","Predator","Sucker Punch","Bullet Time","Calculated Gamble","Quick Slash","Accuracy+1"],"relics":["Ring of the Snake","Boot","Toy Ornithopter","Dream Catcher","Bag of Preparation","TheAbacus","Calling Bell","PreservedInsect","Gremlin Horn","Girya","Red Mask","Matryoshka","Kunai","HornCleat","MutagenicStrength","Bag of Marbles","Orichalcum","Busted Crown","Unceasing Top","Mango","Blood Vial","Snake Skull","Regal Pillow"],"acts_visited":["Exordium","TheCity","TheBeyond"],"potions_floor_usage":[7,7,10,16,22,23,30,48,50],"damage_taken":[{"damage":3,"enemies":"Cultist","floor":1,"turns":4},{"damage":3,"enemies":"Small Slimes","floor":3,"turns":5},{"damage":0,"enemies":"Jaw Worm","floor":4,"turns":7},{"damage":0,"enemies":"3 Louse","floor":5,"turns":4},{"damage":22,"enemies":"Gremlin Nob","floor":7,"turns":5},{"damage":5,"enemies":"3 Sentries","floor":10,"turns":11},{"damage":0,"enemies":"2 Fungi Beasts","floor":13,"turns":3},{"damage":0,"enemies":"Large Slime","floor":14,"turns":6},{"damage":46,"enemies":"Hexaghost","floor":16,"turns":18},{"damage":13,"enemies":"Chosen","floor":18,"turns":7},{"damage":17,"enemies":"Spheric Guardian","floor":19,"turns":7},{"damage":10,"enemies":"Masked Bandits","floor":22,"turns":4},{"damage":24,"enemies":"Book of Stabbing","floor":23,"turns":9},{"damage":38,"enemies":"Centurion and Healer","floor":25,"turns":9},{"damage":2,"enemies":"Slavers","floor":30,"turns":3},{"damage":16,"enemies":"Snake Plant","floor":31,"turns":7},{"damage":52,"enemies":"Champ","floor":33,"turns":19},{"damage":0,"enemies":"Orb Walker","floor":35,"turns":1},{"damage":0,"enemies":"Mind Bloom Boss Battle","floor":36,"turns":5},{"damage":0,"enemies":"3 Darklings","floor":39,"turns":1},{"damage":0,"enemies":"Reptomancer","floor":40,"turns":1},{"damage":0,"enemies":"Nemesis","floor":42,"turns":1},{"damage":1,"enemies":"Spire Growth","floor":45,"turns":3},{"damage":6,"enemies":"Jaw Worm Horde","floor":47,"turns":4},{"damage":9,"enemies":"Writhing Mass","floor":48,"turns":7},{"damage":96,"enemies":"Donu and Deca","floor":50,"turns":12}],"seed_played":"2381048974783623161","potions_obtained":[{"floor":3,"key":"AttackPotion"},{"floor":5,"key":"PowerPotion"},{"floor":7,"key":"Regen Potion"},{"floor":13,"key":"Block Potion"},{"floor":14,"key":"FairyPotion"},{"floor":18,"key":"FearPotion"},{"floor":22,"key":"EssenceOfSteel"},{"floor":25,"key":"AttackPotion"},{"floor":31,"key":"SpeedPotion"},{"floor":33,"key":"EssenceOfSteel"},{"floor":35,"key":"FearPotion"}],"is_trial":false,"path_per_floor":["M","?","M","M","M","R","E","R","T","E","$","?","M","M","R","B",null,"M","M","?","?","?","E","R","M","T","R","?","$","E","M","R","B",null,"M","?","?","?","M","E","R","E","T","R","M","T","M","M","R","B"],"character_chosen":"THE_SILENT","items_purchased":["TheAbacus","Dodge and Roll","Bag of Marbles","Prepared"],"campfire_rested":4,"item_purchase_floors":[11,11,29,29],"current_hp_per_floor":[67,67,64,64,64,64,42,42,42,57,57,70,70,70,70,24,59,46,29,52,52,47,28,49,11,11,32,32,32,35,19,40,19,57,57,57,57,57,57,71,71,71,71,71,72,72,68,66,84,0,0],"gold":647,"neow_bonus":"RANDOM_COMMON_RELIC","is_daily":false,"chose_seed":false,"campfire_upgraded":4,"win_rate":0.0,"timestamp":1608417490,"path_taken":["M","?","M","?","M","R","E","R","T","E","?","?","M","M","R","BOSS","M","?","?","?","?","E","R","M","T","R","?","$","E","M","R","BOSS","M","?","?","?","M","E","R","E","T","R","M","?","M","M","R","BOSS"],"items_purchased_type":["Relic","Card","Relic","Card"],"build_version":"2020-12-13","purchased_purges":0,"victory":false,"max_hp_per_floor":[70,70,70,70,70,70,70,70,70,70,70,70,70,70,70,70,70,70,70,70,70,70,70,70,70,70,70,70,70,70,70,70,70,70,70,70,70,70,70,84,84,84,84,84,84,84,84,84,84,84,84],"relic_stats":{"Regal Pillow":0,"Gremlin Horn":[8,10],"counters":[26,163],"PreservedInsect":200,"Snake Skull":[0],"Bag of Preparation":[40],"Orichalcum":[24],"Boot":[235],"Blood Vial":6,"Dream Catcher":4,"TheAbacus":[156],"Busted Crown":18,"Kunai":[61],"obtain_stats":[{"Girya":17,"Regal Pillow":46,"Gremlin Horn":17,"Mango":40,"PreservedInsect":17,"Snake Skull":43,"Bag of Preparation":10,"Orichalcum":30,"Boot":0,"Calling Bell":17,"Blood Vial":42,"Dream Catcher":9,"TheAbacus":11,"Matryoshka":23,"HornCleat":26,"Busted Crown":34,"MutagenicStrength":28,"Red Mask":22,"Bag of Marbles":29,"Kunai":26,"Toy Ornithopter":7,"Unceasing Top":36,"Ring of the Snake":0},{"Girya":9,"Regal Pillow":23,"Gremlin Horn":9,"Mango":21,"PreservedInsect":9,"Snake Skull":22,"Bag of Preparation":6,"Orichalcum":15,"Boot":0,"Calling Bell":9,"Blood Vial":22,"Dream Catcher":5,"TheAbacus":6,"Matryoshka":13,"HornCleat":14,"Busted Crown":17,"MutagenicStrength":14,"Red Mask":12,"Bag of Marbles":14,"Kunai":14,"Toy Ornithopter":5,"Unceasing Top":19,"Ring of the Snake":0},{"Girya":63,"Regal Pillow":140,"Gremlin Horn":63,"Mango":136,"PreservedInsect":63,"Snake Skull":137,"Bag of Preparation":36,"Orichalcum":102,"Boot":0,"Calling Bell":63,"Blood Vial":137,"Dream Catcher":25,"TheAbacus":36,"Matryoshka":90,"HornCleat":99,"Busted Crown":128,"MutagenicStrength":99,"Red Mask":81,"Bag of Marbles":99,"Kunai":99,"Toy Ornithopter":25,"Unceasing Top":134,"Ring of the Snake":0}],"Toy Ornithopter":30,"Unceasing Top":[4],"Ring of the Snake":[52]},"card_choices":[{"not_picked":["Outmaneuver","Setup"],"picked":"Footwork","floor":1},{"not_picked":["Masterful Stab","Reflex"],"picked":"Backflip","floor":3},{"not_picked":["Acrobatics","Blade Dance"],"picked":"Cloak And Dagger","floor":4},{"not_picked":["Tactician","Expertise"],"picked":"Predator","floor":5},{"not_picked":["Quick Slash","PiercingWail"],"picked":"Dash","floor":7},{"not_picked":["Setup","Grand Finale"],"picked":"Concentrate","floor":10},{"not_picked":["Choke","Predator"],"picked":"Dodge and Roll","floor":13},{"not_picked":["Accuracy","Choke"],"picked":"Backflip","floor":14},{"not_picked":["Wraith Form v2","Malaise"],"picked":"Unload","floor":16},{"not_picked":["PiercingWail","Accuracy"],"picked":"Blade Dance","floor":18},{"not_picked":["Accuracy","Sucker Punch"],"picked":"Blade Dance","floor":19},{"not_picked":["Dodge and Roll","Catalyst"],"picked":"Backflip","floor":22},{"not_picked":["Well Laid Plans","Reflex"],"picked":"Finisher","floor":23},{"not_picked":["Predator","Acrobatics+1"],"picked":"Accuracy","floor":24},{"not_picked":["Night Terror","Sucker Punch"],"picked":"Flying Knee","floor":25},{"not_picked":["All Out Attack","PiercingWail"],"picked":"Blade Dance+1","floor":27},{"not_picked":["Prepared","Flying Knee"],"picked":"Dagger Spray","floor":30},{"not_picked":["Finisher","Underhanded Strike"],"picked":"Predator","floor":31},{"not_picked":["Backflip","Glass Knife"],"picked":"Sucker Punch","floor":32},{"not_picked":["Envenom","Venomology"],"picked":"Bullet Time","floor":33},{"not_picked":[],"picked":"Calculated Gamble","floor":35},{"not_picked":[],"picked":"Quick Slash","floor":36},{"not_picked":["Bane"],"picked":"SKIP","floor":39},{"not_picked":["Deflect"],"picked":"SKIP","floor":40},{"not_picked":["Dagger Spray+1"],"picked":"SKIP","floor":42},{"not_picked":["Backflip"],"picked":"SKIP","floor":45},{"not_picked":["Flying Knee+1"],"picked":"SKIP","floor":47},{"not_picked":["Deflect+1"],"picked":"SKIP","floor":48},{"not_picked":[],"picked":"Accuracy+1","floor":49}],"player_experience":243032,"relics_obtained":[{"floor":7,"key":"Toy Ornithopter"},{"floor":9,"key":"Dream Catcher"},{"floor":10,"key":"Bag of Preparation"},{"floor":17,"key":"PreservedInsect"},{"floor":17,"key":"Gremlin Horn"},{"floor":17,"key":"Girya"},{"floor":22,"key":"Red Mask"},{"floor":23,"key":"Matryoshka"},{"floor":26,"key":"Kunai"},{"floor":26,"key":"HornCleat"},{"floor":30,"key":"Orichalcum"},{"floor":36,"key":"Unceasing Top"},{"floor":40,"key":"Mango"},{"floor":42,"key":"Blood Vial"},{"floor":43,"key":"Snake Skull"},{"floor":46,"key":"Regal Pillow"}],"event_choices":[{"damage_healed":0,"gold_gain":0,"cards_transformed":["Strike_G"],"player_choice":"Transformed","damage_taken":0,"max_hp_gain":0,"max_hp_loss":0,"event_name":"Transmorgrifier","floor":2,"gold_loss":0,"cards_obtained":["Blur"]},{"cards_removed":["Concentrate"],"damage_healed":13,"gold_gain":0,"player_choice":"Offered Uncommon","damage_taken":0,"max_hp_gain":0,"max_hp_loss":0,"event_name":"Bonfire Elementals","floor":12,"gold_loss":0},{"damage_healed":23,"gold_gain":0,"player_choice":"Heal","damage_taken":0,"max_hp_gain":0,"max_hp_loss":0,"event_name":"The Library","floor":20,"gold_loss":0},{"damage_healed":0,"gold_gain":0,"player_choice":"Ignored","damage_taken":0,"max_hp_gain":0,"max_hp_loss":0,"event_name":"Cursed Tome","floor":21,"gold_loss":0},{"damage_healed":0,"gold_gain":0,"player_choice":"Fought Bandits","damage_taken":0,"max_hp_gain":0,"max_hp_loss":0,"event_name":"Masked Bandits","floor":22,"gold_loss":0},{"damage_healed":0,"gold_gain":0,"player_choice":"Inject Mutagens","damage_taken":0,"relics_obtained":["MutagenicStrength"],"max_hp_gain":0,"max_hp_loss":0,"event_name":"Drug Dealer","floor":28,"gold_loss":0},{"damage_healed":0,"gold_gain":0,"player_choice":"Fight","damage_taken":0,"max_hp_gain":0,"max_hp_loss":0,"event_name":"MindBloom","floor":36,"gold_loss":0},{"damage_healed":0,"gold_gain":222,"player_choice":"Wore Mask","damage_taken":0,"max_hp_gain":0,"max_hp_loss":0,"event_name":"Tomb of Lord Red Mask","floor":37,"gold_loss":0},{"cards_removed":["Dodge and Roll"],"damage_healed":0,"gold_gain":0,"player_choice":"Removed Skill","damage_taken":0,"max_hp_gain":0,"max_hp_loss":0,"event_name":"Falling","floor":38,"gold_loss":0}],"is_beta":false,"boss_relics":[{"not_picked":["Runic Dome","SacredBark"],"picked":"Calling Bell"},{"not_picked":["Velvet Choker","Sozu"],"picked":"Busted Crown"}],"items_purged_floors":[],"is_endless":false,"potions_floor_spawned":[3,5,7,13,14,18,22,25,31,33,35,42,47],"killed_by":"Donu and Deca","ascension_level":5}}