{"host":"41o2x9tazfds4ymf","time":1608389870,"event":{"mods":["Act Like it!","BaseMod","Better Vampires","Colored Powertips","Gensokyo","Hallownest","Lobotomy","LobotomyExtend","Minty Spire (QoL Compilation)","Remilia（蕾米莉亚）","Shop Mod","StSLib","TestMod","Waifu the Spire","WarShipGirlsR/战舰少女R mod","[IsaacMod]以撒尖塔","【东方二次创作】八云紫mod"],"gold_per_floor":[110,126,126,116,134,166,166,176,176,176,192,192,227,240,240,344,344,359,359,438,438,62,62,62],"floor_reached":23,"playtime":1063,"items_purged":["Rudolta"],"score":438,"play_id":"949ee792-398e-4326-8636-28696c74606e","local_time":"20201219225750","is_ascension_mode":true,"campfire_choices":[{"data":"ScarletNetherworld","floor":7.0,"key":"SMITH"},{"data":"BloodAndWine","floor":12.0,"key":"SMITH"},{"data":"ScarletMeister","floor":15.0,"key":"SMITH"}],"circlet_count":0,"master_deck":["AscendersBane","Strike_RM","Strike_RM","Strike_RM","Strike_RM","Defend_RM","Defend_RM","Defend_RM","RedMoon+1","ScarletShoot+1","BloodyBrimstone+1","EquivalentExchange+1","DiffusionOfMisfortune+1","HappyTeddy","EmergencyRegeneration","CeilingFear","Freischutz","ForecastOfChange","DreamingCurrent","ScarletNetherworld+1","BloodAndWine+1","ShyLook","ScarletMeister+1","Variant","WallGazer","TransientEternity"],"relics":["ScarletHat","testmod-TestBox","HushsDoor","CogitoBucket","HowToJump","testmod-NegativeEmotionEnhancer","LetterFromLob","Moonlight_r","ScarletDevilRocket","TheBible","SkinProphecy","TheBean","Black Star","GuppysPaw","Orichalcum","Letter Opener","testmod-AssaultLearning","testmod-ObsoleteBoomerang","Frozen Eye"],"acts_visited":["Exordium","Gensokyo:Gensokyoer"],"potions_floor_usage":[],"damage_taken":[{"damage":4.0,"enemies":"Jaw Worm","floor":1.0,"turns":5.0},{"damage":4.0,"enemies":"2 Louse","floor":2.0,"turns":6.0},{"damage":39.0,"enemies":"Cultist","floor":5.0,"turns":2.0},{"damage":52.0,"enemies":"Lagavulin","floor":6.0,"turns":8.0},{"damage":0.0,"enemies":"2 Fungi Beasts","floor":8.0,"turns":2.0},{"damage":44.0,"enemies":"Large Slime","floor":11.0,"turns":6.0},{"damage":23.0,"enemies":"3 Sentries","floor":13.0,"turns":5.0},{"damage":4.0,"enemies":"3 Louse","floor":14.0,"turns":4.0},{"damage":0.0,"enemies":"Slime Boss","floor":16.0,"turns":6.0},{"damage":0,"enemies":"Gensokyo:2_Gloops","floor":18,"turns":3},{"damage":13,"enemies":"Gensokyo:Koishi","floor":23,"turns":5}],"seed_played":"5755317742132468552","potions_obtained":[{"floor":8.0,"key":"BlessingOfTheForge"},{"floor":11.0,"key":"Fire Potion"},{"floor":13.0,"key":"Weak Potion"},{"floor":16,"key":"LiquidBronze"}],"is_trial":false,"path_per_floor":["M","M","?","?","M","E","R","M","T","?","M","R","E","M","R","B",null,"M","?","T","?","$","E"],"character_chosen":"REMILIA","items_purchased":["Damocles","GuppysPaw","testmod-ObsoleteBoomerang"],"campfire_rested":0,"item_purchase_floors":[17,17,22],"current_hp_per_floor":[66,67,38,38,37,72,72,74,74,67,52,52,76,81,81,81,61,61,61,61,57,57,0,0],"gold":62,"neow_bonus":"","is_daily":false,"chose_seed":false,"campfire_upgraded":3,"win_rate":0.0,"timestamp":1608389870,"path_taken":["M","M","?","?","M","E","R","M","T","?","M","R","E","M","R","BOSS","BOSS","M","?","?","?","$","E"],"items_purchased_type":["Relic","Relic","Relic"],"build_version":"2020-12-13","purchased_purges":1,"victory":false,"max_hp_per_floor":[76,77,77,77,75,73,73,74,74,74,75,75,78,81,81,81,61,61,61,61,57,57,59,59],"card_choices":[{"not_picked":[],"picked":"BloodyBrimstone","floor":0.0},{"not_picked":["Stigmanizer","DiffusionOfMisfortune"],"picked":"EquivalentExchange","floor":1.0},{"not_picked":["OldLady","CherryBlossoms"],"picked":"Rudolta","floor":1.0},{"not_picked":["Bomb","ScarletDevil"],"picked":"DiffusionOfMisfortune","floor":2.0},{"not_picked":["UniverseFragment","MHz"],"picked":"HappyTeddy","floor":2.0},{"not_picked":[],"picked":"EmergencyRegeneration","floor":4.0},{"not_picked":[],"picked":"CeilingFear","floor":4.0},{"not_picked":["OSAHOGD","CherryBlossoms"],"picked":"Freischutz","floor":5.0},{"not_picked":["CharismaGuard","UnstableMagic"],"picked":"ForecastOfChange","floor":5.0},{"not_picked":["OldLady","MHz"],"picked":"DreamingCurrent","floor":6.0},{"not_picked":["EndlessAdversity","ChainGang"],"picked":"ScarletNetherworld","floor":6.0},{"not_picked":["VoidDream","Wellcheers"],"picked":"MeatLantern","floor":8.0},{"not_picked":["BadLadyScramble","AfternoonTea"],"picked":"BloodAndWine","floor":8.0},{"not_picked":["Wellcheers","Bloodbath"],"picked":"ShyLook","floor":11.0},{"not_picked":["CeilingFear","UnstableMagic","VampireKiss"],"picked":"SKIP","floor":11.0},{"not_picked":["KillingBlow","Maim"],"picked":"ScarletMeister","floor":13.0},{"not_picked":["MHz","FairyFestival"],"picked":"Variant","floor":13.0},{"not_picked":["LongBird","CrumblingArmor"],"picked":"WallGazer","floor":14.0},{"not_picked":["GlobalNightmare","FavorOfDestiny"],"picked":"Bomb","floor":14.0},{"not_picked":["EquivalentExchange","BatForm"],"picked":"TransientEternity","floor":16},{"not_picked":["Wellcheers","MeatLantern","OSAHOGD"],"picked":"Singing Bowl","floor":18},{"not_picked":["Stigmanizer","VampireKiss","EmergencyRegeneration"],"picked":"SKIP","floor":18}],"player_experience":205261,"relics_obtained":[{"floor":1.0,"key":"LetterFromLob"},{"floor":6.0,"key":"ScarletDevilRocket"},{"floor":9.0,"key":"TheBible"},{"floor":13.0,"key":"TheBean"},{"floor":18,"key":"Orichalcum"},{"floor":20,"key":"Letter Opener"}],"event_choices":[{"cards_removed":["MeatLantern"],"damage_healed":0.0,"max_hp_gain":0.0,"max_hp_loss":0.0,"gold_gain":0.0,"event_name":"Golden Wing","player_choice":"Card Removal","floor":10.0,"gold_loss":0.0,"damage_taken":7.0}],"is_beta":false,"boss_relics":[{"not_picked":["Astrolabe","testmod-DreamHouse"],"picked":"Black Star"},{"not_picked":[]}],"items_purged_floors":[22],"is_endless":false,"potions_floor_spawned":[8,11,13,16],"killed_by":"Gensokyo:Koishi","ascension_level":12}}