{"host":"zrerxgu8lagrk16e","time":1608348729,"event":{"mods":["AchievementEnabler","BaseMod","Better Altar","Better Match","Better Note","Better Sensory Stone","Better Skull","Better Third Choice","Colored Map","Colored Powertips","Minty Spire (QoL Compilation)","Permanent Neow","Quick Restart","Relic Stats","StSLib","Waifu the Spire","slay the spire mod where everything is the same but ironclad has a cowboy hat"],"gold_per_floor":[112,112,62,14,38,38,81,101,101,121,121,162,171,223,223,362,362,387,135,135,162,189,238,262,315,315,515,557,584,584,626,626,766,766,800,823,612,642,674,674,714,714,738,772,598,627,402,430,430,430,430,430,12,61,61],"floor_reached":56,"playtime":4415,"items_purged":["Strike_P","Strike_P"],"score":1562,"play_id":"bf87a90e-e6eb-4455-977d-626f2064d35b","local_time":"20201218223209","is_ascension_mode":true,"campfire_choices":[{"data":"Eruption","floor":6.0,"key":"SMITH"},{"floor":15.0,"key":"REST"},{"floor":30.0,"key":"REST"},{"floor":32.0,"key":"REST"},{"floor":40.0,"key":"REST"},{"floor":42.0,"key":"REST"},{"floor":49.0,"key":"RECALL"},{"floor":52,"key":"REST"}],"circlet_count":0,"master_deck":["Strike_P","Defend_P","Defend_P","Defend_P","Defend_P","Eruption+1","Vigilance","FlyingSleeves","FlurryOfBlows","EmptyFist","ForeignInfluence","Tantrum","Flash of Steel","FlurryOfBlows","Adaptation","Omniscience","JustLucky","Wallop","Study","Crescendo","EmptyBody","Conclude","Prostrate","Halt","CrushJoints+1","Perseverance","InnerPeace+1","Establishment","PathToVictory","EmptyMind","Eruption+1","Ragnarok","ClearTheMind+1","MentalFortress+1","Consecrate+1","CarveReality","DevaForm","Brilliance","JustLucky+1","ForeignInfluence","Prostrate","FlyingSleeves+1","Swivel","Wireheading","WindmillStrike"],"relics":["PureWater","TungstenRod","Golden Idol","Oddly Smooth Stone","Thread and Needle","CeramicFish","Shuriken","Fusion Hammer","Membership Card","Dead Branch","MealTicket","Mercury Hourglass","Bottled Lightning","Lantern","Empty Cage","Akabeko","DollysMirror","Orichalcum","Damaru","Strawberry","Cauldron","Bag of Preparation","Torii","Sling","FossilizedHelix","Pen Nib"],"acts_visited":["Exordium","TheCity","TheBeyond","TheEnding"],"potions_floor_usage":[50,54,55],"damage_taken":[{"damage":0.0,"enemies":"2 Louse","floor":1.0,"turns":2.0},{"damage":0.0,"enemies":"Jaw Worm","floor":5.0,"turns":4.0},{"damage":12.0,"enemies":"3 Sentries","floor":7.0,"turns":3.0},{"damage":0.0,"enemies":"Small Slimes","floor":8.0,"turns":2.0},{"damage":0.0,"enemies":"3 Louse","floor":10.0,"turns":3.0},{"damage":0.0,"enemies":"Gremlin Nob","floor":12.0,"turns":2.0},{"damage":7.0,"enemies":"3 Sentries","floor":14.0,"turns":7.0},{"damage":0.0,"enemies":"Slime Boss","floor":16.0,"turns":3.0},{"damage":0.0,"enemies":"3 Byrds","floor":18.0,"turns":3.0},{"damage":2.0,"enemies":"Shell Parasite","floor":21.0,"turns":3.0},{"damage":6.0,"enemies":"Centurion and Healer","floor":22.0,"turns":3.0},{"damage":1.0,"enemies":"Book of Stabbing","floor":23.0,"turns":3.0},{"damage":1.0,"enemies":"Chosen and Byrds","floor":24.0,"turns":2.0},{"damage":0.0,"enemies":"Gremlin Leader","floor":25.0,"turns":4.0},{"damage":4.0,"enemies":"Book of Stabbing","floor":28.0,"turns":4.0},{"damage":35.0,"enemies":"Snake Plant","floor":29.0,"turns":3.0},{"damage":21.0,"enemies":"Gremlin Leader","floor":31.0,"turns":4.0},{"damage":66.0,"enemies":"Collector","floor":33.0,"turns":7.0},{"damage":0.0,"enemies":"Orb Walker","floor":35.0,"turns":3.0},{"damage":4.0,"enemies":"3 Darklings","floor":36.0,"turns":3.0},{"damage":8.0,"enemies":"Writhing Mass","floor":38.0,"turns":2.0},{"damage":22.0,"enemies":"Spire Growth","floor":39.0,"turns":3.0},{"damage":0.0,"enemies":"Giant Head","floor":41.0,"turns":3.0},{"damage":10.0,"enemies":"Transient","floor":44.0,"turns":5.0},{"damage":31.0,"enemies":"Writhing Mass","floor":46.0,"turns":6.0},{"damage":24.0,"enemies":"Maw","floor":48.0,"turns":5.0},{"damage":21,"enemies":"Awakened One","floor":50,"turns":7},{"damage":0,"enemies":"Shield and Spear","floor":54,"turns":4},{"damage":64,"enemies":"The Heart","floor":55,"turns":8}],"seed_played":"-1587136532497953139","potions_obtained":[{"floor":1.0,"key":"DistilledChaos"},{"floor":5.0,"key":"FearPotion"},{"floor":12.0,"key":"SkillPotion"},{"floor":16.0,"key":"ColorlessPotion"},{"floor":18.0,"key":"Regen Potion"},{"floor":21.0,"key":"PowerPotion"},{"floor":25.0,"key":"Fire Potion"},{"floor":31.0,"key":"BlessingOfTheForge"},{"floor":33.0,"key":"Explosive Potion"},{"floor":36.0,"key":"FearPotion"},{"floor":38.0,"key":"Dexterity Potion"},{"floor":39.0,"key":"DuplicationPotion"},{"floor":44.0,"key":"Dexterity Potion"},{"floor":47.0,"key":"LiquidMemories"},{"floor":47.0,"key":"DuplicationPotion"},{"floor":47.0,"key":"Regen Potion"},{"floor":48.0,"key":"GamblersBrew"}],"is_trial":false,"path_per_floor":["M","?","?","$","M","R","E","M","T","M","?","E","?","E","R","B",null,"M","$","?","M","M","E","M","E","T","?","E","M","R","E","R","B",null,"M","M","$","M","M","R","E","R","T","M","$","M","$","M","R","B",null,"R","$","E","B",null],"character_chosen":"WATCHER","items_purchased":["PowerPotion","Membership Card","FairyPotion","Wallop","Study","Crescendo","Akabeko","DollysMirror","Ragnarok","Strawberry","DevaForm","Brilliance","ForeignInfluence","Cauldron","Bag of Preparation","Prostrate","Torii","Swivel","Sling","FossilizedHelix","Wireheading"],"campfire_rested":6,"item_purchase_floors":[4,19,19,19,19,19,37,37,37,45,45,45,47,47,47,47,53,53,53,53,53],"current_hp_per_floor":[72,55,55,55,55,55,43,43,43,43,43,43,43,36,57,57,72,72,72,72,70,64,63,62,62,62,62,67,32,53,32,53,18,72,72,68,72,64,42,63,63,72,72,62,79,48,63,51,51,30,79,79,79,79,15],"gold":61,"neow_bonus":"ONE_RARE_RELIC","is_daily":false,"chose_seed":false,"campfire_upgraded":1,"win_rate":0.0,"timestamp":1608348729,"path_taken":["M","?","?","$","M","R","E","M","T","?","?","E","?","E","R","BOSS","M","$","?","M","M","E","M","E","T","?","E","?","R","E","R","BOSS","M","M","$","M","M","R","E","R","T","?","$","M","$","M","R","BOSS","R","$","E","BOSS"],"items_purchased_type":["Potion","Relic","Potion","Card","Card","Card","Relic","Relic","Card","Relic","Card","Card","Card","Relic","Relic","Card","Relic","Card","Relic","Relic","Card"],"build_version":"2020-12-13","purchased_purges":2,"victory":true,"max_hp_per_floor":[72,72,72,72,72,72,72,72,72,72,72,72,72,72,72,72,72,72,72,72,72,72,72,72,72,72,72,72,72,72,72,72,72,72,72,72,72,72,72,72,72,72,72,72,79,79,79,79,79,79,79,79,79,79,79],"relic_stats":{"Torii":51,"counters":[29,110],"Golden Idol":238,"CeramicFish":288,"Dead Branch":[71],"Pen Nib":[3],"Bag of Preparation":[8],"Orichalcum":[24],"Mercury Hourglass":[229],"Shuriken":[90],"MealTicket":29,"obtain_stats":[{"Lantern":31,"Torii":53,"CeramicFish":13,"Bag of Preparation":47,"Empty Cage":34,"Sling":53,"DollysMirror":37,"Strawberry":45,"MealTicket":25,"Fusion Hammer":17,"Golden Idol":2,"Dead Branch":23,"Oddly Smooth Stone":7,"Damaru":43,"Thread and Needle":12,"Pen Nib":54,"Orichalcum":41,"Akabeko":37,"Mercury Hourglass":26,"Cauldron":47,"Shuriken":14,"Membership Card":19,"Bottled Lightning":28,"PureWater":0,"TungstenRod":0,"FossilizedHelix":53},{"Lantern":17,"Torii":27,"CeramicFish":6,"Bag of Preparation":25,"Empty Cage":18,"Sling":27,"DollysMirror":20,"Strawberry":24,"MealTicket":14,"Fusion Hammer":8,"Golden Idol":1,"Dead Branch":12,"Oddly Smooth Stone":3,"Damaru":23,"Thread and Needle":6,"Pen Nib":28,"Orichalcum":23,"Akabeko":20,"Mercury Hourglass":14,"Cauldron":25,"Shuriken":7,"Membership Card":9,"Bottled Lightning":15,"PureWater":0,"TungstenRod":0,"FossilizedHelix":27},{"Lantern":55,"Torii":98,"CeramicFish":16,"Bag of Preparation":86,"Empty Cage":62,"Sling":98,"DollysMirror":68,"Strawberry":80,"MealTicket":44,"Fusion Hammer":26,"Golden Idol":2,"Dead Branch":38,"Oddly Smooth Stone":9,"Damaru":75,"Thread and Needle":16,"Pen Nib":102,"Orichalcum":75,"Akabeko":68,"Mercury Hourglass":44,"Cauldron":86,"Shuriken":23,"Membership Card":29,"Bottled Lightning":48,"PureWater":0,"TungstenRod":0,"FossilizedHelix":98}],"TungstenRod":71},"card_choices":[{"not_picked":["ThirdEye","BowlingBash"],"picked":"FlyingSleeves","floor":1.0},{"not_picked":["Evaluate","Worship"],"picked":"FlurryOfBlows","floor":5.0},{"not_picked":["ClearTheMind","WaveOfTheHand"],"picked":"EmptyFist","floor":7.0},{"not_picked":["Collect","Meditate"],"picked":"ForeignInfluence","floor":8.0},{"not_picked":["FollowUp","Wireheading"],"picked":"Tantrum","floor":10.0},{"not_picked":["Impatience","Finesse"],"picked":"Flash of Steel","floor":11.0},{"not_picked":["Pray","Fasting2"],"picked":"FlurryOfBlows","floor":12.0},{"not_picked":["Meditate","Swivel"],"picked":"Adaptation","floor":14.0},{"not_picked":["Judgement","Vault"],"picked":"Omniscience","floor":16.0},{"not_picked":["EmptyFist","Protect"],"picked":"JustLucky","floor":18.0},{"not_picked":["Wallop","FearNoEvil"],"picked":"EmptyBody","floor":21.0},{"not_picked":["BowlingBash+1","JustLucky"],"picked":"Conclude","floor":22.0},{"not_picked":["Crescendo","Protect"],"picked":"Prostrate","floor":23.0},{"not_picked":["Evaluate+1","DeceiveReality+1","CutThroughFate"],"picked":"SKIP","floor":24.0},{"not_picked":["Fasting2","Wireheading"],"picked":"Halt","floor":25.0},{"not_picked":["ThirdEye+1","Meditate+1"],"picked":"CrushJoints+1","floor":28.0},{"not_picked":["Vault","EmptyFist"],"picked":"Perseverance","floor":29.0},{"not_picked":["Evaluate+1","Halt+1"],"picked":"InnerPeace+1","floor":31.0},{"not_picked":["Vault","Omniscience"],"picked":"Establishment","floor":33.0},{"not_picked":["FollowUp+1","Halt+1"],"picked":"PathToVictory","floor":35.0},{"not_picked":["Perseverance+1","FearNoEvil"],"picked":"EmptyMind","floor":36.0},{"not_picked":["Crescendo","WaveOfTheHand+1"],"picked":"ClearTheMind+1","floor":38.0},{"not_picked":["FearNoEvil","SignatureMove"],"picked":"MentalFortress+1","floor":39.0},{"not_picked":["Wireheading+1","JustLucky+1"],"picked":"Consecrate+1","floor":41.0},{"not_picked":["FearNoEvil+1","PathToVictory"],"picked":"CarveReality","floor":44.0},{"not_picked":["WheelKick","Brilliance"],"picked":"JustLucky+1","floor":46.0},{"not_picked":["Protect","Adaptation"],"picked":"FlyingSleeves+1","floor":48.0},{"not_picked":["Fasting2+1","BowlingBash+1"],"picked":"WindmillStrike","floor":54}],"player_experience":133978,"relics_obtained":[{"floor":7.0,"key":"Oddly Smooth Stone"},{"floor":12.0,"key":"Thread and Needle"},{"floor":14.0,"key":"Shuriken"},{"floor":23.0,"key":"Dead Branch"},{"floor":25.0,"key":"MealTicket"},{"floor":26.0,"key":"Mercury Hourglass"},{"floor":28.0,"key":"Bottled Lightning"},{"floor":31.0,"key":"Lantern"},{"floor":41.0,"key":"Orichalcum"},{"floor":43.0,"key":"Damaru"},{"floor":54,"key":"Pen Nib"}],"event_choices":[{"damage_healed":0.0,"max_hp_gain":0.0,"max_hp_loss":0.0,"gold_gain":0.0,"event_name":"Golden Idol","player_choice":"Take Damage","floor":2.0,"gold_loss":0.0,"damage_taken":18.0,"relics_obtained":["Golden Idol"]},{"cards_removed":["Decay"],"damage_healed":0.0,"max_hp_gain":0.0,"max_hp_loss":0.0,"gold_gain":0.0,"event_name":"The Cleric","player_choice":"Card Removal","floor":3.0,"gold_loss":50.0,"damage_taken":0.0},{"damage_healed":0.0,"max_hp_gain":0.0,"max_hp_loss":0.0,"gold_gain":1.0,"event_name":"betterStone:BetterStone","player_choice":"1","floor":11.0,"gold_loss":0.0,"damage_taken":0.0},{"damage_healed":0.0,"max_hp_gain":0.0,"max_hp_loss":0.0,"gold_gain":0.0,"event_name":"Big Fish","player_choice":"Box","floor":13.0,"gold_loss":0.0,"damage_taken":0.0,"relics_obtained":["CeramicFish"],"cards_obtained":["Regret"]},{"damage_healed":0.0,"max_hp_gain":0.0,"max_hp_loss":0.0,"gold_gain":0.0,"event_name":"Ghosts","player_choice":"Ignored","floor":20.0,"gold_loss":0.0,"damage_taken":0.0},{"damage_healed":0.0,"max_hp_gain":0.0,"max_hp_loss":0.0,"gold_gain":250.0,"event_name":"The Joust","player_choice":"Bet on Owner","floor":27.0,"gold_loss":50.0,"damage_taken":0.0}],"is_beta":false,"boss_relics":[{"not_picked":["Runic Pyramid","Busted Crown"],"picked":"Fusion Hammer"},{"not_picked":["Sozu","Velvet Choker"],"picked":"Empty Cage"}],"items_purged_floors":[37,47],"is_endless":false,"potions_floor_spawned":[1,5,12,16,18,21,25,31,33,36,38,39,44,48],"ascension_level":2}}