{"host":"s0d2u711fzg2n3il","time":1608391538,"event":{"mods":["2.2 Compatiblity","AchievementEnabler","Act Like it!","Aspiration","BaseMod","BetterRewards","Block Reminder","Conspire","Downfall","Duelist Mod","Ekko","GifTheSpireLib","Hermit","Hubris","JesterMod","Minty Spire (QoL Compilation)","Rare Cards Sparkle","Replay The Spire","Shade Mod","Somnambulant","StSLib","The Bug Knight","The Construct","The Cursed","The Death Knight","The Disciple","The Hierophant","The Necromancer","The Runesmith","The Valiant","TheVacant","vexMod"],"gold_per_floor":[110,110,126,126,145,145,145,145,145,159,159,188,37,47,47,47,47],"floor_reached":16,"playtime":1155,"items_purged":[],"score":100,"play_id":"2b650504-093d-4c5f-aaed-30e132eeba20","local_time":"20201219162538","is_ascension_mode":false,"campfire_choices":[{"data":"theVacant:Release","floor":6,"key":"SMITH"},{"data":"theVacant:VacantStarterDefend","floor":8,"key":"SMITH"},{"floor":15,"key":"REST"}],"circlet_count":0,"master_deck":["theVacant:VacantStarterStrike","theVacant:VacantStarterStrike","theVacant:VacantStarterStrike","theVacant:VacantStarterStrike","theVacant:VacantStarterDefend","theVacant:VacantStarterDefend","theVacant:VacantStarterDefend","theVacant:VacantStarterDefend+1","theVacant:Release+1","theVacant:Crunch","Injury","theVacant:Immaterialize+1","theVacant:Husk+1","theVacant:HolyWater","theVacant:Hex"],"relics":["theVacant:BrassGoblet","NeowsBlessing","Frozen Egg 2","DeathKnight:PutricidesVial","Boot"],"acts_visited":["Exordium"],"potions_floor_usage":[12,12],"damage_taken":[{"damage":0,"enemies":"Jaw Worm","floor":1,"turns":1},{"damage":0,"enemies":"Cultist","floor":3,"turns":1},{"damage":0,"enemies":"Small Slimes","floor":5,"turns":1},{"damage":8,"enemies":"Exordium Wildlife","floor":10,"turns":5},{"damage":31,"enemies":"3 Sentries","floor":12,"turns":10},{"damage":0,"enemies":"2 Fungi Beasts","floor":14,"turns":4},{"damage":75,"enemies":"Fading Forest","floor":16,"turns":7}],"seed_played":"5008117596045364573","potions_obtained":[{"floor":1,"key":"Venom Potion"},{"floor":3,"key":"LiquidMemories"},{"floor":12,"key":"DeathKnight:RimePotion"}],"is_trial":false,"path_per_floor":["M","?","M","?","M","R","$","R","T","M","?","E","$","M","R","B"],"character_chosen":"THE_VACANT","items_purchased":["Boot"],"campfire_rested":1,"item_purchase_floors":[13],"current_hp_per_floor":[80,80,80,80,80,80,80,80,80,72,72,41,41,41,65,0,0],"gold":47,"neow_bonus":"THREE_ENEMY_KILL","is_daily":false,"chose_seed":false,"campfire_upgraded":2,"win_rate":0.0,"timestamp":1608391538,"path_taken":["M","?","M","?","?","R","$","R","T","M","?","E","?","M","R","BOSS"],"items_purchased_type":["Relic"],"build_version":"2020-12-13","purchased_purges":0,"victory":false,"max_hp_per_floor":[80,80,80,80,80,80,80,80,80,80,80,80,80,80,80,80,80],"card_choices":[{"not_picked":["theVacant:Gloom","theVacant:CleanseSoul","theVacant:Cower"],"picked":"SKIP","floor":1},{"not_picked":["theVacant:GraveDigger","theVacant:OnSecondThought"],"picked":"theVacant:Immaterialize+1","floor":3},{"not_picked":["theVacant:Cower","theVacant:Acceptance+1"],"picked":"theVacant:Husk+1","floor":5},{"not_picked":["theVacant:Dig","theVacant:Jab"],"picked":"theVacant:HolyWater","floor":10},{"not_picked":["theVacant:Thoughtseize","theVacant:Soothe"],"picked":"theVacant:Hex","floor":12},{"not_picked":["theVacant:Thoughtseize","theVacant:Dig","theVacant:Throttle"],"picked":"SKIP","floor":14}],"player_experience":542604,"relics_obtained":[{"floor":12,"key":"DeathKnight:PutricidesVial"}],"event_choices":[{"damage_healed":0,"gold_gain":0,"player_choice":"Ignored","damage_taken":0,"max_hp_gain":0,"max_hp_loss":0,"event_name":"NoteForYourself","floor":4,"gold_loss":0}],"is_beta":false,"boss_relics":[],"items_purged_floors":[],"is_endless":false,"potions_floor_spawned":[1,3,12],"killed_by":"Fading Forest","ascension_level":0}}