{"host":"i0avyit1s6jb1siw","time":1608401143,"event":{"mods":["BaseMod","DeckTracker","Dota2Spire","Highlight Path","Minty Spire (QoL Compilation)","Quick Restart","Replay The Spire","StSLib","SuperFastMode"],"gold_per_floor":[117,117,117,134,148,148,170,170,170,204,223,235,252,268,268,344,344,356,356,626,645,645,645],"floor_reached":22,"playtime":630,"items_purged":[],"score":376,"play_id":"8cf92a18-b81e-451d-95de-381cbd5a3a0f","local_time":"20201219190543","is_ascension_mode":true,"campfire_choices":[{"data":"Footwork","floor":6.0,"key":"SMITH"},{"floor":8.0,"key":"REST"},{"floor":15.0,"key":"REST"}],"circlet_count":0,"master_deck":["Strike_G","Strike_G","Strike_G","Defend_G","Defend_G","Defend_G","Defend_G","Defend_G","Survivor","Neutralize","ReplayTheSpireMod:From All Sides","Footwork+1","Cloak And Dagger","Deadly Poison","Calculated Gamble","Backstab","Replay:Poison Smokescreen","Malaise","Heel Hook","Wraith Form v2","ReplayTheSpireMod:Speed Training"],"relics":["Ring of the Snake","Odd Mushroom","Dota2Spire:AssaultCuirass","InkBottle","Dota2Spire:RefresherOrb"],"acts_visited":["Exordium","TheCity"],"potions_floor_usage":[16,22],"damage_taken":[{"damage":4.0,"enemies":"Small Slimes","floor":1.0,"turns":5.0},{"damage":0.0,"enemies":"2 Louse","floor":4.0,"turns":3.0},{"damage":0.0,"enemies":"Jaw Worm","floor":5.0,"turns":5.0},{"damage":29.0,"enemies":"The Mushroom Lair","floor":7.0,"turns":7.0},{"damage":20.0,"enemies":"3 Sentries","floor":10.0,"turns":12.0},{"damage":0.0,"enemies":"2 Fungi Beasts","floor":11.0,"turns":4.0},{"damage":8.0,"enemies":"Large Slime","floor":12.0,"turns":7.0},{"damage":0.0,"enemies":"Lots of Slimes","floor":13.0,"turns":5.0},{"damage":1.0,"enemies":"Looter","floor":14.0,"turns":3.0},{"damage":16,"enemies":"Hexaghost","floor":16,"turns":10},{"damage":0,"enemies":"3 Byrds","floor":18,"turns":6},{"damage":1,"enemies":"Shell Parasite","floor":21,"turns":6},{"damage":30,"enemies":"3 Cultists","floor":22,"turns":6}],"seed_played":"5925277509020035647","potions_obtained":[{"floor":5.0,"key":"Explosive Potion"},{"floor":12.0,"key":"EssenceOfSteel"},{"floor":13.0,"key":"BlessingOfTheForge"},{"floor":18,"key":"Explosive Potion"}],"is_trial":false,"path_per_floor":["M","?","?","M","M","R","?","R","T","E","M","M","M","M","R","B",null,"M","?","?","M","M"],"character_chosen":"THE_SILENT","items_purchased":[],"campfire_rested":2,"item_purchase_floors":[],"current_hp_per_floor":[55,55,48,48,48,48,19,37,37,17,17,9,9,8,26,10,48,48,48,21,20,0,0],"gold":645,"neow_bonus":"THREE_RARE_CARDS","is_daily":false,"chose_seed":false,"campfire_upgraded":1,"win_rate":0.0,"timestamp":1608401143,"path_taken":["M","?","?","M","M","R","?","R","T","E","M","M","?","M","R","BOSS","M","?","?","?","M"],"items_purchased_type":[],"build_version":"2020-12-13","purchased_purges":0,"victory":false,"max_hp_per_floor":[60,60,60,60,60,60,60,60,60,60,60,60,60,60,60,60,60,60,60,60,60,60,60],"card_choices":[{"not_picked":["Burst","Night Terror"],"picked":"ReplayTheSpireMod:From All Sides","floor":0.0},{"not_picked":["Prepared","Outmaneuver"],"picked":"Footwork","floor":1.0},{"not_picked":["Expertise","Escape Plan"],"picked":"Cloak And Dagger","floor":4.0},{"not_picked":["Dagger Spray","Acrobatics"],"picked":"Deadly Poison","floor":5.0},{"not_picked":["Bane","ReplayTheSpireMod:Scrap Shanks","Tools of the Trade"],"picked":"SKIP","floor":10.0},{"not_picked":["ReplayTheSpireMod:Tripwire","Bane"],"picked":"Calculated Gamble","floor":11.0},{"not_picked":["Backflip","Eviscerate"],"picked":"Backstab","floor":12.0},{"not_picked":["Flying Knee","Dagger Spray"],"picked":"Replay:Poison Smokescreen","floor":13.0},{"not_picked":["Prepared","Flying Knee","Bane"],"picked":"SKIP","floor":14.0},{"not_picked":["Unload","Burst"],"picked":"Malaise","floor":16},{"not_picked":["PiercingWail","Blade Dance"],"picked":"Heel Hook","floor":18},{"not_picked":["Quick Slash","Flying Knee","PiercingWail"],"picked":"SKIP","floor":21}],"player_experience":2085214,"relics_obtained":[{"floor":7.0,"key":"Odd Mushroom"},{"floor":9.0,"key":"Dota2Spire:AssaultCuirass"},{"floor":10.0,"key":"InkBottle"}],"event_choices":[{"cards_removed":["Writhe"],"damage_healed":0.0,"max_hp_gain":0.0,"max_hp_loss":0.0,"gold_gain":0.0,"event_name":"Golden Wing","player_choice":"Card Removal","floor":3.0,"gold_loss":0.0,"damage_taken":7.0},{"damage_healed":0.0,"max_hp_gain":0.0,"max_hp_loss":0.0,"gold_gain":0.0,"event_name":"Mushrooms","player_choice":"Fought Mushrooms","floor":7.0,"gold_loss":0.0,"damage_taken":0.0},{"damage_healed":0,"gold_gain":0,"cards_transformed":["Strike_G","Strike_G"],"player_choice":"Became Test Subject","damage_taken":0,"max_hp_gain":0,"max_hp_loss":0,"event_name":"Drug Dealer","floor":19,"gold_loss":0,"cards_obtained":["Wraith Form v2","ReplayTheSpireMod:Speed Training"]},{"damage_healed":0,"gold_gain":270,"player_choice":"GOLD GOLD GOLD ","damage_taken":27,"max_hp_gain":0,"max_hp_loss":0,"event_name":"Knowing Skull","floor":20,"potions_obtained":[],"gold_loss":0,"cards_obtained":[]}],"is_beta":false,"boss_relics":[{"not_picked":["Coffee Dripper","Replay:Wanted Poster"],"picked":"Dota2Spire:RefresherOrb"}],"items_purged_floors":[],"is_endless":false,"potions_floor_spawned":[5,12,13,14,18],"killed_by":"3 Cultists","ascension_level":20}}