{"host":"og6lam4kt3nibbw0","time":1608394828,"event":{"mods":["AchievementEnabler","BaseMod","Colored Map","DeckTracker","Highlight Path","Keyboard Shortcuts","Minty Spire (QoL Compilation)","Permanent Neow","Quick Restart","StSLib","SuperFastMode"],"gold_per_floor":[109,109,109,121,35,61,61,91,91,91,101,114,28,62,62,141,141,156,176,9,9,9,9,9],"floor_reached":23,"playtime":2184,"items_purged":[],"score":464,"play_id":"be1964de-7ef2-4122-b75a-a6e8e976122c","local_time":"20201220012028","is_ascension_mode":true,"campfire_choices":[{"floor":10.0,"key":"REST"},{"data":"Coolheaded","floor":15.0,"key":"SMITH"}],"circlet_count":0,"master_deck":["AscendersBane","Strike_B","Strike_B","Defend_B","Defend_B","Zap","Dualcast","Rebound","Darkness","Skim","Doom and Gloom","Electrodynamics","Turbo","Coolheaded+1","Capacitor","Sweeping Beam","Echo Form","Defragment","Hologram","Buffer","Sweeping Beam"],"relics":["Cracked Core","NeowsBlessing","Gremlin Horn","DataDisk","PreservedInsect","Pantograph","Oddly Smooth Stone","Nuclear Battery","Strawberry"],"acts_visited":["Exordium","TheCity"],"potions_floor_usage":[],"damage_taken":[{"damage":0.0,"enemies":"2 Louse","floor":1.0,"turns":1.0},{"damage":0.0,"enemies":"Jaw Worm","floor":4.0,"turns":1.0},{"damage":0.0,"enemies":"3 Sentries","floor":6.0,"turns":1.0},{"damage":30.0,"enemies":"Lagavulin","floor":8.0,"turns":5.0},{"damage":0.0,"enemies":"Small Slimes","floor":11.0,"turns":2.0},{"damage":1.0,"enemies":"2 Fungi Beasts","floor":12.0,"turns":2.0},{"damage":6.0,"enemies":"Gremlin Nob","floor":14.0,"turns":3.0},{"damage":39.0,"enemies":"Hexaghost","floor":16.0,"turns":9.0},{"damage":22.0,"enemies":"2 Thieves","floor":18.0,"turns":3.0},{"damage":7.0,"enemies":"Chosen","floor":19.0,"turns":5.0},{"damage":35,"enemies":"Book of Stabbing","floor":23,"turns":5}],"seed_played":"-8063676650467706486","potions_obtained":[{"floor":4.0,"key":"DistilledChaos"},{"floor":8.0,"key":"Block Potion"},{"floor":11.0,"key":"DuplicationPotion"},{"floor":14.0,"key":"SpeedPotion"},{"floor":16.0,"key":"Fire Potion"}],"is_trial":false,"path_per_floor":["M","?","?","M","$","E","?","E","T","R","M","M","$","E","R","B",null,"M","M","$","?","?","E"],"character_chosen":"DEFECT","items_purchased":["Skim","Capacitor","Strawberry"],"campfire_rested":1,"item_purchase_floors":[5,13,20],"current_hp_per_floor":[64,57,57,57,57,57,46,16,16,37,37,36,36,30,30,16,57,35,28,35,35,35,0,0],"gold":9,"neow_bonus":"THREE_ENEMY_KILL","is_daily":false,"chose_seed":false,"campfire_upgraded":1,"win_rate":0.0,"timestamp":1608394828,"path_taken":["M","?","?","M","$","E","?","E","T","R","M","M","$","E","R","BOSS","M","M","$","?","?","E"],"items_purchased_type":["Card","Card","Relic"],"build_version":"2020-12-13","purchased_purges":0,"victory":false,"max_hp_per_floor":[71,71,71,71,71,71,71,71,71,71,71,71,71,71,71,71,71,71,71,78,78,78,78,78],"card_choices":[{"not_picked":["Redo","Cold Snap"],"picked":"Rebound","floor":1.0},{"not_picked":["Cold Snap","Leap"],"picked":"Darkness","floor":4.0},{"not_picked":["Go for the Eyes","Darkness"],"picked":"Doom and Gloom","floor":6.0},{"not_picked":["Hyperbeam","Steam"],"picked":"Electrodynamics","floor":8.0},{"not_picked":["Compile Driver","Sweeping Beam"],"picked":"Turbo","floor":11.0},{"not_picked":["Sweeping Beam","Fission"],"picked":"Coolheaded","floor":12.0},{"not_picked":["Redo","Leap"],"picked":"Sweeping Beam","floor":14.0},{"not_picked":["Fission","Machine Learning"],"picked":"Echo Form","floor":16.0},{"not_picked":["Loop","Undo"],"picked":"Defragment","floor":18.0},{"not_picked":["Steam","Consume"],"picked":"Hologram","floor":19.0}],"player_experience":798750,"relics_obtained":[{"floor":6.0,"key":"Gremlin Horn"},{"floor":8.0,"key":"PreservedInsect"},{"floor":9.0,"key":"Pantograph"},{"floor":14.0,"key":"Oddly Smooth Stone"}],"event_choices":[{"cards_removed":["Strike_B"],"damage_healed":0.0,"max_hp_gain":0.0,"max_hp_loss":0.0,"gold_gain":0.0,"event_name":"Golden Wing","player_choice":"Card Removal","floor":2.0,"gold_loss":0.0,"damage_taken":7.0},{"cards_removed":["Defend_B"],"damage_healed":0.0,"max_hp_gain":0.0,"max_hp_loss":0.0,"gold_gain":0.0,"event_name":"Living Wall","player_choice":"Forget","floor":3.0,"gold_loss":0.0,"damage_taken":0.0},{"damage_healed":0.0,"max_hp_gain":0.0,"max_hp_loss":0.0,"gold_gain":0.0,"event_name":"Scrap Ooze","player_choice":"Success","floor":7.0,"gold_loss":0.0,"damage_taken":11.0,"relics_obtained":["DataDisk"]},{"damage_healed":0.0,"max_hp_gain":0.0,"max_hp_loss":0.0,"gold_gain":0.0,"cards_transformed":["Strike_B","Defend_B"],"event_name":"Drug Dealer","player_choice":"Became Test Subject","floor":21.0,"gold_loss":0.0,"damage_taken":0.0,"cards_obtained":["Buffer","Sweeping Beam"]},{"damage_healed":0.0,"max_hp_gain":0.0,"max_hp_loss":0.0,"gold_gain":0.0,"event_name":"Vampires","player_choice":"Ignored","floor":22.0,"gold_loss":0.0,"damage_taken":0.0}],"is_beta":false,"boss_relics":[{"not_picked":["Runic Pyramid","Sozu"],"picked":"Nuclear Battery"}],"items_purged_floors":[],"is_endless":false,"potions_floor_spawned":[4,8,11,12,14,16],"killed_by":"Book of Stabbing","ascension_level":20}}