{"host":"chv1qanoipyt46jc","time":1608356151,"event":{"mods":["2.2 Compatiblity","AchievementEnabler","BaseMod","BetterRewards","CapriCore","Card Filter","Conspire","Gold Saver","Grow up Mod","Kratos Character Expansion","Minty Spire (QoL Compilation)","Rare Cards Sparkle","Relic Filter","Remove Card Discount Mod","Reorder Act Four","StSLib"],"gold_per_floor":[951,966,1015,1015,1031,1031,1206,1224,1224,1224,1234,1247,1259,1287,1287,1382,1382,1399,1413,1423,1440,1452,1452,1452,1444,1471,1471,1498,1514,1514,1528,1528,1625,1625,1638,1658,1672,1690,1709,1709,1737,1737,1760,1760,1776,1791,1791,1826,1826,1826,1826,1824,1824,1855,1855],"floor_reached":56,"playtime":926,"items_purged":["KratosMod:Strike_K","KratosMod:Strike_K","KratosMod:Strike_K","KratosMod:Strike_K","KratosMod:Defend_K","KratosMod:Defend_K","KratosMod:Defend_K","KratosMod:Defend_K","KratosMod:BladeWhip","KratosMod:BladeWhip","KratosMod:BladeWhip","KratosMod:cyclone","Madness"],"score":1862,"play_id":"4014e033-0538-4e57-9b1b-9180a4a2f7f4","local_time":"20201218233551","is_ascension_mode":false,"campfire_choices":[{"data":"KratosMod:Revenge","floor":6,"key":"SMITH"},{"data":"1","floor":10,"key":"LIFT"},{"data":"2","floor":15,"key":"LIFT"},{"data":"3","floor":23,"key":"LIFT"},{"floor":27,"key":"RECALL"},{"data":"KratosMod:BladeWhip","floor":30,"key":"SMITH"},{"floor":32,"key":"REST"},{"floor":40,"key":"REST"},{"floor":42,"key":"REST"},{"data":"KratosMod:BladeWhip+1","floor":49,"key":"SMITH"},{"floor":53,"key":"REST"}],"circlet_count":0,"master_deck":["KratosMod:AthenaBane","KratosMod:BladeWhip+2","KratosMod:Revenge+1","KratosMod:BladeWhip+1","KratosMod:BladeWhip+1"],"relics":["KratosMod:eagle","Medical Kit","Girya","Membership Card","Vajra","TheAbacus","KratosMod:minohorn","Omamori","Unceasing Top","The Courier","Runic Dome","Potion Belt","Bag of Marbles","SlaversCollar","Mango","conspire:TopHat","conspire:InfiniteJournal","conspire:GiftBox"],"acts_visited":["Exordium","TheCity","TheBeyond","TheEnding"],"potions_floor_usage":[55,55,55],"damage_taken":[{"damage":0,"enemies":"Cultist","floor":1,"turns":2},{"damage":10,"enemies":"conspire:RoseBush","floor":2,"turns":1},{"damage":10,"enemies":"2 Louse","floor":5,"turns":2},{"damage":9,"enemies":"2 Fungi Beasts","floor":8,"turns":2},{"damage":7,"enemies":"conspire:2 RoseBushes","floor":11,"turns":2},{"damage":0,"enemies":"Looter","floor":12,"turns":1},{"damage":0,"enemies":"Exordium Wildlife","floor":13,"turns":2},{"damage":0,"enemies":"Gremlin Nob","floor":14,"turns":1},{"damage":0,"enemies":"Slime Boss","floor":16,"turns":1},{"damage":0,"enemies":"Spheric Guardian","floor":18,"turns":1},{"damage":10,"enemies":"Shell Parasite","floor":19,"turns":2},{"damage":0,"enemies":"Chosen and Byrds","floor":20,"turns":1},{"damage":0,"enemies":"Snecko","floor":21,"turns":1},{"damage":0,"enemies":"conspire:HollyBat","floor":22,"turns":2},{"damage":0,"enemies":"conspire:Head Lice","floor":28,"turns":1},{"damage":0,"enemies":"Chosen and Byrds","floor":29,"turns":1},{"damage":0,"enemies":"Snake Plant","floor":31,"turns":1},{"damage":0,"enemies":"Automaton","floor":33,"turns":1},{"damage":0,"enemies":"Orb Walker","floor":35,"turns":1},{"damage":0,"enemies":"3 Darklings","floor":36,"turns":2},{"damage":0,"enemies":"Spire Growth","floor":37,"turns":1},{"damage":0,"enemies":"Transient","floor":38,"turns":1},{"damage":0,"enemies":"Sphere and 2 Shapes","floor":39,"turns":1},{"damage":0,"enemies":"Reptomancer","floor":41,"turns":1},{"damage":0,"enemies":"Maw","floor":45,"turns":1},{"damage":7,"enemies":"4 Shapes","floor":46,"turns":3},{"damage":0,"enemies":"Nemesis","floor":48,"turns":1},{"damage":0,"enemies":"Donu and Deca","floor":50,"turns":2},{"damage":0,"enemies":"Shield and Spear","floor":54,"turns":1},{"damage":28,"enemies":"The Heart","floor":55,"turns":3}],"seed_played":"8152529996712387086","potions_obtained":[{"floor":2,"key":"FearPotion"},{"floor":5,"key":"BlessingOfTheForge"},{"floor":8,"key":"Energy Potion"},{"floor":36,"key":"Ancient Potion"},{"floor":41,"key":"AttackPotion"}],"is_trial":false,"path_per_floor":["M","M","T","?","M","R","?","M","T","R","M","M","M","E","R","B",null,"M","M","M","M","M","R","?","$","T","R","E","M","R","M","R","B",null,"M","M","M","M","M","R","E","R","T","?","M","M","?","E","R","B",null,"$","R","E","B",null],"character_chosen":"KRATOS","items_purchased":["Medical Kit","KratosMod:BladeWhip","Girya","KratosMod:BladeWhip","Membership Card","Vajra","TheAbacus","KratosMod:Revenge","KratosMod:BladeWhip","KratosMod:minohorn","Omamori","KratosMod:BladeWhip"],"campfire_rested":4,"item_purchase_floors":[0,0,0,0,0,0,0,0,0,0,0,0],"current_hp_per_floor":[44,44,54,64,64,74,84,85,95,105,108,118,128,138,148,158,240,250,250,260,270,280,290,300,310,320,330,340,350,360,370,390,400,410,420,430,440,450,460,470,494,504,514,460,470,473,483,493,503,513,594,604,614,624,606],"gold":1855,"neow_bonus":"","is_daily":false,"chose_seed":false,"campfire_upgraded":3,"win_rate":0.0,"timestamp":1608356151,"path_taken":["M","M","?","?","M","R","?","M","T","R","M","M","M","E","R","BOSS","M","M","M","M","M","R","?","$","T","R","E","M","R","M","R","BOSS","M","M","M","M","M","R","E","R","T","?","M","M","?","E","R","BOSS","$","R","E","BOSS"],"items_purchased_type":["Relic","Card","Relic","Card","Relic","Relic","Relic","Card","Card","Relic","Relic","Card"],"build_version":"2020-12-13","purchased_purges":13,"victory":true,"max_hp_per_floor":[80,90,100,110,120,130,140,150,160,170,180,190,200,210,220,230,240,250,260,270,280,290,300,310,320,330,340,350,360,370,380,390,400,410,420,430,440,450,460,470,494,504,514,524,534,544,554,564,574,584,594,604,614,624,634],"card_choices":[{"not_picked":["KratosMod:Tempor","KratosMod:Roll","KratosMod:rattle"],"picked":"SKIP","floor":1},{"not_picked":["KratosMod:conjuresoul","KratosMod:Tempor","KratosMod:Roll"],"picked":"SKIP","floor":2},{"not_picked":["KratosMod:ShieldBash","KratosMod:Tempor","KratosMod:Endure"],"picked":"SKIP","floor":5},{"not_picked":["KratosMod:conjuresoul","KratosMod:Roll","KratosMod:BladeWhip"],"picked":"SKIP","floor":8},{"not_picked":["KratosMod:Roll","KratosMod:settle","KratosMod:conjuresoul"],"picked":"SKIP","floor":11},{"not_picked":["KratosMod:Endure","KratosMod:Roll","KratosMod:blades"],"picked":"SKIP","floor":12},{"not_picked":["KratosMod:conjuresoul","KratosMod:Tempor","KratosMod:ShieldBash"],"picked":"SKIP","floor":13},{"not_picked":["KratosMod:BladeWhip","KratosMod:kBerserk","KratosMod:Tempor"],"picked":"SKIP","floor":14},{"not_picked":["KratosMod:ShieldBash","KratosMod:Roll+1","KratosMod:SmashStone"],"picked":"SKIP","floor":18},{"not_picked":["KratosMod:rattle+1","KratosMod:settle+1","KratosMod:BladeWhip"],"picked":"SKIP","floor":19},{"not_picked":["KratosMod:settle","KratosMod:clawsofhades"],"picked":"KratosMod:BladeWhip+1","floor":20},{"not_picked":["KratosMod:Roll","KratosMod:SmashStone+1","KratosMod:clawsofhades"],"picked":"SKIP","floor":21},{"not_picked":["KratosMod:ShieldBash+1","KratosMod:Roll"],"picked":"KratosMod:BladeWhip+1","floor":22},{"not_picked":["KratosMod:Roll","KratosMod:conjuresoul","KratosMod:Tempor"],"picked":"SKIP","floor":28},{"not_picked":["KratosMod:Endure+1","KratosMod:ShieldBash+1","KratosMod:Roll+1"],"picked":"SKIP","floor":29},{"not_picked":["KratosMod:Tempor","KratosMod:settle+1","KratosMod:rattle"],"picked":"SKIP","floor":31},{"not_picked":["KratosMod:BladeWhip+1","KratosMod:ShieldBash+1","KratosMod:Roll+1"],"picked":"SKIP","floor":35},{"not_picked":["KratosMod:clawsofhades+1","KratosMod:conjuresoul","KratosMod:rattle"],"picked":"SKIP","floor":36},{"not_picked":["KratosMod:Endure","KratosMod:BladeWhip+1","KratosMod:Tempor+1"],"picked":"SKIP","floor":37},{"not_picked":["KratosMod:Endure+1","KratosMod:Roll","KratosMod:ShieldBash+1"],"picked":"SKIP","floor":38},{"not_picked":["KratosMod:conjuresoul+1","KratosMod:SmashStone","KratosMod:clawsofhades"],"picked":"SKIP","floor":39},{"not_picked":["KratosMod:ShieldBash","KratosMod:conjuresoul+1","KratosMod:BladeWhip"],"picked":"SKIP","floor":41},{"not_picked":["KratosMod:Tempor","KratosMod:tartarusrage","KratosMod:ShieldBash"],"picked":"SKIP","floor":45},{"not_picked":["KratosMod:ShieldBash","KratosMod:BladeWhip+1","KratosMod:conjuresoul+1"],"picked":"SKIP","floor":46},{"not_picked":["KratosMod:Revenge","KratosMod:rattle","KratosMod:Roll+1"],"picked":"SKIP","floor":48},{"not_picked":["KratosMod:Tempor+1","KratosMod:rattle","KratosMod:Roll"],"picked":"SKIP","floor":54}],"player_experience":292721,"relics_obtained":[{"floor":9,"key":"Unceasing Top"},{"floor":14,"key":"The Courier"},{"floor":26,"key":"Potion Belt"},{"floor":28,"key":"Bag of Marbles"},{"floor":41,"key":"Mango"},{"floor":43,"key":"conspire:TopHat"},{"floor":48,"key":"conspire:InfiniteJournal"},{"floor":54,"key":"conspire:GiftBox"}],"event_choices":[{"damage_healed":0,"gold_gain":0,"player_choice":"Disagree","damage_taken":0,"max_hp_gain":0,"max_hp_loss":0,"event_name":"conspire:LoneGhost","floor":4,"gold_loss":0},{"damage_healed":0,"gold_gain":175,"player_choice":"AGREE","damage_taken":0,"max_hp_gain":0,"max_hp_loss":0,"event_name":"Liars Game","floor":7,"gold_loss":0,"cards_obtained":["Doubt"]},{"damage_healed":0,"gold_gain":0,"player_choice":"Ignored","damage_taken":0,"max_hp_gain":0,"max_hp_loss":0,"event_name":"The Mausoleum","floor":24,"gold_loss":0},{"damage_healed":0,"gold_gain":0,"player_choice":"Embrace Madness","damage_taken":64,"max_hp_gain":0,"max_hp_loss":0,"event_name":"Winding Halls","floor":44,"gold_loss":0,"cards_obtained":["Madness","Madness"]},{"cards_removed":["Madness"],"damage_healed":0,"gold_gain":0,"player_choice":"Removed Skill","damage_taken":0,"max_hp_gain":0,"max_hp_loss":0,"event_name":"Falling","floor":47,"gold_loss":0}],"is_beta":false,"boss_relics":[{"not_picked":["conspire:RunicOctahedron","conspire:SpecialSausage"],"picked":"Runic Dome"},{"not_picked":["SacredBark","Sozu"],"picked":"SlaversCollar"}],"items_purged_floors":[0,0,0,0,0,0,0,0,25,25,25,25,52],"is_endless":false,"potions_floor_spawned":[2,5,8,11,18,20,21,36,41,45,46],"ascension_level":0}}