{"host":"qwttrqaysb380yri","time":1608413161,"event":{"mods":["BaseMod","Custom Start","Minty Spire (QoL Compilation)","Permanent Neow","Puzzle Mod","Relic Stats","StSLib","The Cursed","The Hierophant"],"gold_per_floor":[362,338,338,322,335,333,333,335,335,373,373,391,435,473,473,535,535,572,575,575,161,209,246,246,270,270,307,321,333,260,318,330,374,386,404,416,31,31,133,175,175,189,189,242,40,125,172,209,209,201],"floor_reached":51,"playtime":2172,"items_purged":["hierophant:Strike_Hierophant","hierophant:Punish","hierophant:PassingBell"],"score":2324,"play_id":"591bd32c-6887-4ac7-9008-0db01ff065ab","local_time":"20201219222601","is_ascension_mode":true,"campfire_choices":[{"floor":7,"key":"REST"},{"data":"hierophant:PristineSoul","floor":11,"key":"SMITH"},{"data":"hierophant:PristineSoul","floor":15,"key":"SMITH"},{"data":"hierophant:Martyrdom","floor":24,"key":"SMITH"},{"data":"hierophant:DivineIntervention","floor":32,"key":"SMITH"},{"data":"hierophant:Anathema","floor":41,"key":"SMITH"},{"data":"hierophant:PassingBell","floor":49,"key":"SMITH"}],"circlet_count":0,"master_deck":["AscendersBane","hierophant:ChurchCoffers+1","Parasite","hierophant:AuricBeam","hierophant:FieryStrike","hierophant:Smite","hierophant:PristineSoul+1","hierophant:PristineSoul+1","hierophant:RustyCrate","hierophant:Doubloon","hierophant:Doubloon","hierophant:Doubloon","hierophant:CoinFling","hierophant:Sermon","hierophant:Embezzle","hierophant:PassingBell+1","hierophant:Kindle","hierophant:Smite","hierophant:HammerAndAnvil","hierophant:OrnateBuckler+1","hierophant:Empathy","hierophant:Martyrdom+1","hierophant:Encroach","hierophant:HolyVerse","hierophant:MorningPrayer+1","hierophant:DivineIntervention+1","hierophant:Smite","hierophant:Charity","hierophant:Embezzle","hierophant:Exaltation","hierophant:Anathema+1","hierophant:Glossolalia","hierophant:Doubloon","hierophant:Doubloon","hierophant:Endure+1","hierophant:Doubloon+1"],"relics":["hierophant:PropheticMaskRelic","hierophant:DonationBoxRelic","MealTicket","Blue Candle","Meat on the Bone","Coffee Dripper","ClockworkSouvenir","Anchor","Bird Faced Urn","Lantern","MawBank","Question Card","Pandora\u0027s Box","Toolbox","Toy Ornithopter","Vajra","Smiling Mask","Oddly Smooth Stone","CaptainsWheel","War Paint","FossilizedHelix","Kunai"],"acts_visited":["Exordium","TheCity","TheBeyond"],"potions_floor_usage":[6,6,16,23,23,25,33,35,44,47],"damage_taken":[{"damage":0,"enemies":"2 Louse","floor":1,"turns":1},{"damage":0,"enemies":"Jaw Worm","floor":2,"turns":1},{"damage":0,"enemies":"Cultist","floor":4,"turns":2},{"damage":4,"enemies":"Lots of Slimes","floor":5,"turns":2},{"damage":20,"enemies":"Lagavulin","floor":6,"turns":3},{"damage":10,"enemies":"3 Sentries","floor":8,"turns":6},{"damage":4,"enemies":"Red Slaver","floor":10,"turns":3},{"damage":8,"enemies":"Gremlin Nob","floor":12,"turns":3},{"damage":0,"enemies":"Exordium Wildlife","floor":13,"turns":4},{"damage":1,"enemies":"Looter","floor":14,"turns":3},{"damage":29,"enemies":"Hexaghost","floor":16,"turns":7},{"damage":14,"enemies":"Chosen","floor":18,"turns":4},{"damage":8,"enemies":"Shell Parasite","floor":19,"turns":2},{"damage":10,"enemies":"Centurion and Healer","floor":22,"turns":6},{"damage":30,"enemies":"Gremlin Leader","floor":23,"turns":8},{"damage":20,"enemies":"Slavers","floor":25,"turns":6},{"damage":3,"enemies":"Snake Plant","floor":27,"turns":4},{"damage":14,"enemies":"Gremlin Leader","floor":28,"turns":7},{"damage":0,"enemies":"Shelled Parasite and Fungi","floor":31,"turns":4},{"damage":59,"enemies":"Collector","floor":33,"turns":9},{"damage":3,"enemies":"3 Darklings","floor":35,"turns":4},{"damage":12,"enemies":"Orb Walker","floor":39,"turns":3},{"damage":0,"enemies":"Sphere and 2 Shapes","floor":40,"turns":2},{"damage":35,"enemies":"Nemesis","floor":42,"turns":5},{"damage":20,"enemies":"Reptomancer","floor":44,"turns":3},{"damage":0,"enemies":"Mind Bloom Boss Battle","floor":46,"turns":5},{"damage":21,"enemies":"Giant Head","floor":47,"turns":7},{"damage":8,"enemies":"4 Shapes","floor":48,"turns":9},{"damage":69,"enemies":"Donu and Deca","floor":50,"turns":8}],"seed_played":"2090756669957820332","potions_obtained":[{"floor":2,"key":"BlessingOfTheForge"},{"floor":4,"key":"FearPotion"},{"floor":6,"key":"SpeedPotion"},{"floor":13,"key":"FearPotion"},{"floor":16,"key":"Explosive Potion"},{"floor":22,"key":"DuplicationPotion"},{"floor":23,"key":"Strength Potion"},{"floor":25,"key":"FairyPotion"},{"floor":28,"key":"AttackPotion"},{"floor":33,"key":"Swift Potion"},{"floor":35,"key":"AttackPotion"},{"floor":42,"key":"Block Potion"},{"floor":44,"key":"FearPotion"}],"is_trial":false,"path_per_floor":["M","M","?","M","M","E","R","E","T","M","R","E","M","M","R","B",null,"M","M","?","$","M","E","R","E","T","M","E","$","?","M","R","B",null,"M","?","$","T","M","M","R","E","T","E","$","?","E","M","R","B",null],"character_chosen":"HIEROPHANT","items_purchased":["hierophant:OrnateBuckler","hierophant:Empathy","hierophant:Martyrdom","ClockworkSouvenir","Toolbox","Toy Ornithopter","War Paint"],"campfire_rested":1,"item_purchase_floors":[21,21,21,21,37,37,45],"current_hp_per_floor":[68,68,45,45,41,21,43,33,33,29,29,21,33,44,44,27,63,49,41,56,71,61,43,43,35,35,44,44,59,59,59,59,14,60,59,59,74,74,63,65,65,46,46,47,62,68,54,50,50,25],"gold":201,"neow_bonus":"TWO_FIFTY_GOLD","is_daily":false,"chose_seed":false,"campfire_upgraded":6,"win_rate":0.0,"timestamp":1608413161,"path_taken":["M","M","?","M","M","E","R","E","T","M","R","E","M","M","R","BOSS","M","M","?","$","M","E","R","E","T","M","E","$","?","M","R","BOSS","M","?","$","?","M","?","R","E","T","E","?","?","E","M","R","BOSS"],"items_purchased_type":["Card","Card","Card","Relic","Relic","Relic","Relic"],"build_version":"2020-12-13","purchased_purges":3,"victory":true,"max_hp_per_floor":[75,75,75,75,75,75,75,75,75,75,75,75,75,75,75,75,75,75,75,75,75,75,75,75,75,75,75,75,75,75,75,75,75,75,75,75,75,75,75,75,75,75,75,75,75,75,75,75,75,75],"relic_stats":{"counters":[29,131],"Blue Candle":[7],"War Paint":["hierophant:OrnateBuckler","hierophant:MorningPrayer"],"MawBank":108,"Question Card":23,"Smiling Mask":75,"Bird Faced Urn":[39],"MealTicket":60,"Pandora\u0027s Box":["hierophant:PassingBell","hierophant:Charity","hierophant:Embezzle","hierophant:Exaltation","hierophant:Anathema","hierophant:Glossolalia","hierophant:Doubloon"],"Kunai":[2],"obtain_stats":[{"Lantern":26,"hierophant:PropheticMaskRelic":0,"Blue Candle":9,"Vajra":38,"Oddly Smooth Stone":43,"War Paint":45,"MawBank":28,"Question Card":30,"Smiling Mask":42,"ClockworkSouvenir":21,"Anchor":23,"CaptainsWheel":44,"Bird Faced Urn":25,"hierophant:DonationBoxRelic":6,"Toolbox":37,"MealTicket":8,"Pandora\u0027s Box":34,"Coffee Dripper":17,"Kunai":47,"Toy Ornithopter":37,"FossilizedHelix":46,"Meat on the Bone":12},{"Lantern":16,"hierophant:PropheticMaskRelic":0,"Blue Candle":6,"Vajra":21,"Oddly Smooth Stone":24,"War Paint":25,"MawBank":18,"Question Card":18,"Smiling Mask":24,"ClockworkSouvenir":13,"Anchor":15,"CaptainsWheel":25,"Bird Faced Urn":16,"hierophant:DonationBoxRelic":5,"Toolbox":21,"MealTicket":6,"Pandora\u0027s Box":20,"Coffee Dripper":11,"Kunai":27,"Toy Ornithopter":21,"FossilizedHelix":26,"Meat on the Bone":8},{"Lantern":61,"hierophant:PropheticMaskRelic":0,"Blue Candle":15,"Vajra":89,"Oddly Smooth Stone":99,"War Paint":102,"MawBank":72,"Question Card":72,"Smiling Mask":99,"ClockworkSouvenir":41,"Anchor":55,"CaptainsWheel":102,"Bird Faced Urn":61,"hierophant:DonationBoxRelic":9,"Toolbox":89,"MealTicket":15,"Pandora\u0027s Box":85,"Coffee Dripper":35,"Kunai":114,"Toy Ornithopter":89,"FossilizedHelix":107,"Meat on the Bone":21}],"Toy Ornithopter":10,"Meat on the Bone":132},"card_choices":[{"not_picked":["hierophant:Repentance","hierophant:OrnateBuckler"],"picked":"hierophant:AuricBeam","floor":1},{"not_picked":["hierophant:Sermon","hierophant:FlamingChariot"],"picked":"hierophant:FieryStrike","floor":2},{"not_picked":["hierophant:HolyVerse","hierophant:Blessing"],"picked":"hierophant:Smite","floor":4},{"not_picked":["hierophant:Remorse","hierophant:Shelter"],"picked":"hierophant:PristineSoul","floor":5},{"not_picked":["hierophant:Charity","hierophant:FaithHealing"],"picked":"hierophant:PristineSoul","floor":6},{"not_picked":["hierophant:Blessing","hierophant:Levitation"],"picked":"hierophant:RustyCrate","floor":8},{"not_picked":["hierophant:Smite","hierophant:Sermon"],"picked":"hierophant:CoinFling","floor":10},{"not_picked":["hierophant:ConvertCurrency","hierophant:Refuge"],"picked":"hierophant:Sermon","floor":12},{"not_picked":["hierophant:RustyCrate","hierophant:Charity"],"picked":"hierophant:Embezzle","floor":13},{"not_picked":["hierophant:Remorse","hierophant:Zeal"],"picked":"hierophant:PassingBell","floor":14},{"not_picked":["hierophant:AuricForm","hierophant:LocustPlague"],"picked":"hierophant:Kindle","floor":16},{"not_picked":["hierophant:Racketeering+1","hierophant:CoinFling"],"picked":"hierophant:Smite","floor":18},{"not_picked":["hierophant:Remorse","hierophant:Racketeering+1"],"picked":"hierophant:HammerAndAnvil","floor":19},{"not_picked":["hierophant:Invocation","hierophant:Glossolalia","hierophant:Doubloon"],"picked":"SKIP","floor":22},{"not_picked":["hierophant:Zeal","hierophant:RecallFunds"],"picked":"hierophant:Encroach","floor":23},{"not_picked":["hierophant:Prophecy","hierophant:RustyCrate"],"picked":"hierophant:HolyVerse","floor":25},{"not_picked":["hierophant:FlamingChariot","hierophant:Doomsaying"],"picked":"hierophant:MorningPrayer","floor":27},{"not_picked":["hierophant:SolarFlare","hierophant:Mercenaries"],"picked":"hierophant:DivineIntervention","floor":28},{"not_picked":["hierophant:AuricShield","hierophant:DisplayOfPower","hierophant:FlamingChariot"],"picked":"hierophant:Smite","floor":31},{"not_picked":["hierophant:Zeal","hierophant:Repentance","hierophant:HolyVerse","hierophant:Dazzle"],"picked":"SKIP","floor":35},{"not_picked":["hierophant:Encroach","hierophant:SolarFlare","hierophant:Anathema"],"picked":"hierophant:Endure+1","floor":39},{"not_picked":["hierophant:RustyCrate","hierophant:FlamingChariot","hierophant:Chorus+1","hierophant:Patience"],"picked":"SKIP","floor":40},{"not_picked":["hierophant:Shelter","hierophant:Empathy","hierophant:ThreeLashes+1","hierophant:Encroach+1"],"picked":"SKIP","floor":42},{"not_picked":["hierophant:Remorse","hierophant:AuricBeam+1","hierophant:PassingBell","hierophant:AuricShield"],"picked":"SKIP","floor":44},{"not_picked":["hierophant:Prophecy+1","hierophant:DeathKnell","hierophant:ThreeLashes"],"picked":"hierophant:Doubloon+1","floor":47},{"not_picked":["hierophant:Remorse","hierophant:AuricShield","hierophant:Sermon","hierophant:Martyrdom"],"picked":"SKIP","floor":48}],"player_experience":1898030,"relics_obtained":[{"floor":6,"key":"hierophant:DonationBoxRelic"},{"floor":8,"key":"MealTicket"},{"floor":9,"key":"Blue Candle"},{"floor":12,"key":"Meat on the Bone"},{"floor":23,"key":"Anchor"},{"floor":25,"key":"Bird Faced Urn"},{"floor":26,"key":"Lantern"},{"floor":28,"key":"MawBank"},{"floor":38,"key":"Vajra"},{"floor":42,"key":"Smiling Mask"},{"floor":43,"key":"Oddly Smooth Stone"},{"floor":44,"key":"CaptainsWheel"},{"floor":46,"key":"FossilizedHelix"},{"floor":47,"key":"Kunai"}],"event_choices":[{"damage_healed":0,"gold_gain":0,"player_choice":"Entered Light","damage_taken":23,"max_hp_gain":0,"max_hp_loss":0,"event_name":"Shining Light","floor":3,"gold_loss":0,"cards_upgraded":["hierophant:ChurchCoffers","hierophant:Strike_Hierophant"]},{"damage_healed":15,"gold_gain":0,"player_choice":"Heal","damage_taken":0,"max_hp_gain":0,"max_hp_loss":0,"event_name":"The Library","floor":20,"gold_loss":0},{"damage_healed":0,"gold_gain":0,"player_choice":"Obtained Relic","damage_taken":0,"relics_obtained":["Question Card"],"max_hp_gain":0,"max_hp_loss":0,"event_name":"Addict","floor":30,"gold_loss":85},{"damage_healed":0,"gold_gain":0,"player_choice":"Ignored","damage_taken":0,"max_hp_gain":0,"max_hp_loss":0,"event_name":"SecretPortal","floor":36,"gold_loss":0},{"damage_healed":0,"gold_gain":0,"player_choice":"Fight","damage_taken":0,"max_hp_gain":0,"max_hp_loss":0,"event_name":"MindBloom","floor":46,"gold_loss":0}],"is_beta":false,"boss_relics":[{"not_picked":["Astrolabe","Sozu"],"picked":"Coffee Dripper"},{"not_picked":["Fusion Hammer","Snecko Eye"],"picked":"Pandora\u0027s Box"}],"items_purged_floors":[21,37,45],"is_endless":false,"potions_floor_spawned":[2,4,6,13,16,19,22,23,25,28,33,35,42,44],"ascension_level":15}}