{"host":"xfr90oo4gfm5wrxc","time":1608385811,"event":{"mods":["BaseMod","Downfall","Minty Spire (QoL Compilation)","Replay The Spire","Shop Mod","StSLib","SuperFastMode","TestMod","The Cursed"],"gold_per_floor":[99,99,25,325,325,359,359,388,108,138,138,138,138,138,151,256,256,256,256,256],"floor_reached":19,"playtime":1290,"items_purged":["Slimebound:Icky"],"score":202,"play_id":"8e291636-25a9-4587-8a51-02f28bbe3e5c","local_time":"20201219215011","is_ascension_mode":false,"campfire_choices":[{"floor":1,"key":"RECALL"},{"data":"Slimebound:Icky","floor":18,"key":"PURGE"}],"circlet_count":0,"master_deck":["sneckomod:Strike","sneckomod:Strike","sneckomod:Strike","sneckomod:Defend","sneckomod:Defend","sneckomod:Defend","sneckomod:TailWhip","sneckomod:SnekBite","sneckomod:Unknown","sneckomod:Unknown","sneckomod:SoulRoll","sneckomod:UnknownCommonSkill","sneckomod:UnknownVulnerable","sneckomod:ImprovisedGuard","sneckomod:Unknown1Cost","sneckomod:DiceCrush","sneckomod:MorePower+1","sneckomod:Unknown0Cost","sneckomod:UnknownCommonSkill+1","sneckomod:UnknownClassPURPLE","sneckomod:UnknownRarePower+1","sneckomod:UnknownStrike","sneckomod:UnknownColorless+1","sneckomod:Mudshield+1"],"relics":["sneckomod:SneckoSoul","downfall:HeartsMalice","testmod-ArcanaOfDestiny","Juzu Bracelet","Replay:Accelerometer","Frozen Egg 2","Simple Rune","ClockworkSouvenir","Mirror","Peace Pipe","Ring of Hypnosis","Ring of Peace","testmod-BatchProcessingSystem"],"acts_visited":["Exordium","TheCity"],"potions_floor_usage":[16,19,19],"damage_taken":[{"damage":0,"enemies":"downfall:FleeingMerchant","floor":3,"turns":1},{"damage":0,"enemies":"Small Slimes","floor":5,"turns":1},{"damage":0,"enemies":"3 Sentries","floor":6,"turns":1},{"damage":20,"enemies":"Lagavulin","floor":8,"turns":4},{"damage":0,"enemies":"downfall:FleeingMerchant","floor":9,"turns":4},{"damage":11,"enemies":"3 Sentries","floor":10,"turns":7},{"damage":0,"enemies":"2 Louse","floor":15,"turns":3},{"damage":9,"enemies":"downfall:Silent","floor":16,"turns":10},{"damage":107,"enemies":"Gremlin Leader","floor":19,"turns":6}],"seed_played":"-8964730438904267851","potions_obtained":[{"floor":8,"key":"Doom Potion"},{"floor":10,"key":"Dexterity Potion"},{"floor":14,"key":"downfall:CursedFountainPotion"},{"floor":16,"key":"DuplicationPotion"}],"is_trial":false,"path_per_floor":["R","?","$","?","M","E","T","E","$","E","?","?","?","?","M","B",null,"R","E"],"character_chosen":"THE_SNECKO","items_purchased":["sneckomod:UnknownCommonSkill","sneckomod:UnknownVulnerable","ClockworkSouvenir","sneckomod:Unknown0Cost"],"campfire_rested":0,"item_purchase_floors":[3,3,9,9],"current_hp_per_floor":[90,90,92,92,92,93,93,77,78,69,62,62,62,62,64,56,99,99,0,0],"gold":256,"neow_bonus":"THREE_ENEMY_KILL","is_daily":false,"chose_seed":false,"campfire_upgraded":0,"win_rate":0.0,"timestamp":1608385811,"path_taken":["R","?","$","?","M","E","T","E","?","E","?","?","?","?","M","BOSS","R","E"],"items_purchased_type":["Card","Card","Relic","Card"],"build_version":"2020-12-13","purchased_purges":1,"victory":false,"max_hp_per_floor":[90,90,92,92,92,93,93,93,94,96,96,96,96,96,98,99,99,99,99,99],"card_choices":[{"not_picked":["sneckomod:UnknownClassTHE_CURSED_PURPLE","sneckomod:SoulDraw"],"picked":"sneckomod:SoulRoll","floor":3},{"not_picked":["sneckomod:SoulRoll","sneckomod:UnknownClassGREEN"],"picked":"sneckomod:ImprovisedGuard","floor":5},{"not_picked":["sneckomod:IronFang","sneckomod:DiceBoulder"],"picked":"sneckomod:Unknown1Cost","floor":6},{"not_picked":["sneckomod:ImprovisedGuard","sneckomod:Nope"],"picked":"sneckomod:DiceCrush","floor":8},{"not_picked":["sneckomod:Nope","sneckomod:UnknownStrike"],"picked":"sneckomod:MorePower+1","floor":9},{"not_picked":["sneckomod:UnknownClassSLIMEBOUND+1","sneckomod:UnknownX+1"],"picked":"sneckomod:UnknownCommonSkill+1","floor":10},{"not_picked":["sneckomod:QuickMove","sneckomod:Nope"],"picked":"sneckomod:UnknownClassPURPLE","floor":10},{"not_picked":["sneckomod:UnknownClassTHE_CHAMP_GRAY+1","sneckomod:UnknownClassSLIMEBOUND+1"],"picked":"sneckomod:UnknownRarePower+1","floor":15},{"not_picked":["sneckomod:SoulRoll","sneckomod:Unknown1Cost"],"picked":"sneckomod:UnknownStrike","floor":15},{"not_picked":["sneckomod:Unknown+1","sneckomod:UnknownStrike+1"],"picked":"sneckomod:UnknownColorless+1","floor":16},{"not_picked":["sneckomod:UnknownRarePower+1","sneckomod:SoulExchange"],"picked":"sneckomod:Mudshield+1","floor":16}],"player_experience":146730,"relics_obtained":[{"floor":6,"key":"Replay:Accelerometer"},{"floor":7,"key":"Frozen Egg 2"},{"floor":8,"key":"Simple Rune"},{"floor":10,"key":"Mirror"},{"floor":12,"key":"Ring of Hypnosis"},{"floor":12,"key":"Ring of Peace"}],"event_choices":[{"damage_healed":0,"gold_gain":0,"player_choice":"Swap Relic","damage_taken":0,"relics_obtained":["Juzu Bracelet"],"max_hp_gain":0,"max_hp_loss":0,"event_name":"给自己的盒子","floor":2,"relics_lost":["testmod-TestBox"],"gold_loss":0},{"damage_healed":0,"gold_gain":0,"player_choice":"Success","damage_taken":7,"relics_obtained":["Peace Pipe"],"max_hp_gain":0,"max_hp_loss":0,"event_name":"Scrap Ooze","floor":11,"gold_loss":0},{"cards_removed":["Overencumbered"],"damage_healed":0,"gold_gain":0,"player_choice":"Card Removal","damage_taken":0,"max_hp_gain":0,"max_hp_loss":0,"event_name":"The Cleric","floor":13,"gold_loss":0}],"is_beta":false,"boss_relics":[{"not_picked":["SacredBark","Calling Bell"],"picked":"testmod-BatchProcessingSystem"}],"items_purged_floors":[9],"is_endless":false,"potions_floor_spawned":[8,10,15,16],"killed_by":"Gremlin Leader","ascension_level":0}}