{"host":"nx6ib2o6hmd449ys","time":1608379266,"event":{"mods":["2.2 Compatiblity","AchievementEnabler","Act Like it!","Aspiration","BaseMod","Better Third Choice","BetterRewards","CCEM","Colored Powertips","Conjunction","Conspire","Downfall","Energized Spire","Gensokyo","GifTheSpireLib","GungeonMod","Halation","Hubris","Infinite Spire","Jedi Mod","Lobotomy","LobotomyExtend","Minty Spire (QoL Compilation)","MostiFishMod","Quick Restart","RRrroohrrRGHHhhh!!","Rare Cards Sparkle","RatMod","Replay The Spire","RumiaBox-????????","Shop Mod","Small Relic Pack","Spicy Shops","Spikes Relics","StSLib","Stuff the Spire","TestMod","The Dragon Tamer","TheWitcher","Wandering Minibosses","[IsaacMod]????","vexMod"],"gold_per_floor":[118,138,156,156,175,207,207,233,233,244,261,293,311,337,337,437,437,456,468,0,0,12,12,12,37,37,37,56,66,82,92,110,110,110,110,211,211,224,199,199,212,227,255,255,286,286,311,311,328,478,532,532,532,532],"floor_reached":55,"playtime":4303,"items_purged":[],"score":1572,"play_id":"3858397e-0cac-4f92-be3b-f0a7504ed45b","local_time":"20201219130106","is_ascension_mode":true,"campfire_choices":[{"data":"Rainbow","floor":24.0,"key":"SMITH"},{"data":"Sunder","floor":27.0,"key":"SMITH"},{"data":"MostiFishMod:Distribution","floor":33.0,"key":"SMITH"},{"data":"BasicCrystalCard","floor":44,"key":"SMITH"},{"data":"DemoMod:Elimentaler","floor":48,"key":"SMITH"},{"data":"hubris:EnhanceAbility","floor":52,"key":"SMITH"}],"circlet_count":0,"master_deck":["Strike_B","Strike_B+1","Strike_B+1","Strike_B+1","Defend_B","Defend_B","Defend_B+1","Defend_B","Zap+1","Dualcast","rorgmod:Steady Aim","Clumsy","Loop+1","Cold Snap","Ball Lightning","Decay","Sunder+1","BlessedFruit","BlessedFruit","Rainbow+1","Conserve Battery","Cold Snap","Cold Snap","MostiFishMod:Distribution+1","Compile Driver","rorgmod:Storm+1","rorgmod:Radar Scan+1","MostiFishMod:StarOceanB","Streamline+1","jedi:BurstLightning","Sweeping Beam","BasicCrystalCard+1","Cold Snap","hubris:Ukulele","BasicCrystalCard+1","Ball Lightning","Ball Lightning+1","Ball Lightning+1","DemoMod:Elimentaler+1","Meteor Strike+1","FTL+1","StuffTheSpire:Plugnplay+1","rorgmod:Chaos+1","rorgmod:Storm+1","StuffTheSpire:Synthwave+1","rorgmod:Black Ice","rorgmod:Overheat+1","Sickly","hubris:EnhanceAbility+1","Parasite"],"relics":["Cracked Core","HushsDoor","DaveBox","testmod-TestBox","SteamSale","MetatronsCube","testmod-SaigiyounoYou","Membership Card","Nunchaku","MiniBlackHole","Bag of Marbles","Anchor","rat:SoulRing","testmod-RealStoneCalender","DemoMod:AgedBell","jedi:laserpointer","DemoMod:NanoMachines","Question Card","Dodecahedron","testmod-ObsoleteBoomerang","SnailShell","Lantern","OrangePellets","conspire:IceCreamScoop","aspiration:Nostalgia","sneckomod:SneckoSoul","jedi:archwizardhat","Whetstone","Unceasing Top","aspiration:DSix","DemoMod:Orange","DemoMod:ResourcefulSack","StuffTheSpire:CocoNut","halation:PrussianBluePaint","CCEMRelics:Barrel","hubris:DeckOfHolding","halation:Komachan","rat:PhantomDancer","testmod-ThousandKnives","EdensBlessing","infinitespire:WardingShard","SpikesRelics:SneckoPlush","DemoMod:GundromedaStrain","MagicDraw1","Regal Pillow","BFFS","DemoMod:BigBoy","conspire:DeflatedDodgeball","Habit","vexMod:RedPlottingStone","Chaos","testmod-Nyarlathotep","aspiration:TomeofQuesting","CCEMRelics:Sandal","hubris:Zylophone","ChiXiaoBlade","AncientExoskeleton","ReplayTheSpireMod:Shallot","Champion Belt","infinitespire:Broken Mirror","MagicDraw3","GreenFoldingFan","energizedSpire:HighHeels","StrikeDummy","BrokenLever","infinitespire:BottledMercury","ClockworkSouvenir","CCEMRelics:TinyMinotavrHorn","Mirror","rat:SilverFlask","Pet Ghost","DemoMod:BlueGuonStone","The Specimen","Mark of Pain","DataDisk","CosmicIsotope","energizedSpire:MagnifyingGlass","LetterFromLob","Question Card","DemoMod:GlassGuonStoneRelic","Happy Flower","PunchingBag","aspiration:BursterCore","DemoMod:Antibody","Ooze Armor","Counterbalance","Leech","Pocketwatch","HeavenlyBonsai","halation:Prosthetics","Prayer Wheel","NightmareShop","Honey Jar","ImportantClient","BirthdayGift-Icosahedron","GuppysHairball","Ice Cream","DemoMod:RatBoots","halation:QuantumPhysicsTextbook","DemoMod:PartiallyEatenCheese","SatanicBible","jedi:windupbox","infinitespire:PuzzleCube","SharpPlug","Paper Frog","Pantograph","King of Hearts","jedi:scrapmetal","vexMod:ImprovementManual","Ring of Chaos","Du-Vu Doll","Busted Crown","halation:WeightlessCrab","halation:PeacePiece","ReplayTheSpireMod:CursedCoin","aspiration:SecretTechniqueScroll","StuffTheSpire:Gunfinga","Replay:Kaleidoscope"],"acts_visited":["Gensokyo:Gensokyo","Gensokyo:Gensokyoer","Gensokyo:Gensokyoer","TheBeyond"],"potions_floor_usage":[],"damage_taken":[{"damage":0.0,"enemies":"Gensokyo:2_Kodama","floor":1.0,"turns":1.0},{"damage":0.0,"enemies":"Gensokyo:Gryphon","floor":2.0,"turns":1.0},{"damage":2.0,"enemies":"Gensokyo:Python","floor":3.0,"turns":1.0},{"damage":2.0,"enemies":"Gensokyo:2_Rabbits","floor":5.0,"turns":1.0},{"damage":2.0,"enemies":"Gensokyo:Aya","floor":6.0,"turns":1.0},{"damage":2.0,"enemies":"Gensokyo:5_Fairies","floor":10.0,"turns":2.0},{"damage":2.0,"enemies":"Gensokyo:Kitsune","floor":11.0,"turns":1.0},{"damage":6.0,"enemies":"Gensokyo:Cirno","floor":12.0,"turns":4.0},{"damage":2.0,"enemies":"Gensokyo:3_Kodama","floor":13.0,"turns":1.0},{"damage":4.0,"enemies":"conspire:MimicChest","floor":14.0,"turns":2.0},{"damage":2.0,"enemies":"Gensokyo:Kokoro","floor":16.0,"turns":2.0},{"damage":0.0,"enemies":"Gensokyo:3_Dogs","floor":18.0,"turns":1.0},{"damage":0.0,"enemies":"Gensokyo:CosmicMonolith","floor":19.0,"turns":1.0},{"damage":0.0,"enemies":"Gensokyo:Mirror_and_Dog","floor":22.0,"turns":1.0},{"damage":0.0,"enemies":"Gensokyo:Koishi","floor":25.0,"turns":1.0},{"damage":0.0,"enemies":"DemoMod:Red_and_blue_shotgun_kin","floor":28.0,"turns":1.0},{"damage":0.0,"enemies":"DemoMod:4_Bullet_Kins_with_one_veteran","floor":29.0,"turns":1.0},{"damage":0.0,"enemies":"DemoMod:Red_and_blue_shotgun_kin_with_gunsinger","floor":30.0,"turns":1.0},{"damage":0.0,"enemies":"DemoMod:Veteran_shot_gun_kin_and_blue_shotgun_kin","floor":31.0,"turns":1.0},{"damage":0.0,"enemies":"DemoMod:Veteran_shot_gun_kin_and_red_shotgun_kin_with_gunsinger","floor":32.0,"turns":1.0},{"damage":8,"enemies":"DemoMod:ResourcefulRat","floor":36,"turns":6},{"damage":0,"enemies":"3 Darklings","floor":38,"turns":1},{"damage":0,"enemies":"3 Shapes","floor":41,"turns":1},{"damage":0,"enemies":"3 Darklings","floor":42,"turns":1},{"damage":0,"enemies":"R_Hoarder","floor":43,"turns":1},{"damage":0,"enemies":"Giant Head","floor":45,"turns":1},{"damage":0,"enemies":"Reptomancer","floor":47,"turns":1},{"damage":0,"enemies":"Transient","floor":49,"turns":1},{"damage":4,"enemies":"Delirium","floor":53,"turns":3}],"seed_played":"5837152840986446389","potions_obtained":[{"floor":3.0,"key":"Fire Potion"},{"floor":5.0,"key":"Strength Potion"},{"floor":6.0,"key":"Swift Potion"},{"floor":22.0,"key":"LifebloodPotion"}],"is_trial":false,"path_per_floor":["M","M","M","?","M","E","$","T","T","M","M","E","M","?","R","B",null,"M","M","?","?","M","E","R","E","T","R","M","M","M","M","M","R","B","B","B",null,"M","?","$","M","M","E","R","E","T","E","R","M","$","?","R","B",null,null],"character_chosen":"DEFECT","items_purchased":["Membership Card","Nunchaku","DemoMod:GnawedKey","MiniBlackHole","Bag of Marbles","Anchor","rat:SoulRing","jedi:laserpointer","DemoMod:NanoMachines","Question Card","Dodecahedron","SnailShell","Lantern","OrangePellets","conspire:IceCreamScoop","aspiration:Nostalgia","jedi:archwizardhat","Whetstone","Unceasing Top","aspiration:DSix","StuffTheSpire:CocoNut","halation:PrussianBluePaint","CCEMRelics:Barrel","hubris:DeckOfHolding","halation:Komachan","rat:PhantomDancer","testmod-ThousandKnives","EdensBlessing","infinitespire:WardingShard","SpikesRelics:SneckoPlush","MagicDraw1","Regal Pillow","BFFS","DemoMod:BigBoy","conspire:DeflatedDodgeball","Habit","Chaos","testmod-Nyarlathotep","aspiration:TomeofQuesting","CCEMRelics:Sandal","hubris:Zylophone","ChiXiaoBlade","AncientExoskeleton","ReplayTheSpireMod:Shallot","Champion Belt","GreenFoldingFan","energizedSpire:HighHeels","StrikeDummy","BrokenLever","infinitespire:BottledMercury","ClockworkSouvenir","CCEMRelics:TinyMinotavrHorn","Mirror","rat:SilverFlask","DemoMod:BlueGuonStone","The Specimen","Mark of Pain","DataDisk","CosmicIsotope","aspiration:BursterCore","DemoMod:Antibody","Ooze Armor","Counterbalance","Leech","Pocketwatch","Sunder","GuppysHairball","SharpPlug","Paper Frog","Pantograph","King of Hearts","jedi:scrapmetal","halation:WeightlessCrab","halation:PeacePiece","ReplayTheSpireMod:CursedCoin","aspiration:SecretTechniqueScroll","StuffTheSpire:Gunfinga","Replay:Kaleidoscope","hubris:EnhanceAbility"],"campfire_rested":0,"item_purchase_floors":[0,0,0,0,0,0,0,0,0,0,0,0,0,0,0,0,0,0,0,0,0,0,0,0,0,0,0,0,0,0,0,0,0,0,0,0,0,0,0,0,0,0,0,0,0,0,0,0,0,0,0,0,0,0,0,0,0,0,0,7,7,7,7,7,7,7,17,40,40,40,40,40,50,50,50,50,50,50,50],"current_hp_per_floor":[71,91,94,94,94,94,94,94,59,60,61,63,64,65,65,67,57,58,58,58,58,58,58,58,58,58,58,58,58,58,58,60,60,60,62,65,65,65,65,65,65,65,65,65,65,65,67,67,68,68,53,53,70,70],"gold":532,"neow_bonus":"","is_daily":false,"chose_seed":false,"campfire_upgraded":6,"win_rate":0.0,"timestamp":1608379266,"path_taken":["M","M","?","?","M","E","$","?","T","M","M","E","M","?","R","BOSS","M","?","?","?","M","E","R","E","T","R","M","M","M","M","M","R","BOSS","BOSS","BOSS","M","?","$","?","M","E","R","E","T","E","R","M","$","?","R","BOSS"],"items_purchased_type":["Relic","Relic","Relic","Relic","Relic","Relic","Relic","Relic","Relic","Relic","Relic","Relic","Card","Relic","Relic","Relic","Relic","Relic","Relic","Relic","Relic","Relic","Relic","Relic","Relic","Relic","Relic","Relic","Relic","Relic","Relic","Relic","Relic","Relic","Relic","Relic","Card","Relic","Relic","Relic","Relic","Relic","Relic","Relic","Relic","Relic","Relic","Relic","Relic","Relic","Relic","Relic","Relic","Relic","Relic","Relic","Relic","Relic","Relic","Relic","Relic","Relic","Relic","Relic","Relic","Card","Relic","Relic","Relic","Relic","Relic","Relic","Relic","Relic","Relic","Relic","Relic","Relic","Card"],"build_version":"2020-12-13","purchased_purges":0,"victory":true,"max_hp_per_floor":[94,94,94,94,94,94,94,94,59,60,61,63,64,65,65,67,57,58,58,58,58,58,58,58,58,58,58,58,58,58,58,60,60,60,62,65,65,65,65,65,65,65,65,65,65,65,67,67,68,68,68,68,70,70],"card_choices":[{"not_picked":["rorgmod:Chaos","rorgmod:Steady Aim","rorgmod:Metal Coating","Hologram"],"picked":"SKIP","floor":1.0},{"not_picked":["Streamline","jedi:BurstFrost","ReplayTheSpireMod:Repulse","Heatsinks"],"picked":"Loop","floor":2.0},{"not_picked":["rorgmod:Leap","jedi:BurstFrost","StuffTheSpire:LoadUp","rorgmod:Claw"],"picked":"ReplayTheSpireMod:Fabricate Wheel","floor":3.0},{"not_picked":["rorgmod:Antivirus","Rebound","rorgmod:Propelled Flight","rorgmod:Steady Aim"],"picked":"Cold Snap","floor":5.0},{"not_picked":["BasicCrystalCard","rorgmod:Claw","jedi:BurstDark","jedi:BurstFrost"],"picked":"Ball Lightning","floor":6.0},{"not_picked":["StuffTheSpire:Plugnplay","Loop","jedi:blockon","StuffTheSpire:LoadUp"],"picked":"Rainbow","floor":10.0},{"not_picked":["hubris:Ukulele","rorgmod:Centralize","StuffTheSpire:CleanHardDrive","jedi:BurstLightning"],"picked":"Conserve Battery","floor":10.0},{"not_picked":["Capacitor","Time Bomb","Rebound","rorgmod:Antivirus"],"picked":"Cold Snap","floor":11.0},{"not_picked":["MostiFishMod:ReprogramOld","aspiration:Polymerization","ReplaySolidLightProjector","rorgmod:Overcurrent"],"picked":"Cold Snap","floor":11.0},{"not_picked":["jedi:BurstLightning","ReplayTheSpireMod:System Scan","rorgmod:Fragmentation","MostiFishMod:Nova"],"picked":"MostiFishMod:Distribution","floor":12.0},{"not_picked":["Darkness","Heatsinks","Redo","ReplayTheSpireMod:Calculation Training"],"picked":"Compile Driver","floor":13.0},{"not_picked":["rorgmod:SQL Injection","jedi:blockon","rorgmod:Metal Coating","Barrage"],"picked":"rorgmod:Storm","floor":13.0},{"not_picked":["Time Bomb","Reinforced Body","Redo","rorgmod:LRU Cache"],"picked":"rorgmod:Radar Scan","floor":14.0},{"not_picked":["MostiFishMod:FluxCapactior","MostiFishMod:Hijack","MostiFishMod:Impulse","All For One","Buffer"],"picked":"MostiFishMod:StarOceanB","floor":16.0},{"not_picked":["rorgmod:Storm","Panic Button","rorgmod:Leap","Redo+1","Distribution"],"picked":"Streamline+1","floor":18.0},{"not_picked":["Ball Lightning","Compile Driver","jedi:BurstDark","jedi:blockon+1","rorgmod:Refrigerate"],"picked":"jedi:BurstLightning","floor":18.0},{"not_picked":["Streamline","rorgmod:SQL Injection","rorgmod:Centralize","StuffTheSpire:SnapShoot","conspire:Rain","jedi:BurstLightning"],"picked":"SKIP","floor":19.0},{"not_picked":["rorgmod:SQL Injection+1","rorgmod:Leap","Distribution+1","Reinforced Body","jedi:locknload","rorgmod:LRU Cache"],"picked":"SKIP","floor":19.0},{"not_picked":["Coolheaded","FIFO Queue","rorgmod:SQL Injection","jedi:blockon","conspire:Rain"],"picked":"Sweeping Beam","floor":22.0},{"not_picked":["Barrage","Turbo","Cold Snap","StuffTheSpire:GlassShard","jedi:BurstFrost"],"picked":"BasicCrystalCard","floor":22.0},{"not_picked":["RefreshScreen","Stack","Redo","MostiFishMod:TalkingToTheRain","Streamline"],"picked":"Cold Snap","floor":25.0},{"not_picked":["Genetic Algorithm","rorgmod:Leap","StuffTheSpire:Plugnplay","rorgmod:Refrigerate+1","rorgmod:Antivirus+1"],"picked":"hubris:Ukulele","floor":28.0},{"not_picked":["Cold Snap","jedi:sharpshooter","rorgmod:Refrigerate+1","ReplayTheSpireMod:Reroute Power","Rebound"],"picked":"BasicCrystalCard+1","floor":28.0},{"not_picked":["rorgmod:LRU Cache","hubris:DoWhile","StuffTheSpire:LoadUp","Reinforced Body+1","Sweeping Beam"],"picked":"Ball Lightning","floor":29.0},{"not_picked":["rorgmod:Storm+1","Conserve Battery+1","jedi:markofdeath+1","Rebound","Sweeping Beam+1","Barrage"],"picked":"SKIP","floor":29.0},{"not_picked":["rorgmod:Malware+1","rorgmod:Propelled Flight+1","Pulse+1","Compile Driver","StuffTheSpire:Rend"],"picked":"Ball Lightning","floor":30.0},{"not_picked":["MostiFishMod:ReprogramOld","Stack+1","rorgmod:Leap","Steam Power","ReplaySolidLightProjector+1","Hologram+1"],"picked":"SKIP","floor":30.0},{"not_picked":["Panic Button+1","Compile Driver","Coolheaded","Distribution+1","jedi:blockon+1"],"picked":"Ball Lightning+1","floor":31.0},{"not_picked":["Rebound+1","Barrage+1","StuffTheSpire:LoadUp","rorgmod:Radar Scan","rorgmod:Fragmentation+1","Buffer"],"picked":"SKIP","floor":31.0},{"not_picked":["rorgmod:Claw","jedi:overflow","conspire:SharedLibrary","BasicCrystalCard+1","jedi:hex","jedi:BurstFrost"],"picked":"SKIP","floor":32.0},{"not_picked":["Conserve Battery+1","Rebound","ReplaySort+1","jedi:BurstLightning+1","ReplayTheSpireMod:Repulse","Turbo+1"],"picked":"SKIP","floor":32.0},{"not_picked":[],"picked":"DemoMod:Elimentaler","floor":36},{"not_picked":["jedi:studyfrost","rorgmod:Loose Screws","Fission","MostiFishMod:UniBlue","Machine Learning"],"picked":"Meteor Strike","floor":36},{"not_picked":["rorgmod:Claw","Ball Lightning","Force Field","Rebound+1","Steam Power"],"picked":"FTL+1","floor":37},{"not_picked":["jedi:BurstFrost","rorgmod:Antivirus+1","Ball Lightning+1","Sweeping Beam+1","Streamline"],"picked":"StuffTheSpire:Plugnplay+1","floor":38},{"not_picked":["rorgmod:Fragmentation","StuffTheSpire:LoadUp","Lockon","rorgmod:Fusion+1","Cold Snap","StuffTheSpire:Plugnplay+1"],"picked":"SKIP","floor":38},{"not_picked":["Streamline","rorgmod:LRU Cache+1","Stack+1","Conserve Battery","Skim+1"],"picked":"rorgmod:Chaos+1","floor":41},{"not_picked":["Conserve Battery","conspire:Rain+1","rorgmod:Metal Coating","rorgmod:Leap+1","ReplayTheSpireMod:Dual Polarity+1"],"picked":"rorgmod:Storm+1","floor":41},{"not_picked":["rorgmod:Malware+1","rorgmod:Chaos","Redo","BasicCrystalCard+1","MostiFishMod:ReprogramOld"],"picked":"StuffTheSpire:Synthwave","floor":42},{"not_picked":["Sunder+1","Doom and Gloom","Sweeping Beam+1","StuffTheSpire:SnapShoot+1","rorgmod:Refrigerate+1","Streamline"],"picked":"SKIP","floor":42},{"not_picked":["Lockon+1","StuffTheSpire:NuclearReactor+1","StuffTheSpire:LoadUp+1","jedi:BurstLightning+1","FIFO Queue+1"],"picked":"rorgmod:Black Ice","floor":43},{"not_picked":["Steam Power+1","rorgmod:Metal Coating","Stack+1","BasicCrystalCard+1","rorgmod:Antivirus+1"],"picked":"rorgmod:Overheat+1","floor":45},{"not_picked":["jedi:spotbugs+1","rorgmod:Auto-Shields+1","Streamline+1","Stack","jedi:BurstFrost+1","ReplaySolidLightProjector+1"],"picked":"SKIP","floor":47},{"not_picked":["rorgmod:Antivirus+1","Panic Button+1","Doom and Gloom","Hologram"],"picked":"SKIP","floor":49},{"not_picked":["Rebound","Panic Button+1","Redo","rorgmod:LRU Cache+1"],"picked":"SKIP","floor":49}],"player_experience":259767,"relics_obtained":[{"floor":1.0,"key":"LetterFromLob"},{"floor":1.0,"key":"Question Card"},{"floor":6.0,"key":"PunchingBag"},{"floor":8.0,"key":"HeavenlyBonsai"},{"floor":9.0,"key":"halation:Prosthetics"},{"floor":12.0,"key":"NightmareShop"},{"floor":14.0,"key":"Honey Jar"},{"floor":16.0,"key":"ImportantClient"},{"floor":25.0,"key":"Ice Cream"},{"floor":37,"key":"DemoMod:RatBoots"},{"floor":37,"key":"halation:QuantumPhysicsTextbook"},{"floor":37,"key":"DemoMod:PartiallyEatenCheese"},{"floor":37,"key":"SatanicBible"},{"floor":37,"key":"jedi:windupbox"},{"floor":43,"key":"vexMod:ImprovementManual"},{"floor":45,"key":"Ring of Chaos"},{"floor":46,"key":"Du-Vu Doll"},{"floor":47,"key":"Busted Crown"}],"event_choices":[],"is_beta":false,"boss_relics":[{"not_picked":["RhineFirstAidKit","conspire:TopHat"],"picked":"BirthdayGift-Icosahedron"},{"not_picked":[]},{"not_picked":[]}],"items_purged_floors":[],"is_endless":false,"potions_floor_spawned":[3,5,6,13,22,25,29,30,32,38,41,45],"ascension_level":9}}