{"host":"9pqy5lt7vda52ebm","time":1608352667,"event":{"mods":["BaseMod","Minty Spire (QoL Compilation)","Optimize The Spire","Quick Restart","StSLib","The Evolution"],"gold_per_floor":[212,212,287,7,26,58,58,84,153,153,184,184,217,217,217,312,312,324,504,518,518,91,91,91,119,167,267,279,279,18,42,54,164,176,203,229,91,105,105,105,132,132,185,215,215,248,262,212,212,212,212,212,72,106,106],"floor_reached":56,"playtime":12876,"items_purged":["evolutionmod:DefendEvo","evolutionmod:StrikeEvo","evolutionmod:StrikeEvo","evolutionmod:StrikeEvo","evolutionmod:DefendEvo","evolutionmod:DefendEvo"],"score":2060,"play_id":"c7c06bcb-3a54-49bc-a32e-1b223bafdcf7","local_time":"20201218233747","is_ascension_mode":true,"campfire_choices":[{"data":"evolutionmod:LoyalCompanion","floor":10.0,"key":"SMITH"},{"data":"evolutionmod:LoyalWarrior","floor":12.0,"key":"SMITH"},{"data":"evolutionmod:CurrentsDancer","floor":15.0,"key":"SMITH"},{"data":"evolutionmod:Shadowbolt","floor":23.0,"key":"SMITH"},{"data":"evolutionmod:CrystalShard","floor":29.0,"key":"SMITH"},{"data":"evolutionmod:FeatherStorm","floor":32.0,"key":"SMITH"},{"data":"evolutionmod:TalonStrike","floor":40.0,"key":"SMITH"},{"data":"evolutionmod:NightMare","floor":42.0,"key":"SMITH"},{"floor":49,"key":"RECALL"},{"data":"evolutionmod:DefendEvo","floor":52,"key":"SMITH"}],"circlet_count":0,"master_deck":["AscendersBane","evolutionmod:LoyalWarrior+1","evolutionmod:LoyalCompanion+1","evolutionmod:DefendEvo+1","evolutionmod:CurrentsDancer+1","evolutionmod:CrystalShard","evolutionmod:Shadowbolt+1","evolutionmod:TalonStrike+1","evolutionmod:Dive","evolutionmod:BlackCat","evolutionmod:Humanity+1","evolutionmod:NightMare+1","evolutionmod:LeafBird+1","evolutionmod:Shrink+1","evolutionmod:CrystalShard+1","evolutionmod:FeatherStorm+1","evolutionmod:GodForm+1","Purity"],"relics":["evolutionmod:TorisGift","ClockworkSouvenir","Art of War","Lizard Tail","Bottled Flame","Dream Catcher","Frozen Egg 2","Sozu","MutagenicStrength","Kunai","Toy Ornithopter","Nunchaku","Bird Faced Urn","Pear","MawBank","Runic Pyramid","Smiling Mask","Shuriken","Bag of Preparation","Letter Opener","Oddly Smooth Stone"],"acts_visited":["Exordium","TheCity","TheBeyond","TheEnding"],"potions_floor_usage":[55],"damage_taken":[{"damage":0.0,"enemies":"Small Slimes","floor":1.0,"turns":5.0},{"damage":3.0,"enemies":"Jaw Worm","floor":5.0,"turns":4.0},{"damage":10.0,"enemies":"Gremlin Nob","floor":6.0,"turns":5.0},{"damage":7.0,"enemies":"3 Sentries","floor":8.0,"turns":9.0},{"damage":0.0,"enemies":"Lagavulin","floor":11.0,"turns":6.0},{"damage":4.0,"enemies":"3 Sentries","floor":13.0,"turns":7.0},{"damage":3.0,"enemies":"Slime Boss","floor":16.0,"turns":14.0},{"damage":0.0,"enemies":"Shell Parasite","floor":18.0,"turns":5.0},{"damage":1.0,"enemies":"3 Byrds","floor":20.0,"turns":5.0},{"damage":0.0,"enemies":"Book of Stabbing","floor":25.0,"turns":6.0},{"damage":2.0,"enemies":"Colosseum Slavers","floor":27.0,"turns":4.0},{"damage":5.0,"enemies":"Colosseum Nobs","floor":27.0,"turns":5.0},{"damage":0.0,"enemies":"Sentry and Sphere","floor":28.0,"turns":4.0},{"damage":0.0,"enemies":"Collector","floor":33.0,"turns":3.0},{"damage":0.0,"enemies":"3 Shapes","floor":35.0,"turns":4.0},{"damage":0.0,"enemies":"Orb Walker","floor":36.0,"turns":3.0},{"damage":0.0,"enemies":"Maw","floor":38.0,"turns":5.0},{"damage":0.0,"enemies":"Nemesis","floor":41.0,"turns":5.0},{"damage":0.0,"enemies":"Giant Head","floor":44.0,"turns":3.0},{"damage":0.0,"enemies":"Nemesis","floor":46.0,"turns":3.0},{"damage":4.0,"enemies":"Writhing Mass","floor":47.0,"turns":4.0},{"damage":9,"enemies":"Awakened One","floor":50,"turns":5},{"damage":30,"enemies":"Shield and Spear","floor":54,"turns":3},{"damage":34,"enemies":"The Heart","floor":55,"turns":5}],"seed_played":"7205208723260934777","potions_obtained":[{"floor":6.0,"key":"Strength Potion"},{"floor":11.0,"key":"SpeedPotion"},{"floor":13.0,"key":"AttackPotion"}],"is_trial":false,"path_per_floor":["M","?","?","$","M","E","?","E","T","R","E","R","E","?","R","B",null,"M","?","M","?","$","R","?","E","T","?","M","R","$","T","R","B",null,"M","M","$","M","?","R","E","R","T","E","T","E","M","$","R","B",null,"R","$","E","B",null],"character_chosen":"EVOLUTION_CLASS","items_purchased":["ClockworkSouvenir","evolutionmod:CrystalShard","evolutionmod:Shrink+1","Kunai","evolutionmod:FeatherStorm","Purity"],"campfire_rested":0,"item_purchase_floors":[4,4,22,22,30,53],"current_hp_per_floor":[69,62,51,51,48,38,38,31,31,31,31,31,27,32,32,29,69,69,50,49,49,49,49,33,33,33,41,47,47,47,47,47,53,86,94,97,97,97,97,97,97,97,97,97,97,97,95,95,95,92,96,96,96,71,50],"gold":106,"neow_bonus":"HUNDRED_GOLD","is_daily":false,"chose_seed":false,"campfire_upgraded":9,"win_rate":0.0,"timestamp":1608352667,"path_taken":["M","?","?","?","M","E","?","E","T","R","E","R","E","?","R","BOSS","M","?","?","?","$","R","?","E","T","?","M","R","$","?","R","BOSS","M","M","$","?","?","R","E","R","T","E","?","E","M","$","R","BOSS","R","$","E","BOSS"],"items_purchased_type":["Relic","Card","Card","Relic","Card","Card"],"build_version":"2020-12-13","purchased_purges":6,"victory":true,"max_hp_per_floor":[77,77,77,77,77,77,77,77,77,77,77,77,77,82,82,82,82,82,82,82,82,82,82,87,87,87,97,97,97,97,97,97,97,97,97,97,97,97,97,97,97,97,97,97,97,97,97,97,97,97,97,97,97,97,97],"card_choices":[{"not_picked":["evolutionmod:CrystalDust","evolutionmod:Hatch"],"picked":"evolutionmod:CurrentsDancer","floor":1.0},{"not_picked":["evolutionmod:Pheromones","evolutionmod:Treasure"],"picked":"evolutionmod:Shadowbolt","floor":5.0},{"not_picked":["evolutionmod:Salamander","evolutionmod:SpiderBite"],"picked":"evolutionmod:TalonStrike","floor":6.0},{"not_picked":["evolutionmod:Hatch","evolutionmod:DrainMana"],"picked":"evolutionmod:Dive","floor":8.0},{"not_picked":["evolutionmod:CurrentsDancer","evolutionmod:Stalker"],"picked":"evolutionmod:BlackCat","floor":11.0},{"not_picked":["evolutionmod:StripArmor","evolutionmod:Symbiotes+1","evolutionmod:Shrink+1"],"picked":"SKIP","floor":13.0},{"not_picked":["evolutionmod:Photosynthesis","evolutionmod:FeatherStorm"],"picked":"evolutionmod:Humanity+1","floor":16.0},{"not_picked":["evolutionmod:DrainMana+1","evolutionmod:ClawSlash"],"picked":"evolutionmod:NightMare","floor":18.0},{"not_picked":["evolutionmod:DrainMana","evolutionmod:CrystalShard+1"],"picked":"evolutionmod:LeafBird+1","floor":20.0},{"not_picked":["evolutionmod:Toxin","evolutionmod:Charm","evolutionmod:ShiftingStrike"],"picked":"SKIP","floor":25.0},{"not_picked":["evolutionmod:Toxin","evolutionmod:Charm","evolutionmod:ShiftingStrike"],"picked":"SKIP","floor":25.0},{"not_picked":["evolutionmod:DrainMana","evolutionmod:ClawSlash"],"picked":"evolutionmod:CrystalShard","floor":28.0},{"not_picked":["evolutionmod:Broodmother+1","evolutionmod:Eruption+1"],"picked":"evolutionmod:GodForm+1","floor":33.0},{"not_picked":["evolutionmod:DrainMana","evolutionmod:CrystalShard","evolutionmod:Symbiotes+1"],"picked":"SKIP","floor":35.0},{"not_picked":["evolutionmod:Toxin","evolutionmod:Charm","evolutionmod:HeightenedSenses"],"picked":"SKIP","floor":36.0},{"not_picked":["evolutionmod:PoisonFangs+1","evolutionmod:ShiftingPower+1","evolutionmod:FireAnts+1"],"picked":"SKIP","floor":38.0},{"not_picked":["evolutionmod:HeightenedSenses","evolutionmod:CrystalStone+1","evolutionmod:Dive+1"],"picked":"SKIP","floor":41.0},{"not_picked":["evolutionmod:TalonStrike+1","evolutionmod:DepthsLurker+1","evolutionmod:ChimeraDefense"],"picked":"SKIP","floor":44.0},{"not_picked":["evolutionmod:ChimeraStrike+1","evolutionmod:Dive+1","evolutionmod:CrystalShard"],"picked":"SKIP","floor":46.0},{"not_picked":["evolutionmod:ShiftingStrike+1","evolutionmod:Shadowbolt","evolutionmod:DarkDesires+1"],"picked":"SKIP","floor":47.0},{"not_picked":["evolutionmod:CrystalStone+1","evolutionmod:ShiftingGuard+1","evolutionmod:Battleborn+1"],"picked":"SKIP","floor":54}],"player_experience":765217,"relics_obtained":[{"floor":6.0,"key":"Art of War"},{"floor":8.0,"key":"Lizard Tail"},{"floor":9.0,"key":"Bottled Flame"},{"floor":11.0,"key":"Dream Catcher"},{"floor":13.0,"key":"Frozen Egg 2"},{"floor":25.0,"key":"Toy Ornithopter"},{"floor":26.0,"key":"Nunchaku"},{"floor":27.0,"key":"Bird Faced Urn"},{"floor":27.0,"key":"Pear"},{"floor":31.0,"key":"MawBank"},{"floor":41.0,"key":"Smiling Mask"},{"floor":44.0,"key":"Shuriken"},{"floor":45.0,"key":"Bag of Preparation"},{"floor":46.0,"key":"Letter Opener"},{"floor":54,"key":"Oddly Smooth Stone"}],"event_choices":[{"cards_removed":["evolutionmod:StrikeEvo"],"damage_healed":0.0,"max_hp_gain":0.0,"max_hp_loss":0.0,"gold_gain":0.0,"event_name":"Golden Wing","player_choice":"Card Removal","floor":2.0,"gold_loss":0.0,"damage_taken":7.0},{"damage_healed":0.0,"max_hp_gain":0.0,"max_hp_loss":0.0,"gold_gain":75.0,"event_name":"World of Goop","player_choice":"Gather Gold","floor":3.0,"gold_loss":0.0,"damage_taken":11.0},{"damage_healed":0.0,"max_hp_gain":0.0,"max_hp_loss":0.0,"gold_gain":0.0,"event_name":"Liars Game","player_choice":"Ignored","floor":7.0,"gold_loss":0.0,"damage_taken":0.0},{"damage_healed":0.0,"max_hp_gain":5.0,"max_hp_loss":0.0,"gold_gain":0.0,"event_name":"Big Fish","player_choice":"Donut","floor":14.0,"gold_loss":0.0,"damage_taken":0.0},{"damage_healed":0.0,"max_hp_gain":0.0,"max_hp_loss":0.0,"gold_gain":180.0,"event_name":"Knowing Skull","player_choice":"GOLD GOLD ","floor":19.0,"potions_obtained":[],"gold_loss":0.0,"damage_taken":19.0,"cards_obtained":[]},{"damage_healed":0.0,"max_hp_gain":0.0,"max_hp_loss":0.0,"gold_gain":0.0,"event_name":"Drug Dealer","player_choice":"Inject Mutagens","floor":21.0,"gold_loss":0.0,"damage_taken":0.0,"relics_obtained":["MutagenicStrength"]},{"damage_healed":0.0,"max_hp_gain":5.0,"max_hp_loss":0.0,"gold_gain":0.0,"event_name":"Forgotten Altar","player_choice":"Shed Blood","floor":24.0,"gold_loss":0.0,"damage_taken":21.0},{"damage_healed":0.0,"max_hp_gain":0.0,"max_hp_loss":0.0,"gold_gain":0.0,"event_name":"Colosseum","player_choice":"Fight","floor":27.0,"gold_loss":0.0,"damage_taken":0.0},{"damage_healed":0.0,"max_hp_gain":0.0,"max_hp_loss":0.0,"gold_gain":0.0,"event_name":"Colosseum","player_choice":"Fought Nobs","floor":27.0,"gold_loss":0.0,"damage_taken":0.0},{"damage_healed":0.0,"max_hp_gain":0.0,"max_hp_loss":0.0,"gold_gain":0.0,"event_name":"SensoryStone","player_choice":"Memory 1","floor":39.0,"gold_loss":0.0,"damage_taken":0.0}],"is_beta":false,"boss_relics":[{"not_picked":["Busted Crown","Velvet Choker"],"picked":"Sozu"},{"not_picked":["Astrolabe","Snecko Eye"],"picked":"Runic Pyramid"}],"items_purged_floors":[4,22,30,37,48,53],"is_endless":false,"potions_floor_spawned":[6,11,13,18,20,27,28,35,46],"ascension_level":10}}