{"host":"6ve8qn5s1am4lo6s","time":1608390003,"event":{"mods":["AchievementEnabler","BaseMod","BetterRewards","Downfall","Friendly Minions","GifTheSpireLib","Minty Spire (QoL Compilation)","Permanent Neow","Relic Stats","StSLib"],"gold_per_floor":[99,99,24,43,104,130,130,130,55,83,83,30,48,58,68,68,68],"floor_reached":16,"playtime":1865,"items_purged":[],"score":108,"play_id":"b7a8ceb5-8a51-4689-9c07-e71657df25bd","local_time":"20201219100003","is_ascension_mode":false,"campfire_choices":[{"floor":1,"key":"RECALL"},{"data":"sneckomod:UnknownUncommonSkill","floor":3,"key":"SMITH"},{"data":"1","floor":9,"key":"LIFT"}],"circlet_count":0,"master_deck":["sneckomod:Strike","sneckomod:Strike","sneckomod:Defend","sneckomod:Defend","sneckomod:TailWhip","sneckomod:SnekBite","sneckomod:Unknown","sneckomod:Unknown","sneckomod:UnknownUncommonSkill+1","sneckomod:TrashToTreasure","sneckomod:UnknownBlock","sneckomod:UnknownVulnerable","sneckomod:UnknownX+1","sneckomod:UnknownUncommonPower","sneckomod:UnknownUncommonSkill","sneckomod:IronFang","sneckomod:UnknownClassHEXA_GHOST_PURPLE","sneckomod:DefensiveFlair","sneckomod:MasterEye","sneckomod:UnknownExhaust"],"relics":["sneckomod:SneckoSoul","downfall:HeartBlessingRed","Girya","Thread and Needle","downfall:HeartBlessingBlue","Ancient Tea Set"],"acts_visited":["Exordium"],"potions_floor_usage":[16,16,16],"damage_taken":[{"damage":5,"enemies":"2 Louse","floor":4,"turns":2},{"damage":30,"enemies":"3 Sentries","floor":5,"turns":7},{"damage":8,"enemies":"Lagavulin","floor":6,"turns":7},{"damage":24,"enemies":"Gremlin Nob","floor":10,"turns":4},{"damage":0,"enemies":"Cultist","floor":11,"turns":1},{"damage":2,"enemies":"downfall:FleeingMerchant","floor":12,"turns":4},{"damage":3,"enemies":"Jaw Worm","floor":13,"turns":3},{"damage":1,"enemies":"Lots of Slimes","floor":14,"turns":5},{"damage":18,"enemies":"Exordium Thugs","floor":15,"turns":4},{"damage":23,"enemies":"downfall:Silent","floor":16,"turns":6}],"seed_played":"-5192384135818826397","potions_obtained":[{"floor":13,"key":"Swift Potion"},{"floor":14,"key":"Strength Potion"},{"floor":15,"key":"AttackPotion"}],"is_trial":false,"path_per_floor":["R","?","R","M","?","E","T","?","R","E","M","$","M","M","M","B"],"character_chosen":"THE_SNECKO","items_purchased":["sneckomod:UnknownClassHEXA_GHOST_PURPLE"],"campfire_rested":0,"item_purchase_floors":[12],"current_hp_per_floor":[82,82,82,78,49,42,42,42,52,39,40,39,36,35,18,0,0],"gold":68,"neow_bonus":"TRANSFORM_TWO_CARDS","is_daily":false,"chose_seed":false,"campfire_upgraded":1,"win_rate":0.0,"timestamp":1608390003,"path_taken":["R","?","R","M","?","E","T","?","R","E","M","$","M","?","M","BOSS"],"items_purchased_type":["Card"],"build_version":"2020-12-13","purchased_purges":0,"victory":false,"max_hp_per_floor":[82,82,82,83,84,85,85,85,95,96,97,98,98,98,99,99,99],"relic_stats":{"counters":[10,43],"obtain_stats":[{"Girya":5,"downfall:BrokenWingStatue":2,"downfall:HeartBlessingRed":3,"downfall:HeartBlessingBlue":9,"Thread and Needle":6,"sneckomod:SneckoSoul":0,"Ancient Tea Set":10},{"Girya":2,"downfall:BrokenWingStatue":0,"downfall:HeartBlessingRed":0,"downfall:HeartBlessingBlue":3,"Thread and Needle":3,"sneckomod:SneckoSoul":0,"Ancient Tea Set":4},{"Girya":9,"downfall:BrokenWingStatue":0,"downfall:HeartBlessingRed":0,"downfall:HeartBlessingBlue":16,"Thread and Needle":16,"sneckomod:SneckoSoul":0,"Ancient Tea Set":20}]},"card_choices":[{"not_picked":["sneckomod:DiceCrush","sneckomod:UnknownVulnerable"],"picked":"sneckomod:UnknownBlock","floor":4},{"not_picked":["sneckomod:SoulDraw","sneckomod:TrashToTreasure"],"picked":"sneckomod:UnknownVulnerable","floor":5},{"not_picked":["sneckomod:DiceBlock","sneckomod:UnknownWeak"],"picked":"sneckomod:UnknownX","floor":6},{"not_picked":["sneckomod:WideSting","sneckomod:QuickBite"],"picked":"sneckomod:UnknownUncommonPower","floor":10},{"not_picked":["sneckomod:UnknownClassGREEN","sneckomod:UnknownClassGUARDIAN"],"picked":"sneckomod:UnknownUncommonSkill","floor":11},{"not_picked":["sneckomod:UnknownStrike","sneckomod:Unknown1Cost"],"picked":"sneckomod:IronFang","floor":12},{"not_picked":["sneckomod:UnknownVulnerable","sneckomod:TrashToTreasure"],"picked":"sneckomod:DefensiveFlair","floor":13},{"not_picked":["sneckomod:CheapStock","sneckomod:SnekBeam"],"picked":"sneckomod:MasterEye","floor":14},{"not_picked":["sneckomod:IronFang","sneckomod:RainOfDice"],"picked":"sneckomod:UnknownExhaust","floor":15}],"player_experience":307026,"relics_obtained":[{"floor":5,"key":"Girya"},{"floor":6,"key":"Thread and Needle"},{"floor":10,"key":"Ancient Tea Set"}],"event_choices":[{"damage_healed":0,"gold_gain":0,"player_choice":"Upgraded","damage_taken":0,"max_hp_gain":0,"max_hp_loss":0,"event_name":"Upgrade Shrine","floor":8,"gold_loss":0,"cards_upgraded":["sneckomod:UnknownX"]}],"is_beta":false,"boss_relics":[],"items_purged_floors":[],"is_endless":false,"potions_floor_spawned":[13,14,15],"killed_by":"downfall:Silent","ascension_level":0}}