{"host":"rihxvzvzrfpivboj","time":1608405221,"event":{"mods":["Act Like it!","BaseMod","Better Third Choice","Block Reminder","Colored Map","Colored Powertips","Gensokyo","GifTheSpireLib","Googly Eyes","Jorbs\u0027s Wanderer Trilogy","Keyboard Shortcuts","KomeijiMod","Minty Spire (QoL Compilation)","Quick Restart","ReimuÅiîé??öÎÅj","Relic Sorter","StSLib","The Construct","The Hierophant","The Jungle","The Poker Player","The Senshi","Unceasing Turn Reminder","Waifu the Spire"],"gold_per_floor":[110,122,137,150,164,164,199,161,161,161,161,496,496,514,514,617,617,636,414,414,429,440,467,483,503,577,602,620,631,645,645,645,742,742,752,770,788,788,801,816,850,208,208,208,238,238,263,288,288,288,288,288,28,62,62,62],"floor_reached":55,"playtime":7569,"items_purged":["Strike_Komeiji","Strike_Koishi"],"score":1013,"play_id":"158919c3-dc17-4a16-95fd-5102d37da497","local_time":"20201219201341","is_ascension_mode":false,"campfire_choices":[{"data":"InscribeRedSoul","floor":6.0,"key":"SMITH"},{"data":"HenyouMirume","floor":13.0,"key":"SMITH"},{"data":"Dash_Komeiji","floor":15.0,"key":"SMITH"},{"data":"HelanNingyou","floor":32.0,"key":"SMITH"},{"data":"TenguhouSokujitsuken","floor":44.0,"key":"SMITH"},{"data":"AbyssNova","floor":46.0,"key":"SMITH"},{"floor":49.0,"key":"RECALL"},{"data":"NarrowSpark","floor":52,"key":"SMITH"}],"circlet_count":0,"master_deck":["Dash_Komeiji+1","NingyouSP+1","InscribeRedSoul+1","OoedoNingyou+1","NarrowSpark+1","JyouchiJin+1","NingyouShinki+1","HenyouMirume+1","NingyouFukuhei+1","HelanNingyou+1","NingyouFukuhei+1","NingyouKisou+1","NingyouSousou+1","OoedoNingyou+1","EnMu+1","AbyssNova+1","MakuraSeki","SuitokuNoKyoryu","SeekerDolls+1","Strike_Koishi","Strike_Koishi","Defend_Koishi","Defend_Koishi+1","Defend_Koishi","TerribleSouvenir+1","NingyouKasou+1","TenguhouSokujitsuken+1"],"relics":["SpellCardsRule","NitorisBag","RingOfDollmaker","KoishisEye","MusicBox","Blue Candle","betterThird:SlimedRelic","Ginger","Old Coin","Black Star","Lantern","Turnip","CrystalOfMemory","theSenshi:FeatherClipsRelic","White Beast Statue","Vajra","SlaversCollar","Anchor","War Paint","Kunai","Centennial Puzzle","Omamori","Gremlin Horn","Thread and Needle","Prayer Wheel","RuthlessExorcism:ReiMu","Art of War","Eternal Feather"],"acts_visited":["Exordium","Exordium","TheBeyond","TheEnding"],"potions_floor_usage":[55,55,55],"damage_taken":[{"damage":0.0,"enemies":"Jaw Worm","floor":1.0,"turns":7.0},{"damage":0.0,"enemies":"Small Slimes","floor":2.0,"turns":6.0},{"damage":0.0,"enemies":"2 Louse","floor":3.0,"turns":3.0},{"damage":0.0,"enemies":"Red Slaver","floor":4.0,"turns":4.0},{"damage":0.0,"enemies":"Blue Slaver","floor":5.0,"turns":3.0},{"damage":0.0,"enemies":"Lagavulin","floor":7.0,"turns":7.0},{"damage":6.0,"enemies":"3 Sentries","floor":12.0,"turns":9.0},{"damage":0.0,"enemies":"Exordium Thugs","floor":14.0,"turns":4.0},{"damage":0.0,"enemies":"Slime Boss","floor":16.0,"turns":10.0},{"damage":3.0,"enemies":"theJungle:MUSHROOMGANG","floor":18.0,"turns":6.0},{"damage":7.0,"enemies":"theJungle:GiantWrat","floor":21.0,"turns":9.0},{"damage":5.0,"enemies":"theJungle:SlimyTreeVines","floor":22.0,"turns":10.0},{"damage":7.0,"enemies":"theJungle:MamaSnecko","floor":23.0,"turns":9.0},{"damage":12.0,"enemies":"Snake Plant","floor":24.0,"turns":5.0},{"damage":21.0,"enemies":"theJungle:2_Snecko_Cultists","floor":25.0,"turns":5.0},{"damage":10.0,"enemies":"theJungle:2_Phrogs","floor":27.0,"turns":6.0},{"damage":0.0,"enemies":"theJungle:JungleHuntersEncounter","floor":28.0,"turns":6.0},{"damage":12.0,"enemies":"Snake Plant","floor":29.0,"turns":3.0},{"damage":17.0,"enemies":"theJungle:2_Snecko_Cultists","floor":30.0,"turns":5.0},{"damage":77.0,"enemies":"theJungle:TotemBoss","floor":33.0,"turns":11.0},{"damage":8.0,"enemies":"3 Darklings","floor":35.0,"turns":7.0},{"damage":2.0,"enemies":"3 Shapes","floor":36.0,"turns":10.0},{"damage":30.0,"enemies":"Transient","floor":37.0,"turns":5.0},{"damage":0.0,"enemies":"Jaw Worm Horde","floor":39.0,"turns":3.0},{"damage":29.0,"enemies":"Sphere and 2 Shapes","floor":40.0,"turns":7.0},{"damage":1.0,"enemies":"Nemesis","floor":41.0,"turns":5.0},{"damage":0.0,"enemies":"Giant Head","floor":45.0,"turns":9.0},{"damage":29.0,"enemies":"Nemesis","floor":47.0,"turns":6.0},{"damage":0.0,"enemies":"Awakened One","floor":50.0,"turns":17.0},{"damage":37,"enemies":"Shield and Spear","floor":54,"turns":5},{"damage":42,"enemies":"The Heart","floor":55,"turns":9}],"seed_played":"-5059684979297767234","potions_obtained":[{"floor":4.0,"key":"GrandPatriotsElixir:ReiMu"},{"floor":5.0,"key":"ZuzhouPotion:ReiMu"},{"floor":7.0,"key":"EssenceOfSteel"},{"floor":18.0,"key":"Fruit Juice"},{"floor":21.0,"key":"LiquidMemories"},{"floor":22.0,"key":"FairyPotion"},{"floor":28.0,"key":"FairyPotion"},{"floor":29.0,"key":"SpeedPotion"},{"floor":30.0,"key":"SpeedPotion"},{"floor":33.0,"key":"Ancient Potion"},{"floor":36.0,"key":"Weak Potion"},{"floor":37.0,"key":"SkillPotion"},{"floor":39.0,"key":"SpeedPotion"},{"floor":45.0,"key":"Energy Potion"},{"floor":54,"key":"ZuzhouPotion:ReiMu"}],"is_trial":false,"path_per_floor":["M","M","M","M","M","R","E","?","T","?","?","E","R","M","R","B",null,"M","$","?","M","M","E","M","M","T","E","M","M","M","?","R","B",null,"M","M","M","?","M","M","E","$","T","R","E","R","E","T","R","B",null,"R","$","E","B"],"character_chosen":"KomeijiSatori","items_purchased":["Lantern","NitorisBag","Kunai","Centennial Puzzle","RingOfDollmaker"],"campfire_rested":0,"item_purchase_floors":[19,42,42,42,53],"current_hp_per_floor":[55,55,55,55,55,55,55,44,44,44,44,38,38,38,38,38,55,52,52,59,52,53,46,34,13,13,9,15,13,24,60,60,60,60,58,60,36,36,42,19,24,24,24,24,30,30,16,16,16,22,60,60,60,29,0,0],"gold":62,"neow_bonus":"TEN_PERCENT_HP_BONUS","is_daily":false,"chose_seed":false,"campfire_upgraded":7,"win_rate":0.0,"timestamp":1608405221,"path_taken":["M","M","M","M","M","R","E","?","T","?","?","E","R","?","R","BOSS","M","$","?","M","M","E","M","M","T","E","M","M","M","?","R","BOSS","M","M","M","?","M","M","E","$","T","R","E","R","E","?","R","BOSS","R","$","E","BOSS"],"items_purchased_type":["Relic","Relic","Relic","Relic","Relic"],"build_version":"2020-12-13","purchased_purges":2,"victory":false,"max_hp_per_floor":[55,55,55,55,55,55,55,55,55,55,55,55,55,55,55,55,55,55,55,60,60,60,60,60,60,60,60,60,60,60,60,60,60,60,60,60,60,60,60,60,60,60,60,60,60,60,60,60,60,60,60,60,60,60,60,60],"card_choices":[{"not_picked":["MusuNoYume","Sabishigari+1"],"picked":"NingyouSP+1","floor":1.0},{"not_picked":["DochyakuKami+1","SenyouGoraku+1"],"picked":"InscribeRedSoul","floor":2.0},{"not_picked":["NingyouShinki+1","MajikuruSanhai+1"],"picked":"OoedoNingyou+1","floor":3.0},{"not_picked":["RikonNoKama+1","SuitokuNoKyoryu"],"picked":"NarrowSpark","floor":4.0},{"not_picked":["SeishiRoten+1","VampireKiss"],"picked":"JyouchiJin+1","floor":5.0},{"not_picked":["Sabishigari+1","DemonsDinnerFork"],"picked":"NingyouShinki+1","floor":7.0},{"not_picked":["ShyakuBuku","TenguNoTaiko"],"picked":"HenyouMirume","floor":12.0},{"not_picked":["YoukiSo+1","KouPou+1"],"picked":"NingyouFukuhei+1","floor":14.0},{"not_picked":["AbyssNova","LunaticRedEyes"],"picked":"HelanNingyou","floor":16.0},{"not_picked":["NingyouSP+1","KeiseiJin+1"],"picked":"NingyouFukuhei+1","floor":18.0},{"not_picked":["RikonNoKama+1","MissingPower"],"picked":"NingyouKisou+1","floor":21.0},{"not_picked":["KinbakuJin+1","KeiseiJin+1"],"picked":"NingyouSousou+1","floor":22.0},{"not_picked":["GasuOrimono","NingyouSousou+1"],"picked":"OoedoNingyou+1","floor":23.0},{"not_picked":["Mishyaguji+1","JyouchiJin+1"],"picked":"EnMu+1","floor":24.0},{"not_picked":["KinbakuJin+1","VampireKiss","DemonsDinnerFork"],"picked":"SKIP","floor":25.0},{"not_picked":["TenguNoTaiko","Mishyaguji+1","NarrowSpark+1"],"picked":"SKIP","floor":27.0},{"not_picked":["NingyouOkisou+1","DochyakuKami+1"],"picked":"AbyssNova","floor":28.0},{"not_picked":["KinbakuJin+1","RoshinSou+1"],"picked":"MakuraSeki","floor":29.0},{"not_picked":["ShyakuBuku","DochyakuKami+1"],"picked":"SuitokuNoKyoryu","floor":30.0},{"not_picked":["IceTornado","HisouTensoku"],"picked":"TerribleSouvenir","floor":33.0},{"not_picked":["GroundStardust+1","SeishiRoten+1"],"picked":"SeekerDolls+1","floor":35.0},{"not_picked":["SeishiRoten+1","DemonLordCradle+1","YoukiSo+1"],"picked":"SKIP","floor":36.0},{"not_picked":["RikonNoKama+1","ShyakuBuku","Agarareta+1"],"picked":"SKIP","floor":37.0},{"not_picked":["Mishyaguji+1","JyouchiJin+1","KeiseiJin+1"],"picked":"SKIP","floor":39.0},{"not_picked":["Agarareta+1","HenyouMirume+1"],"picked":"NingyouKasou+1","floor":40.0},{"not_picked":["HelanNingyou","SeekerWire+1"],"picked":"TenguhouSokujitsuken","floor":41.0},{"not_picked":["Mishyaguji+1","VampireKiss","HagoromoMizu"],"picked":"SKIP","floor":45.0},{"not_picked":["Sabishigari+1","RikonNoKama+1","SeishiRoten+1"],"picked":"SKIP","floor":47.0},{"not_picked":["KinbakuJin+1","YoukiSo+1","NingyouFukuhei+1"],"picked":"SKIP","floor":54}],"player_experience":1027602,"relics_obtained":[{"floor":7.0,"key":"Blue Candle"},{"floor":9.0,"key":"Ginger"},{"floor":12.0,"key":"Old Coin"},{"floor":23.0,"key":"Turnip"},{"floor":23.0,"key":"CrystalOfMemory"},{"floor":26.0,"key":"theSenshi:FeatherClipsRelic"},{"floor":27.0,"key":"White Beast Statue"},{"floor":27.0,"key":"Vajra"},{"floor":41.0,"key":"Anchor"},{"floor":41.0,"key":"War Paint"},{"floor":45.0,"key":"Omamori"},{"floor":45.0,"key":"Gremlin Horn"},{"floor":47.0,"key":"Thread and Needle"},{"floor":47.0,"key":"Prayer Wheel"},{"floor":48.0,"key":"RuthlessExorcism:ReiMu"},{"floor":54,"key":"Art of War"},{"floor":54,"key":"Eternal Feather"}],"event_choices":[{"damage_healed":0.0,"max_hp_gain":0.0,"max_hp_loss":0.0,"gold_gain":0.0,"event_name":"betterThird:BetterGoop","player_choice":"Slimed","floor":8.0,"gold_loss":38.0,"damage_taken":11.0},{"cards_removed":["Defend_Komeiji"],"damage_healed":0.0,"max_hp_gain":0.0,"max_hp_loss":0.0,"gold_gain":0.0,"event_name":"Purifier","player_choice":"Purged","floor":11.0,"gold_loss":0.0,"damage_taken":0.0},{"damage_healed":36.0,"max_hp_gain":0.0,"max_hp_loss":0.0,"gold_gain":0.0,"event_name":"Wheel of Change","player_choice":"Full Heal","floor":31.0,"gold_loss":0.0,"damage_taken":0.0}],"is_beta":false,"boss_relics":[{"not_picked":["Tiny House","ReiryokuShyu"],"picked":"Black Star"},{"not_picked":["Sozu","Philosopher\u0027s Stone"],"picked":"SlaversCollar"}],"items_purged_floors":[19,42],"is_endless":false,"potions_floor_spawned":[4,5,7,18,21,22,28,29,30,33,35,36,37,39,40,41,45,47,54],"killed_by":"The Heart","ascension_level":0}}