{"host":"cf32014d19ld5mat","time":1608379294,"event":{"mods":["AchievementEnabler","BaseMod","Block Reminder","Minty Spire (QoL Compilation)","Random Character Button","Relic Stats","StSLib"],"gold_per_floor":[110,126,126,139,64,93,65,100,100,116,136,136,61,71,71,71,71],"floor_reached":16,"playtime":418,"items_purged":["Strike_P"],"score":224,"play_id":"9bf9d043-e124-4b15-9a75-b2928f26b995","local_time":"20201219120134","is_ascension_mode":true,"campfire_choices":[{"floor":12,"key":"REST"},{"data":"WheelKick","floor":15,"key":"SMITH"}],"circlet_count":0,"master_deck":["AscendersBane","Strike_P","Strike_P","Strike_P","Defend_P","Defend_P","Defend_P","Defend_P","Vigilance","Tantrum","Consecrate","WheelKick+1","EmptyMind","CutThroughFate","ThirdEye","Wireheading","Protect"],"relics":["PureWater","NeowsBlessing","CaptainsWheel","Shuriken","Shovel","StoneCalendar"],"acts_visited":["Exordium"],"potions_floor_usage":[11,14],"damage_taken":[{"damage":0,"enemies":"2 Louse","floor":1,"turns":1},{"damage":0,"enemies":"Jaw Worm","floor":2,"turns":1},{"damage":0,"enemies":"Cultist","floor":4,"turns":1},{"damage":29,"enemies":"Lagavulin","floor":6,"turns":4},{"damage":11,"enemies":"Gremlin Nob","floor":8,"turns":3},{"damage":0,"enemies":"Large Slime","floor":10,"turns":2},{"damage":0,"enemies":"3 Louse","floor":11,"turns":2},{"damage":8,"enemies":"Exordium Wildlife","floor":14,"turns":3},{"damage":18,"enemies":"Slime Boss","floor":16,"turns":6}],"seed_played":"-6353956593554554318","potions_obtained":[{"floor":2,"key":"Dexterity Potion"},{"floor":8,"key":"LiquidMemories"}],"is_trial":false,"path_per_floor":["M","M","?","M","?","E","$","E","T","M","M","R","$","M","R","B"],"character_chosen":"WATCHER","items_purchased":["CutThroughFate"],"campfire_rested":1,"item_purchase_floors":[7],"current_hp_per_floor":[61,61,43,43,43,14,14,3,3,3,3,23,23,15,15,0,0],"gold":71,"neow_bonus":"THREE_ENEMY_KILL","is_daily":false,"chose_seed":false,"campfire_upgraded":1,"win_rate":0.0,"timestamp":1608379294,"path_taken":["M","M","?","M","?","E","?","E","T","M","?","R","?","M","R","BOSS"],"items_purchased_type":["Card"],"build_version":"2020-12-13","purchased_purges":1,"victory":false,"max_hp_per_floor":[68,68,68,68,68,68,68,68,68,68,68,68,68,68,68,68,68],"relic_stats":{"Shovel":0,"counters":[9,23],"Shuriken":[7],"StoneCalendar":[0],"obtain_stats":[{"CaptainsWheel":3,"Shovel":8,"NeowsBlessing":0,"Shuriken":6,"StoneCalendar":9,"PureWater":0},{"CaptainsWheel":2,"Shovel":5,"NeowsBlessing":0,"Shuriken":4,"StoneCalendar":5,"PureWater":0},{"CaptainsWheel":2,"Shovel":10,"NeowsBlessing":0,"Shuriken":7,"StoneCalendar":10,"PureWater":0}]},"card_choices":[{"not_picked":["Crescendo","CrushJoints"],"picked":"Tantrum","floor":1},{"not_picked":["JustLucky","ReachHeaven"],"picked":"Consecrate","floor":2},{"not_picked":["EmptyMind","CrushJoints"],"picked":"WheelKick","floor":4},{"not_picked":["JustLucky","ConjureBlade"],"picked":"EmptyMind","floor":6},{"not_picked":["WindmillStrike","BowlingBash"],"picked":"ThirdEye","floor":8},{"not_picked":["Wireheading","ClearTheMind","SashWhip"],"picked":"SKIP","floor":10},{"not_picked":["ClearTheMind","SashWhip"],"picked":"Wireheading","floor":10},{"not_picked":["WheelKick","Crescendo","BowlingBash"],"picked":"SKIP","floor":11},{"not_picked":["ThirdEye","Worship"],"picked":"Protect","floor":14}],"player_experience":955819,"relics_obtained":[{"floor":6,"key":"Shuriken"},{"floor":8,"key":"Shovel"},{"floor":9,"key":"StoneCalendar"}],"event_choices":[{"damage_healed":0,"gold_gain":0,"player_choice":"Success","damage_taken":18,"relics_obtained":["CaptainsWheel"],"max_hp_gain":0,"max_hp_loss":0,"event_name":"Scrap Ooze","floor":3,"gold_loss":0},{"cards_removed":["Eruption"],"damage_healed":0,"gold_gain":0,"player_choice":"Card Removal","damage_taken":0,"max_hp_gain":0,"max_hp_loss":0,"event_name":"The Cleric","floor":5,"gold_loss":75}],"is_beta":false,"boss_relics":[],"items_purged_floors":[13],"is_endless":false,"potions_floor_spawned":[2,8,10],"killed_by":"Slime Boss","ascension_level":20}}