{"host":"9d83omykrosjn1d3","time":1608391204,"event":{"mods":["AchievementEnabler","BaseMod","BetterRewards","Card Forge","Hubris","MarisaÅiñ∂âJÅ@ñÇóùçπÅj","Minty Spire (QoL Compilation)","Permanent Neow","Shop Mod","StSLib","SuperFastMode"],"gold_per_floor":[116,116,128,142,142,175,175,206,206,218,249,263,274,289,289,390,390,405,99,99,119,119,146,161,161,161,190,190,207,218,2,2,105,105,117,17,76,87,97,123,123,150,174,186,240,257,285,300,300,300,300,300,27,59,59],"floor_reached":56,"playtime":1746,"items_purged":["Defend_R","Battle Trance","Shrug It Off+1"],"score":1796,"play_id":"221de914-bcb6-4241-8d21-b6929975c7dd","local_time":"20201220002004","is_ascension_mode":true,"campfire_choices":[{"floor":7,"key":"RECALL"},{"floor":15,"key":"REST"},{"data":"True Grit","floor":25,"key":"SMITH"},{"data":"Adrenaline","floor":28,"key":"SMITH"},{"data":"Double Tap","floor":32,"key":"SMITH"},{"data":"hubris:StunningStrike","floor":41,"key":"SMITH"},{"data":"1","floor":49,"key":"LIFT"},{"data":"2","floor":52,"key":"LIFT"}],"circlet_count":0,"master_deck":["Rampage+1","Adrenaline+1","Double Tap+1","True Grit+1","hubris:StunningStrike+1","Warcry+1","Evolve+1"],"relics":["Burning Blood","Hammer of Thor","Seething Fire","Anvil of the Gods","hubris:OldNail","hubris:DeckOfHolding","Runic Dome","MerchantsRug","TheAbacus","Nloth\u0027s Gift","Happy Flower","Ornamental Fan","Unceasing Top","Coffee Dripper","Mango","Girya","hubris:TinFlute","Sundial","hubris:Reverence"],"acts_visited":[],"potions_floor_usage":[],"damage_taken":[{"damage":2,"enemies":"Jaw Worm","floor":1,"turns":3},{"damage":0,"enemies":"Cultist","floor":3,"turns":3},{"damage":4,"enemies":"2 Louse","floor":4,"turns":2},{"damage":14,"enemies":"Gremlin Nob","floor":6,"turns":3},{"damage":26,"enemies":"3 Sentries","floor":8,"turns":7},{"damage":2,"enemies":"Looter","floor":10,"turns":3},{"damage":14,"enemies":"Gremlin Nob","floor":11,"turns":3},{"damage":14,"enemies":"3 Louse","floor":12,"turns":3},{"damage":0,"enemies":"Large Slime","floor":13,"turns":4},{"damage":20,"enemies":"Exordium Wildlife","floor":14,"turns":3},{"damage":40,"enemies":"The Guardian","floor":16,"turns":6},{"damage":11,"enemies":"2 Thieves","floor":18,"turns":2},{"damage":0,"enemies":"Spheric Guardian","floor":21,"turns":1},{"damage":9,"enemies":"Slavers","floor":23,"turns":5},{"damage":0,"enemies":"Snake Plant","floor":24,"turns":2},{"damage":0,"enemies":"Book of Stabbing","floor":27,"turns":2},{"damage":0,"enemies":"Sentry and Sphere","floor":30,"turns":3},{"damage":13,"enemies":"hubris:MusketHawk","floor":33,"turns":3},{"damage":0,"enemies":"3 Darklings","floor":35,"turns":3},{"damage":0,"enemies":"Orb Walker","floor":38,"turns":2},{"damage":0,"enemies":"Transient","floor":39,"turns":5},{"damage":0,"enemies":"Giant Head","floor":40,"turns":4},{"damage":0,"enemies":"Reptomancer","floor":42,"turns":2},{"damage":0,"enemies":"Maw","floor":44,"turns":3},{"damage":0,"enemies":"2 Orb Walkers","floor":45,"turns":3},{"damage":0,"enemies":"Spire Growth","floor":46,"turns":2},{"damage":0,"enemies":"Giant Head","floor":47,"turns":3},{"damage":0,"enemies":"3 Darklings","floor":48,"turns":2},{"damage":0,"enemies":"Donu and Deca","floor":50,"turns":3},{"damage":0,"enemies":"Shield and Spear","floor":54,"turns":3},{"damage":27,"enemies":"The Heart","floor":55,"turns":5}],"seed_played":"273643964211834864","potions_obtained":[{"floor":1,"key":"LiquidMemories"},{"floor":4,"key":"SkillPotion"},{"floor":6,"key":"EssenceOfSteel"},{"floor":27,"key":"FearPotion"},{"floor":30,"key":"HeartOfIron"},{"floor":33,"key":"Ancient Potion"},{"floor":39,"key":"FearPotion"},{"floor":40,"key":"Regen Potion"},{"floor":44,"key":"Block Potion"},{"floor":45,"key":"BloodPotion"}],"is_trial":false,"path_per_floor":["M","?","M","M","?","E","R","E","T","M","E","M","M","M","R","B",null,"M","$","?","M","?","E","M","R","T","E","R","$","M","$","R","B",null,"M","$","$","M","M","E","R","E","T","M","?","M","E","M","R","B",null,"R","$","E","B",null],"character_chosen":"IRONCLAD","items_purchased":["MerchantsRug","TheAbacus","Unceasing Top","Sundial"],"campfire_rested":1,"item_purchase_floors":[19,19,31,53],"current_hp_per_floor":[60,60,66,68,68,60,60,40,47,51,43,35,41,27,53,19,87,82,82,82,87,87,84,87,87,87,87,87,87,87,87,87,80,87,87,87,87,87,87,101,101,101,101,101,101,101,101,101,101,101,101,101,101,101,80],"gold":59,"neow_bonus":"REMOVE_TWO","is_daily":false,"chose_seed":false,"campfire_upgraded":4,"win_rate":0.0,"timestamp":1608391204,"path_taken":["M","?","M","M","?","E","R","E","T","M","E","?","?","M","R","BOSS","M","$","?","M","?","E","?","R","T","E","R","$","M","$","R","BOSS","M","?","$","M","M","E","R","E","T","M","?","M","E","M","R","BOSS","R","$","E","BOSS"],"items_purchased_type":["Relic","Relic","Relic","Relic"],"build_version":"2020-12-13","purchased_purges":3,"victory":true,"max_hp_per_floor":[80,80,80,80,80,80,80,80,87,87,87,87,87,87,87,87,87,87,87,87,87,87,87,87,87,87,87,87,87,87,87,87,87,87,87,87,87,87,87,101,101,101,101,101,101,101,101,101,101,101,101,101,101,101,101],"card_choices":[{"not_picked":["Combust","Cleave","Pummel"],"picked":"SKIP","floor":1},{"not_picked":["Iron Wave","Clash","Twin Strike"],"picked":"SKIP","floor":3},{"not_picked":["Combust","Infernal Blade","Warcry"],"picked":"SKIP","floor":4},{"not_picked":["Iron Wave","hubris:ReadiedAction","Bloodletting"],"picked":"SKIP","floor":6},{"not_picked":["hubris:ReadiedAction","Thunderclap","Brutality"],"picked":"SKIP","floor":8},{"not_picked":["Heavy Blade","Clash","Body Slam"],"picked":"SKIP","floor":10},{"not_picked":["Sword Boomerang","Brutality","Heavy Blade"],"picked":"SKIP","floor":11},{"not_picked":["Flame Barrier","Headbutt","Thunderclap"],"picked":"SKIP","floor":12},{"not_picked":["Hemokinesis","Sword Boomerang","Dark Embrace"],"picked":"SKIP","floor":13},{"not_picked":["Warcry","Havoc","Sentinel"],"picked":"SKIP","floor":14},{"not_picked":["Armaments","Flame Barrier+1"],"picked":"Shrug It Off+1","floor":18},{"not_picked":["Rampage","Warcry"],"picked":"Battle Trance","floor":21},{"not_picked":["Clash","Thunderclap","Limit Break"],"picked":"SKIP","floor":23},{"not_picked":["Reckless Charge+1","Hemokinesis"],"picked":"True Grit","floor":24},{"not_picked":["Rampage","Thunderclap","Hemokinesis+1"],"picked":"SKIP","floor":27},{"not_picked":["True Grit","Feel No Pain","Clash"],"picked":"SKIP","floor":30},{"not_picked":["Impervious","Limit Break"],"picked":"hubris:StunningStrike","floor":33},{"not_picked":["Flex","Clash+1"],"picked":"Warcry+1","floor":35},{"not_picked":["Carnage+1","hubris:ReadiedAction","Dark Embrace+1"],"picked":"SKIP","floor":38},{"not_picked":["Berserk","Warcry","Havoc+1"],"picked":"SKIP","floor":39},{"not_picked":["True Grit+1","Warcry+1","Flame Barrier"],"picked":"SKIP","floor":40},{"not_picked":["Clash+1","hubris:CleavingFinish","Corruption"],"picked":"SKIP","floor":42},{"not_picked":["Havoc","Ghostly Armor+1","Body Slam+1"],"picked":"SKIP","floor":44},{"not_picked":["Havoc","Double Tap","Inflame+1"],"picked":"SKIP","floor":46},{"not_picked":["hubris:ReadiedAction+1","Barricade","Shrug It Off"],"picked":"SKIP","floor":47},{"not_picked":["Thunderclap+1","Sword Boomerang+1","Searing Blow"],"picked":"SKIP","floor":48},{"not_picked":["Iron Wave","Immolate"],"picked":"Evolve+1","floor":54}],"player_experience":583355,"relics_obtained":[{"floor":6,"key":"hubris:OldNail"},{"floor":8,"key":"hubris:ChampionShield"},{"floor":9,"key":"Strawberry"},{"floor":11,"key":"hubris:DeckOfHolding"},{"floor":23,"key":"Happy Flower"},{"floor":26,"key":"Ornamental Fan"},{"floor":27,"key":"InkBottle"},{"floor":40,"key":"Mango"},{"floor":42,"key":"Centennial Puzzle"},{"floor":45,"key":"Girya"},{"floor":47,"key":"hubris:TinFlute"},{"floor":54,"key":"hubris:Reverence"}],"event_choices":[{"cards_removed":["Defend_R"],"damage_healed":0,"gold_gain":0,"player_choice":"Offered Basic","damage_taken":0,"max_hp_gain":0,"max_hp_loss":0,"event_name":"Bonfire Elementals","floor":5,"gold_loss":0},{"cards_removed":["Defend_R"],"damage_healed":0,"gold_gain":0,"player_choice":"Elegance","damage_taken":0,"max_hp_gain":0,"max_hp_loss":0,"event_name":"Back to Basics","floor":20,"gold_loss":0},{"damage_healed":0,"gold_gain":0,"player_choice":"Traded Relic","damage_taken":0,"relics_obtained":["Nloth\u0027s Gift"],"max_hp_gain":0,"max_hp_loss":0,"event_name":"N\u0027loth","floor":22,"relics_lost":["hubris:ChampionShield"],"gold_loss":0},{"damage_healed":0,"gold_gain":0,"player_choice":"Fight","damage_taken":0,"max_hp_gain":0,"max_hp_loss":0,"event_name":"Mysterious Sphere","floor":45,"gold_loss":0}],"is_beta":false,"boss_relics":[{"not_picked":["hubris:GrandSneckoEye","Tiny House"],"picked":"Runic Dome"},{"not_picked":["Fusion Hammer","hubris:TerracottaHorce"],"picked":"Coffee Dripper"}],"items_purged_floors":[19,36,53],"is_endless":false,"potions_floor_spawned":[1,4,6,10,14,27,30,33,39,40,44,45,47,48],"ascension_level":2}}