{"host":"sv0b252yhyqedn0i","time":1608376524,"event":{"mods":["BaseMod","Colored Map","DeckTracker","MarisaÅiñ∂âJÅ@ñÇóùçπÅj","Minty Spire (QoL Compilation)","StSLib"],"gold_per_floor":[117,292,292,311,327,371,371,371,371],"floor_reached":8,"playtime":403,"items_purged":[],"score":70,"play_id":"6219d8e3-cbef-49be-bf7c-bc6560a475eb","local_time":"20201219201524","is_ascension_mode":true,"campfire_choices":[{"data":"TreasureHunter","floor":7,"key":"SMITH"}],"circlet_count":0,"master_deck":["Strike_MRS","Strike_MRS","Strike_MRS","Strike_MRS","Defend_MRS","Defend_MRS","Defend_MRS","Defend_MRS","MasterSpark+1","UpSweep","SporeBomb","Doubt","WitchOfGreed","OrrerysSun","TreasureHunter+1"],"relics":["MiniHakkero","NeowsBlessing","Blue Candle"],"acts_visited":["Exordium"],"potions_floor_usage":[8,8],"damage_taken":[{"damage":0,"enemies":"Small Slimes","floor":1,"turns":1},{"damage":0,"enemies":"Cultist","floor":4,"turns":1},{"damage":1,"enemies":"2 Louse","floor":5,"turns":2},{"damage":19,"enemies":"Lagavulin","floor":6,"turns":7},{"damage":40,"enemies":"3 Sentries","floor":8,"turns":6}],"seed_played":"4866279202719313934","potions_obtained":[{"floor":1,"key":"Swift Potion"},{"floor":6,"key":"BlessingOfTheForge"},{"floor":6,"key":"GamblersBrew"}],"is_trial":false,"path_per_floor":["M","?","?","M","M","E","R","E"],"character_chosen":"MARISA","items_purchased":[],"campfire_rested":0,"item_purchase_floors":[],"current_hp_per_floor":[75,75,75,75,74,55,55,15,15],"gold":371,"neow_bonus":"THREE_ENEMY_KILL","is_daily":false,"chose_seed":false,"campfire_upgraded":1,"win_rate":0.0,"timestamp":1608376524,"path_taken":["M","?","?","?","M","E","R","E"],"items_purchased_type":[],"build_version":"2020-12-13","purchased_purges":0,"victory":false,"max_hp_per_floor":[75,75,75,75,75,75,75,75,75],"card_choices":[{"not_picked":["Robbery","MilkyWay"],"picked":"SporeBomb","floor":1},{"not_picked":["ChargingUp","DoubleSpark"],"picked":"WitchOfGreed","floor":4},{"not_picked":["SporeBomb","WitchOfGreed"],"picked":"OrrerysSun","floor":5},{"not_picked":["EnergyRecoil","GrandCross"],"picked":"TreasureHunter","floor":6}],"player_experience":489091,"relics_obtained":[{"floor":6,"key":"Blue Candle"}],"event_choices":[{"damage_healed":0,"gold_gain":175,"player_choice":"AGREE","damage_taken":0,"max_hp_gain":0,"max_hp_loss":0,"event_name":"Liars Game","floor":2,"gold_loss":0,"cards_obtained":["Doubt"]},{"damage_healed":0,"gold_gain":0,"player_choice":"Upgraded","damage_taken":0,"max_hp_gain":0,"max_hp_loss":0,"event_name":"Upgrade Shrine","floor":3,"gold_loss":0,"cards_upgraded":["MasterSpark"]}],"is_beta":false,"boss_relics":[],"items_purged_floors":[],"is_endless":false,"potions_floor_spawned":[1,6],"killed_by":"3 Sentries","ascension_level":5}}