{"host":"cr9rpoy6dx9riis3","time":1608384317,"event":{"mods":["AchievementEnabler","BaseMod","Better Altar","Better Note","Better Sensory Stone","Better Skull","Better Third Choice","Better-Laid Plans","BetterRewards","Block Reminder","Curses Come First","Displayed Cursed Tome","Emptier Cage","Marked Mod","Minty Spire (QoL Compilation)","Permanent Neow","Relic Sorter","StSLib","The Blue Laboratory","Transform Curses"],"gold_per_floor":[111,111,135,135,150,150,173,173,196,196,230,230,244,267,267,267,267],"floor_reached":16,"playtime":498,"items_purged":["Strike_R"],"score":198,"play_id":"2aa772fa-f5d9-433f-8112-c12b28dc0f18","local_time":"20201219142517","is_ascension_mode":true,"campfire_choices":[{"data":"Bash","floor":6.0,"key":"SMITH"},{"floor":8.0,"key":"RECALL"},{"data":"Defend_R","floor":10.0,"key":"SMITH"},{"data":"Spot Weakness","floor":15,"key":"SMITH"}],"circlet_count":0,"master_deck":["Strike_R","Strike_R","Strike_R","Strike_R","Defend_R","Defend_R+1","Defend_R+1","Defend_R+1","Bash+1","Injury","Sadistic Nature+1","Spot Weakness+1","Offering"],"relics":["Burning Blood","Golden Idol","Membership Card"],"acts_visited":["Exordium"],"potions_floor_usage":[14,16],"damage_taken":[{"damage":7.0,"enemies":"Jaw Worm","floor":1.0,"turns":3.0},{"damage":4.0,"enemies":"2 Louse","floor":3.0,"turns":3.0},{"damage":1.0,"enemies":"Cultist","floor":5.0,"turns":4.0},{"damage":9.0,"enemies":"3 Louse","floor":7.0,"turns":5.0},{"damage":28.0,"enemies":"3 Sentries","floor":11.0,"turns":8.0},{"damage":22.0,"enemies":"Lots of Slimes","floor":13.0,"turns":5.0},{"damage":10,"enemies":"Large Slime","floor":14,"turns":5},{"damage":31,"enemies":"Hexaghost","floor":16,"turns":9}],"seed_played":"-1645111764630912923","potions_obtained":[{"floor":1.0,"key":"blueLaboratory:NullPotion"},{"floor":5.0,"key":"Energy Potion"},{"floor":7.0,"key":"PowerPotion"}],"is_trial":false,"path_per_floor":["M","?","M","?","M","R","M","R","T","R","E","?","M","M","R","B"],"character_chosen":"IRONCLAD","items_purchased":["Membership Card"],"campfire_rested":0,"item_purchase_floors":[0],"current_hp_per_floor":[66,66,68,68,73,73,70,70,70,70,48,48,32,28,28,0,0],"gold":267,"neow_bonus":"","is_daily":false,"chose_seed":false,"campfire_upgraded":3,"win_rate":0.0,"timestamp":1608384317,"path_taken":["M","?","M","?","M","R","M","R","T","R","E","?","M","M","R","BOSS"],"items_purchased_type":["Relic"],"build_version":"2020-12-13","purchased_purges":1,"victory":false,"max_hp_per_floor":[80,80,80,80,80,80,80,80,80,80,80,80,80,80,80,80,80],"card_choices":[{"not_picked":["Clothesline","Iron Wave","Disarm"],"picked":"SKIP","floor":1.0},{"not_picked":["Flex","Fire Breathing","Body Slam"],"picked":"SKIP","floor":3.0},{"not_picked":["Sever Soul","Shrug It Off","Sword Boomerang"],"picked":"SKIP","floor":5.0},{"not_picked":["Perfected Strike","Combust","True Grit"],"picked":"SKIP","floor":7.0},{"not_picked":["Entrench","Clothesline"],"picked":"Spot Weakness","floor":11.0},{"not_picked":["Dual Wield","Sever Soul"],"picked":"Offering","floor":13.0},{"not_picked":["Inflame","Reckless Charge","Sword Boomerang"],"picked":"SKIP","floor":14}],"player_experience":735047,"relics_obtained":[{"floor":9.0,"key":"War Paint"}],"event_choices":[{"damage_healed":0.0,"max_hp_gain":0.0,"max_hp_loss":0.0,"gold_gain":0.0,"event_name":"Golden Idol","player_choice":"Take Wound","floor":2.0,"gold_loss":0.0,"damage_taken":0.0,"relics_obtained":["Golden Idol"],"cards_obtained":["Injury"]},{"damage_healed":0.0,"max_hp_gain":0.0,"max_hp_loss":0.0,"gold_gain":1.0,"event_name":"betterStone:BetterStone","player_choice":"4","floor":4.0,"gold_loss":0.0,"damage_taken":0.0,"cards_obtained":["Sadistic Nature"]},{"damage_healed":0.0,"max_hp_gain":0.0,"max_hp_loss":0.0,"gold_gain":0.0,"event_name":"WeMeetAgain","player_choice":"Ignored","floor":12.0,"gold_loss":0.0,"damage_taken":0.0}],"is_beta":false,"boss_relics":[],"items_purged_floors":[0],"is_endless":false,"potions_floor_spawned":[1,5,7],"killed_by":"Hexaghost","ascension_level":6}}