{"host":"lhctfk12b9nlyebx","time":1608341957,"event":{"mods":["BaseMod","Card Forge","Colored Map","Infinite Spire","Minty Spire (QoL Compilation)","Relic Filter","Replay The Spire","StSLib","vexMod"],"gold_per_floor":[112,127,142,142,142,162,112,64,64,94,119,119,134,154,200,216,89,106,181,194,194,289,955,955,1050,1050,1067,1078,1095,1109,1129,1162,1162,1173,1173,781,781,781,798,810,810,820,832,807,827,917,1012,1012,1012,1116,1116,1136,385,398,398,178,188,188,188,188,212,212,276,345,410,488,545,545,711,711,711,877,877,889,889,848,848,882,882,912,933,933,933,933,951,989,1038,1113,1113,1207,1207,1207,1323,1323,1335,1381,998,998,998,1067,1118,1177,1177,1177,1177,855,855,928,944,944,1269,1269],"floor_reached":111,"playtime":3315,"items_purged":["Defend_B+1"],"score":2869,"play_id":"394f612e-5885-4465-97a6-36631e2974fb","local_time":"20201219013917","is_ascension_mode":false,"campfire_choices":[{"floor":9,"key":"REST"},{"floor":21,"key":"REST"},{"floor":24,"key":"DIG"},{"floor":33,"key":"REST"},{"floor":41,"key":"REST"},{"floor":49,"key":"DIG"},{"floor":58,"key":"DIG"},{"floor":68,"key":"DIG"},{"floor":71,"key":"DIG"},{"floor":79,"key":"REST"},{"data":"infinitespire:Fortify","floor":89,"key":"SMITH"},{"floor":92,"key":"REST"},{"floor":110,"key":"REST"}],"circlet_count":0,"master_deck":["Zap+1","Loop+1","Chaos+1","Static Discharge+1","Ball Lightning+1","White Noise+1","Beam Cell+1","Storm+1","Capacitor+1","Thunder Strike+1","Ball Lightning+1","Conserve Battery+1","FIFO Queue+1","Barrage+1","Amplify+1","Thunder Strike+1","Consume+1","Consume+1","infinitespire:Fortify+1","Biased Cognition+1","Defragment+1","Biased Cognition+1"],"relics":["Cracked Core","Hammer of Thor","Seething Fire","Anvil of the Gods","NeowsBlessing","Thread and Needle","ReplayTheSpireMod:TigerMarble","Singing Bowl","Question Card","vexMod:RockOfEvil","Replay:Multitool","Sozu","infinitespire:PuzzleCube","Replay:Rubber Ducky","Replay:Lucky Slots","Pocketwatch","Toy Ornithopter","vexMod:Spyglass","Busted Crown","Orichalcum","Pandora\u0027s Box","Raider\u0027s Mask","Mirror","Replay:WaspNest","Lantern","WingedGreaves","Replay:Bandana","Meat on the Bone","vexMod:PlasmaPancake","vexMod:FocusSash","vexMod:BigBerry","Tiny Chest","Cursed Key","BargainBundle","Eternal Feather","Odd Mushroom","Kunai","Symbiotic Virus","Garlic","Runic Pyramid","Replay:Drink Me","Membership Card","Torii","Boot","ReplayTheSpireMod:Lightbulb","Mango","Bottled Flame","vexMod:ScavengeHelm","Replay:Frozen Program"],"acts_visited":["Exordium","TheCity","TheBeyond","Exordium","TheCity"],"potions_floor_usage":[10,22,22,22,25,25,25,29],"damage_taken":[{"damage":0,"enemies":"Jaw Worm","floor":1,"turns":1},{"damage":0,"enemies":"2 Louse","floor":2,"turns":1},{"damage":0,"enemies":"Cultist","floor":3,"turns":1},{"damage":10,"enemies":"Looter","floor":6,"turns":2},{"damage":19,"enemies":"3 Sentries","floor":10,"turns":3},{"damage":0,"enemies":"Large Slime","floor":13,"turns":3},{"damage":9,"enemies":"Red Slaver","floor":14,"turns":2},{"damage":8,"enemies":"Blue Slaver","floor":16,"turns":2},{"damage":0,"enemies":"2 Fungi Beasts","floor":18,"turns":2},{"damage":0,"enemies":"Exordium Wildlife","floor":20,"turns":2},{"damage":15,"enemies":"Fading Forest","floor":22,"turns":11},{"damage":50,"enemies":"Fading Forest","floor":25,"turns":11},{"damage":0,"enemies":"3 Byrds","floor":27,"turns":3},{"damage":6,"enemies":"Chosen","floor":28,"turns":2},{"damage":16,"enemies":"Centurion and Healer","floor":29,"turns":2},{"damage":0,"enemies":"Snake Plant","floor":30,"turns":2},{"damage":6,"enemies":"Cultist and Chosen","floor":31,"turns":2},{"damage":16,"enemies":"Nightmare","floor":32,"turns":2},{"damage":5,"enemies":"Shelled Parasite and Fungi","floor":34,"turns":2},{"damage":0,"enemies":"Snecko","floor":39,"turns":3},{"damage":0,"enemies":"3 Cultists","floor":40,"turns":3},{"damage":0,"enemies":"Centurion and Healer","floor":42,"turns":3},{"damage":0,"enemies":"Sentry and Sphere","floor":43,"turns":3},{"damage":0,"enemies":"Snecko","floor":45,"turns":2},{"damage":0,"enemies":"Automaton","floor":47,"turns":3},{"damage":0,"enemies":"Automaton","floor":50,"turns":4},{"damage":0,"enemies":"3 Darklings","floor":52,"turns":2},{"damage":0,"enemies":"Orb Walker","floor":54,"turns":3},{"damage":0,"enemies":"Jaw Worm Horde","floor":57,"turns":2},{"damage":0,"enemies":"3 Darklings","floor":63,"turns":3},{"damage":9,"enemies":"Reptomancer","floor":64,"turns":3},{"damage":0,"enemies":"Spire Growth","floor":65,"turns":2},{"damage":0,"enemies":"Jaw Worm Horde","floor":67,"turns":2},{"damage":18,"enemies":"Donu and Deca","floor":69,"turns":4},{"damage":14,"enemies":"Donu and Deca","floor":72,"turns":4},{"damage":0,"enemies":"Small Slimes","floor":74,"turns":2},{"damage":0,"enemies":"The Mushroom Lair","floor":78,"turns":2},{"damage":0,"enemies":"Cultist","floor":80,"turns":1},{"damage":0,"enemies":"Jaw Worm","floor":81,"turns":2},{"damage":0,"enemies":"Lots of Slimes","floor":85,"turns":1},{"damage":0,"enemies":"Large Slime","floor":86,"turns":3},{"damage":2,"enemies":"Lagavulin","floor":87,"turns":3},{"damage":64,"enemies":"Hexaghost","floor":90,"turns":2},{"damage":128,"enemies":"Hexaghost","floor":93,"turns":3},{"damage":0,"enemies":"Spheric Guardian","floor":95,"turns":1},{"damage":0,"enemies":"Chosen","floor":96,"turns":2},{"damage":0,"enemies":"Snake Plant","floor":99,"turns":2},{"damage":0,"enemies":"Snecko","floor":101,"turns":2},{"damage":0,"enemies":"Shelled Parasite and Fungi","floor":102,"turns":2},{"damage":0,"enemies":"Slavers","floor":108,"turns":2},{"damage":0,"enemies":"Chosen and Byrds","floor":109,"turns":2},{"damage":164,"enemies":"infinitespire:LordOfFortification","floor":111,"turns":8}],"seed_played":"-5589962824210735890","potions_obtained":[{"floor":1,"key":"DistilledChaos"},{"floor":2,"key":"Ancient Potion"},{"floor":13,"key":"BlessingOfTheForge"},{"floor":18,"key":"EntropicBrew"},{"floor":25,"key":"FearPotion"}],"is_trial":false,"path_per_floor":["M","M","M","?","?","M","?","$","R","E","T","T","M","M","?","M","$","M","?","M","R","B",null,"R_BF","B",null,"M","M","M","M","M","NM","R","M","?","$","T","T","M","M","R","M","M","?","M","R_BF","B",null,"R","B",null,"M","$","M","?","$","M","R","?","R","T","T","M","E","M","R","M","R","B",null,"R","B",null,"M","?","$","?","?","R","M","M","T","T","R","M","M","E","?","R","B",null,"R","B",null,"M","M","$","?","M","R","M","M","T","T","R","$","R","E","M","R","B"],"character_chosen":"DEFECT","items_purchased":["Ball Lightning","SkillPotion","FIFO Queue","Replay:Rubber Ducky","Replay:Lucky Slots","Raider\u0027s Mask","Mirror","Replay:WaspNest","Consume","Biased Cognition","Lantern","BargainBundle","Eternal Feather","Membership Card","Torii","Boot","Bottled Flame","vexMod:ScavengeHelm","Replay:Frozen Program"],"campfire_rested":7,"item_purchase_floors":[8,17,36,36,36,53,53,53,53,56,56,76,76,97,97,97,106,106,106],"current_hp_per_floor":[75,75,75,75,80,70,70,70,80,61,61,61,63,54,56,48,48,48,40,42,67,62,62,62,22,86,86,80,66,68,62,48,75,72,72,72,72,72,74,76,98,98,100,100,102,102,102,102,102,102,102,104,104,106,103,103,105,105,105,108,108,108,110,109,109,109,111,111,95,125,125,113,154,156,156,156,156,158,158,160,162,162,159,159,161,163,163,152,164,102,102,164,50,127,129,131,131,131,133,133,135,137,137,151,151,151,151,153,155,155,0,0],"gold":1269,"neow_bonus":"THREE_ENEMY_KILL","is_daily":false,"chose_seed":false,"campfire_upgraded":1,"win_rate":0.0,"timestamp":1608341957,"path_taken":["M","M","M","?","?","M","?","?","R","E","T","T","?","M","?","M","$","M","?","M","R","BOSS","R_BF","BOSS","M","M","M","M","M","NM","R","M","?","$","T","T","?","M","R","M","M","?","M","R_BF","BOSS","R","BOSS","M","?","?","?","$","M","R","?","R","T","T","M","E","?","R","M","R","BOSS","R","BOSS","M","?","$","?","?","R","M","M","T","T","R","?","?","E","?","R","BOSS","R","BOSS","M","M","?","?","M","R","?","M","T","T","R","$","R","E","M","R","BOSS"],"items_purchased_type":["Card","Potion","Card","Relic","Relic","Relic","Relic","Relic","Card","Card","Relic","Relic","Relic","Relic","Relic","Relic","Relic","Relic","Relic"],"build_version":"2020-12-13","purchased_purges":1,"victory":false,"max_hp_per_floor":[75,75,75,75,80,80,80,80,80,80,80,80,82,82,84,84,84,84,84,86,86,86,86,86,86,86,86,86,88,90,90,92,92,94,94,94,94,94,96,98,98,98,100,100,102,102,102,102,102,102,102,104,104,106,106,106,108,108,108,108,108,108,110,118,118,118,120,120,122,152,152,154,154,156,156,156,156,158,158,160,162,162,159,159,161,163,165,165,165,167,167,167,169,127,129,131,131,131,133,133,135,137,137,151,151,151,151,153,155,155,155,155],"card_choices":[{"not_picked":["Ball Lightning","Glacier"],"picked":"Loop","floor":1},{"not_picked":["Streamline","Sweeping Beam","Turbo"],"picked":"SKIP","floor":2},{"not_picked":["Redo","Doom and Gloom"],"picked":"Static Discharge","floor":6},{"not_picked":["ReplaySort","Turbo"],"picked":"White Noise","floor":10},{"not_picked":["BasicCrystalCard","ReplayTheSpireMod:Repulse","Chaos"],"picked":"Singing Bowl","floor":13},{"not_picked":["BasicCrystalCard","Sunder"],"picked":"Beam Cell","floor":14},{"not_picked":["Compile Driver","Mirror Shield","Sunder"],"picked":"Singing Bowl","floor":15},{"not_picked":["Barrage","Undo"],"picked":"Storm","floor":15},{"not_picked":["Hologram","Stack","Redo"],"picked":"Static Discharge","floor":16},{"not_picked":["Heatsinks","Conserve Battery","Streamline"],"picked":"Capacitor","floor":18},{"not_picked":["Go for the Eyes","Cold Snap","Sweeping Beam","Streamline"],"picked":"Singing Bowl","floor":20},{"not_picked":["Machine Learning","Fission","Rainbow"],"picked":"Biased Cognition","floor":22},{"not_picked":["Reboot","Hyperbeam","Buffer"],"picked":"Thunder Strike","floor":25},{"not_picked":["Chill+1","Glacier","Doom and Gloom"],"picked":"Ball Lightning","floor":27},{"not_picked":["Cold Snap","Steam","Beam Cell"],"picked":"Defragment","floor":28},{"not_picked":["Sweeping Beam+1","Time Bomb","Undo","Panic Button+1"],"picked":"Singing Bowl","floor":29},{"not_picked":["Melter","Darkness","Reinforced Body","Barrage+1"],"picked":"Singing Bowl","floor":30},{"not_picked":["BasicCrystalCard","Gash+1","Hyperbeam"],"picked":"Conserve Battery","floor":31},{"not_picked":["Panic Button","Blizzard","Steam Power+1","Machine Learning"],"picked":"Singing Bowl","floor":32},{"not_picked":["Rebound","Stack+1","Lockon+1","Leap+1"],"picked":"Singing Bowl","floor":34},{"not_picked":["Streamline+1","Fusion","FIFO Queue+1","Hologram"],"picked":"Singing Bowl","floor":39},{"not_picked":["Creative AI","Hologram","Beam Cell","Go for the Eyes"],"picked":"Singing Bowl","floor":40},{"not_picked":["Steam","Turbo+1","Capacitor"],"picked":"Barrage+1","floor":42},{"not_picked":["Tempest+1","Stack","Chill","Barrage"],"picked":"Singing Bowl","floor":43},{"not_picked":["Sunder","Stack","Conserve Battery+1","Redo+1"],"picked":"Singing Bowl","floor":45},{"not_picked":["Reboot","All For One","ReplayTheSpireMod:Fabricate Wheel"],"picked":"Amplify","floor":47},{"not_picked":["Amplify"],"picked":"Thunder Strike","floor":50},{"not_picked":["Crystallizer","ReplayTheSpireMod:GoodbyeWorld+1"],"picked":"Singing Bowl","floor":52},{"not_picked":["Sweeping Beam+1","Coolheaded"],"picked":"Singing Bowl","floor":54},{"not_picked":["Blizzard","ReplaySort+1"],"picked":"Singing Bowl","floor":57},{"not_picked":["Turbo","Core Surge"],"picked":"Singing Bowl","floor":63},{"not_picked":["Streamline","Go for the Eyes+1"],"picked":"Singing Bowl","floor":64},{"not_picked":["Beam Cell"],"picked":"Consume+1","floor":65},{"not_picked":["Leap","Sweeping Beam+1"],"picked":"Singing Bowl","floor":67},{"not_picked":["Echo Form","Multi-Cast"],"picked":"Singing Bowl","floor":69},{"not_picked":["Rainbow","Seek"],"picked":"Singing Bowl","floor":72},{"not_picked":["Static Discharge","Tempest"],"picked":"Singing Bowl","floor":74},{"not_picked":["Conserve Battery","Rebound"],"picked":"Singing Bowl","floor":78},{"not_picked":["Cold Snap","Steam"],"picked":"Singing Bowl","floor":80},{"not_picked":["Chaos","Undo"],"picked":"Singing Bowl","floor":81},{"not_picked":["Fusion","Cold Snap"],"picked":"Singing Bowl","floor":85},{"not_picked":["ReplayTheSpireMod:??????????????????????","Replay:Fractal Strike"],"picked":"infinitespire:Fortify","floor":86},{"not_picked":["Ball Lightning","Gash"],"picked":"Singing Bowl","floor":86},{"not_picked":["ReplayTheSpireMod:Omega Cannon","Ball Lightning"],"picked":"Singing Bowl","floor":87},{"not_picked":["Hyperbeam","Buffer"],"picked":"Singing Bowl","floor":90},{"not_picked":["All For One","Buffer"],"picked":"Singing Bowl","floor":93},{"not_picked":["Conserve Battery","Genetic Algorithm"],"picked":"Singing Bowl","floor":95},{"not_picked":["ReplaySort","Doom and Gloom"],"picked":"Singing Bowl","floor":96},{"not_picked":["Genetic Algorithm","Rebound"],"picked":"Singing Bowl","floor":99},{"not_picked":["Panic Button+1","Sunder"],"picked":"Singing Bowl","floor":101},{"not_picked":["All For One","Redo"],"picked":"Singing Bowl","floor":102},{"not_picked":["Melter","Scrape"],"picked":"Singing Bowl","floor":108},{"not_picked":["BootSequence","Rip and Tear"],"picked":"Singing Bowl","floor":109}],"player_experience":183272,"relics_obtained":[{"floor":10,"key":"Thread and Needle"},{"floor":11,"key":"ReplayTheSpireMod:TigerMarble"},{"floor":12,"key":"Singing Bowl"},{"floor":15,"key":"Question Card"},{"floor":24,"key":"Replay:Multitool"},{"floor":32,"key":"infinitespire:PuzzleCube"},{"floor":37,"key":"Pocketwatch"},{"floor":38,"key":"Toy Ornithopter"},{"floor":49,"key":"Orichalcum"},{"floor":58,"key":"WingedGreaves"},{"floor":61,"key":"Replay:Bandana"},{"floor":62,"key":"Meat on the Bone"},{"floor":64,"key":"vexMod:PlasmaPancake"},{"floor":68,"key":"vexMod:FocusSash"},{"floor":71,"key":"Tiny Chest"},{"floor":78,"key":"Odd Mushroom"},{"floor":82,"key":"Kunai"},{"floor":83,"key":"Symbiotic Virus"},{"floor":87,"key":"Garlic"},{"floor":103,"key":"ReplayTheSpireMod:Lightbulb"},{"floor":104,"key":"Mango"}],"event_choices":[{"damage_healed":0,"gold_gain":0,"player_choice":"Donut","damage_taken":0,"max_hp_gain":5,"max_hp_loss":0,"event_name":"Big Fish","floor":5,"gold_loss":0},{"cards_removed":["Strike_B"],"damage_healed":0,"gold_gain":0,"player_choice":"Card Removal","damage_taken":0,"max_hp_gain":0,"max_hp_loss":0,"event_name":"The Cleric","floor":7,"gold_loss":50},{"damage_healed":0,"gold_gain":75,"player_choice":"Touch","damage_taken":8,"max_hp_gain":0,"max_hp_loss":0,"event_name":"FaceTrader","floor":19,"gold_loss":0},{"damage_healed":0,"gold_gain":0,"player_choice":"Bought 0 Potions","damage_taken":0,"max_hp_gain":0,"max_hp_loss":0,"event_name":"The Woman in Blue","floor":35,"gold_loss":0},{"damage_healed":0,"gold_gain":0,"player_choice":"Punched","damage_taken":3,"max_hp_gain":0,"max_hp_loss":0,"event_name":"Designer","floor":55,"gold_loss":0},{"damage_healed":0,"gold_gain":0,"player_choice":"Got Potions","damage_taken":0,"max_hp_gain":0,"max_hp_loss":0,"event_name":"Lab","floor":59,"gold_loss":0},{"cards_removed":["Static Discharge"],"damage_healed":3,"gold_gain":0,"player_choice":"Offered Uncommon","damage_taken":0,"max_hp_gain":0,"max_hp_loss":0,"event_name":"Bonfire Elementals","floor":60,"gold_loss":0},{"damage_healed":0,"gold_gain":0,"player_choice":"Ignored","damage_taken":0,"max_hp_gain":0,"max_hp_loss":0,"event_name":"Shining Light","floor":75,"gold_loss":0},{"damage_healed":0,"gold_gain":0,"player_choice":"Fought Mushrooms","damage_taken":0,"max_hp_gain":0,"max_hp_loss":0,"event_name":"Mushrooms","floor":78,"gold_loss":0},{"damage_healed":0,"gold_gain":75,"player_choice":"Gather Gold","damage_taken":11,"max_hp_gain":0,"max_hp_loss":0,"event_name":"World of Goop","floor":88,"gold_loss":0}],"is_beta":false,"boss_relics":[{"not_picked":["ChewingGum","Velvet Choker"],"picked":"vexMod:RockOfEvil"},{"not_picked":["Tiny House","vexMod:MysteryBossChallenge"],"picked":"Sozu"},{"not_picked":["Painkiller Herb","Replay:Grab Bag"],"picked":"Busted Crown"},{"not_picked":["vexMod:TanglingVine","Inserter"],"picked":"Pandora\u0027s Box"},{"not_picked":["Calling Bell","Nuclear Battery"],"picked":"vexMod:BigBerry"},{"not_picked":["SacredBark","Empty Cage"],"picked":"Cursed Key"},{"not_picked":["Tiny House","FrozenCore"],"picked":"Runic Pyramid"},{"not_picked":["vexMod:TanglingVine","Inserter"],"picked":"Replay:Drink Me"}],"items_purged_floors":[17],"is_endless":true,"potions_floor_spawned":[1,2,13,18,25,27,32,34,40,42,43,45,52,54,67,69,78,81,85,87,90,93,101,102,108,109],"killed_by":"infinitespire:LordOfFortification","ascension_level":0}}