{"host":"9d83omykrosjn1d3","time":1608377353,"event":{"mods":["AchievementEnabler","BaseMod","BetterRewards","Card Forge","Hubris","MarisaÅiñ∂âJÅ@ñÇóùçπÅj","Minty Spire (QoL Compilation)","Permanent Neow","Shop Mod","StSLib","SuperFastMode"],"gold_per_floor":[36,36,111,145,145,179,208,208,208,240,267,310,357,383,383,504,504,523,523,523,533,533,572,613,646,646,681,709,740,785,818,818,917,917,933,1003,1003,1014,1014,1048,1091,1117,1163,1220,1259,1308,1336,1370,1370,1370,1370,1370,1370,1406,1406],"floor_reached":56,"playtime":3808,"items_purged":[],"score":2037,"play_id":"f7448b43-2035-48c3-931e-9c152899c188","local_time":"20201219202913","daily_mods":["Heirloom","Flight","DeadlyEvents","Elite Swarm","Diverse","Colorless Cards"],"is_ascension_mode":false,"campfire_choices":[{"floor":8,"key":"REST"},{"data":"Adrenaline","floor":15,"key":"SMITH"},{"data":"Secret Weapon","floor":32,"key":"SMITH"},{"floor":49,"key":"RECALL"},{"data":"Writhe","floor":52,"key":"PURGE"}],"circlet_count":0,"master_deck":["Strike_R","Strike_G","Strike_B","hubris:Strike_Merchant","Defend_R","Defend_G","Defend_B","hubris:Defend_Merchant+1","hubris:MerchantsHand","hubris:MerchantsHand","PiercingWail","Flash of Steel","Secret Weapon+1","Adrenaline+1","TreasureHunter","Wraith Form v2","Envenom+1","CasketOfStar","EnergyFlow","Adrenaline","HandOfGreed","UltimateShortwave","Meteor Strike","Alpha","Demon Form+1","True Grit+1","Reprogram+1","Evaluate+1","Sadistic Nature+1","Sadistic Nature+1","Machine Learning+1","Burst+1","Machine Learning+1","Secret Technique+1"],"relics":["Smiling Mask","hubris:NiceRug","Calipers","hubris:Icosahedron","Bag of Marbles","hubris:GlazedTorus","Blood Vial","CaptainsWheel","hubris:ToyBattleship","hubris:Reverence","hubris:Metronome","Boot","hubris:SlimyHat","Happy Flower","Art of War","Bottled Lightning","Runic Dome","Lantern","Kunai","Oddly Smooth Stone","Toy Ornithopter","Nunchaku","Question Card","Bottled Flame","Vajra","Frozen Egg 2","Bronze Scales","Bird Faced Urn","Tiny Chest","MealTicket","Pen Nib","Gremlin Horn","WristBlade","The Specimen","Torii","Akabeko","Toxic Egg 2","Pantograph","hubris:TenFootPole","hubris:PeanutButter","CeramicFish","Peace Pipe","Orichalcum","hubris:CrystalStatue","Omamori","Anchor","White Beast Statue","Dream Catcher","War Paint","InkBottle"],"acts_visited":["Exordium","TheCity","TheBeyond","TheEnding"],"potions_floor_usage":[6,11,29,30],"damage_taken":[{"damage":5,"enemies":"Small Slimes","floor":1,"turns":3},{"damage":0,"enemies":"2 Louse","floor":4,"turns":4},{"damage":12,"enemies":"Gremlin Nob","floor":6,"turns":4},{"damage":37,"enemies":"Lagavulin","floor":7,"turns":6},{"damage":2,"enemies":"Gremlin Nob","floor":10,"turns":4},{"damage":14,"enemies":"Lagavulin","floor":11,"turns":7},{"damage":1,"enemies":"Gremlin Nob","floor":12,"turns":5},{"damage":7,"enemies":"3 Sentries","floor":13,"turns":8},{"damage":1,"enemies":"Lagavulin","floor":14,"turns":6},{"damage":3,"enemies":"Slime Boss","floor":16,"turns":7},{"damage":0,"enemies":"Shell Parasite","floor":18,"turns":5},{"damage":0,"enemies":"Spheric Guardian","floor":21,"turns":4},{"damage":14,"enemies":"Book of Stabbing","floor":23,"turns":5},{"damage":7,"enemies":"Slavers","floor":24,"turns":7},{"damage":0,"enemies":"Book of Stabbing","floor":25,"turns":6},{"damage":0,"enemies":"Slavers","floor":27,"turns":6},{"damage":0,"enemies":"Book of Stabbing","floor":28,"turns":5},{"damage":0,"enemies":"Gremlin Leader","floor":29,"turns":6},{"damage":0,"enemies":"Slavers","floor":30,"turns":4},{"damage":0,"enemies":"Gremlin Leader","floor":31,"turns":5},{"damage":0,"enemies":"Champ","floor":33,"turns":6},{"damage":0,"enemies":"Orb Walker","floor":35,"turns":2},{"damage":0,"enemies":"Mind Bloom Boss Battle","floor":36,"turns":5},{"damage":0,"enemies":"3 Darklings","floor":38,"turns":3},{"damage":0,"enemies":"Giant Head","floor":40,"turns":5},{"damage":0,"enemies":"Nemesis","floor":41,"turns":5},{"damage":0,"enemies":"Reptomancer","floor":42,"turns":3},{"damage":0,"enemies":"Giant Head","floor":44,"turns":7},{"damage":0,"enemies":"Reptomancer","floor":45,"turns":5},{"damage":6,"enemies":"Nemesis","floor":46,"turns":4},{"damage":0,"enemies":"Reptomancer","floor":47,"turns":5},{"damage":0,"enemies":"Nemesis","floor":48,"turns":5},{"damage":0,"enemies":"hubris:GrandSnecko","floor":50,"turns":6},{"damage":0,"enemies":"Shield and Spear","floor":54,"turns":5},{"damage":1,"enemies":"The Heart","floor":55,"turns":7}],"seed_played":"-7434586551705459460","potions_obtained":[{"floor":1,"key":"AttackPotion"},{"floor":10,"key":"Poison Potion"},{"floor":11,"key":"SkillPotion"},{"floor":12,"key":"Poison Potion"},{"floor":13,"key":"AttackPotion"},{"floor":27,"key":"ColorlessPotion"},{"floor":29,"key":"Regen Potion"},{"floor":31,"key":"AttackPotion"},{"floor":47,"key":"FairyPotion"}],"is_trial":true,"path_per_floor":["M","?","?","M","?","E","E","R","T","E","E","E","E","E","R","B",null,"M","?","$","M","?","E","E","E","T","E","E","E","E","E","R","B",null,"M","?","T","M","T","E","E","E","T","E","E","E","E","E","R","B",null,"R","$","E","B",null],"character_chosen":"THE_SILENT","items_purchased":[],"campfire_rested":1,"item_purchase_floors":[],"current_hp_per_floor":[70,70,59,59,56,44,7,29,29,29,17,18,13,14,14,13,75,75,75,75,75,75,61,56,58,58,60,62,69,75,75,75,75,75,75,75,75,75,75,75,75,75,75,75,75,69,75,75,75,75,75,75,75,75,75],"gold":1406,"neow_bonus":"","is_daily":false,"chose_seed":false,"campfire_upgraded":2,"win_rate":0.0,"timestamp":1608377353,"path_taken":["M","?","?","?","?","E","E","R","T","E","E","E","E","E","R","BOSS","M","?","$","?","?","E","E","E","T","E","E","E","E","E","R","BOSS","M","?","?","?","?","E","E","E","T","E","E","E","E","E","R","BOSS","R","$","E","BOSS"],"items_purchased_type":[],"build_version":"2020-12-13","purchased_purges":0,"victory":true,"max_hp_per_floor":[75,75,75,75,75,75,75,75,75,75,75,75,75,75,75,75,75,75,75,75,75,75,75,75,75,75,75,75,75,75,75,75,75,75,75,75,75,75,75,75,75,75,75,75,75,75,75,75,75,75,75,75,75,75,75],"card_choices":[{"not_picked":["Nirvana","MysteriousBeam"],"picked":"PiercingWail","floor":1},{"not_picked":["Redo","Auto Shields"],"picked":"Flash of Steel","floor":4},{"not_picked":["Establishment","hubris:Prefetch"],"picked":"Secret Weapon","floor":6},{"not_picked":["Glass Knife","Double Tap"],"picked":"Adrenaline","floor":7},{"not_picked":["Fiend Fire","MasterReality"],"picked":"TreasureHunter","floor":10},{"not_picked":["LessonLearned","Barricade"],"picked":"Wraith Form v2","floor":11},{"not_picked":["Chrysalis","Hyperbeam"],"picked":"Envenom","floor":12},{"not_picked":["BigCrunch","Thinking Ahead"],"picked":"CasketOfStar","floor":13},{"not_picked":["Double Tap","Meteor Strike","Magnetism"],"picked":"SKIP","floor":14},{"not_picked":["Inflame","PiercingWail"],"picked":"EnergyFlow","floor":18},{"not_picked":["UnstableBomb","Pommel Strike","FearNoEvil"],"picked":"SKIP","floor":21},{"not_picked":["Double Tap","BlazingStar","LessonLearned"],"picked":"SKIP","floor":23},{"not_picked":["Magnetism","SatelliteIllusion"],"picked":"Adrenaline","floor":24},{"not_picked":["Establishment","BlazingStar","Bullet Time"],"picked":"SKIP","floor":25},{"not_picked":["Secret Weapon","EscapeVelocity","The Bomb"],"picked":"SKIP","floor":27},{"not_picked":["Brutality+1","Immolate","BigCrunch"],"picked":"HandOfGreed","floor":28},{"not_picked":["hubris:EnhanceAbility+1","Double Tap","Ragnarok"],"picked":"UltimateShortwave","floor":29},{"not_picked":["Magnetism+1","Double Tap","Unload"],"picked":"Meteor Strike","floor":30},{"not_picked":["Apotheosis","Burst","hubris:StunningStrike"],"picked":"Alpha","floor":31},{"not_picked":["Envenom+1","MillisecondPulsars+1","StarDustReverie"],"picked":"Demon Form+1","floor":33},{"not_picked":["Anger+1","LuminesStrike+1","Coolheaded+1"],"picked":"True Grit+1","floor":35},{"not_picked":["DragonMeteor+1","Calculated Gamble","MachineGunSpark"],"picked":"Reprogram","floor":36},{"not_picked":["Battle Trance","hubris:Counter","ShootingEcho"],"picked":"Evaluate+1","floor":38},{"not_picked":["Fiend Fire","Doppelganger+1","Storm of Steel+1"],"picked":"Sadistic Nature+1","floor":40},{"not_picked":["Meteor Strike","StarDustReverie+1","EscapeVelocity+1","hubris:SpecializedCircuitry+1"],"picked":"SKIP","floor":41},{"not_picked":["Brutality+1","MillisecondPulsars+1","Impervious+1"],"picked":"Sadistic Nature+1","floor":42},{"not_picked":["ConjureBlade+1","Corpse Explosion+1","TreasureHunter"],"picked":"Machine Learning+1","floor":44},{"not_picked":["BigCrunch+1","Sadistic Nature+1","Rainbow+1"],"picked":"Burst+1","floor":45},{"not_picked":["Juggernaut+1","Immolate","Berserk+1","Phantasmal Killer+1"],"picked":"SKIP","floor":46},{"not_picked":["Apotheosis+1","Brutality+1","LessonLearned","DeusExMachina+1"],"picked":"SKIP","floor":47},{"not_picked":["Wraith Form v2+1","Demon Form+1","Thunder Strike"],"picked":"Machine Learning+1","floor":48},{"not_picked":["Transmutation+1","Demon Form+1","Envenom+1"],"picked":"Secret Technique+1","floor":54}],"player_experience":568016,"relics_obtained":[{"floor":6,"key":"hubris:GlazedTorus"},{"floor":7,"key":"Blood Vial"},{"floor":9,"key":"CaptainsWheel"},{"floor":10,"key":"hubris:ToyBattleship"},{"floor":11,"key":"hubris:Reverence"},{"floor":11,"key":"hubris:Metronome"},{"floor":12,"key":"Boot"},{"floor":13,"key":"hubris:SlimyHat"},{"floor":13,"key":"Happy Flower"},{"floor":14,"key":"Art of War"},{"floor":14,"key":"Bottled Lightning"},{"floor":23,"key":"Kunai"},{"floor":24,"key":"Oddly Smooth Stone"},{"floor":24,"key":"Toy Ornithopter"},{"floor":25,"key":"Nunchaku"},{"floor":27,"key":"Question Card"},{"floor":27,"key":"Bottled Flame"},{"floor":28,"key":"Vajra"},{"floor":28,"key":"Frozen Egg 2"},{"floor":29,"key":"Bronze Scales"},{"floor":29,"key":"Bird Faced Urn"},{"floor":30,"key":"Tiny Chest"},{"floor":30,"key":"MealTicket"},{"floor":31,"key":"Pen Nib"},{"floor":31,"key":"Gremlin Horn"},{"floor":36,"key":"The Specimen"},{"floor":36,"key":"Torii"},{"floor":37,"key":"Akabeko"},{"floor":39,"key":"Toxic Egg 2"},{"floor":40,"key":"Pantograph"},{"floor":41,"key":"hubris:TenFootPole"},{"floor":42,"key":"hubris:PeanutButter"},{"floor":43,"key":"CeramicFish"},{"floor":44,"key":"Peace Pipe"},{"floor":45,"key":"Orichalcum"},{"floor":45,"key":"hubris:CrystalStatue"},{"floor":46,"key":"Omamori"},{"floor":47,"key":"Anchor"},{"floor":47,"key":"White Beast Statue"},{"floor":48,"key":"Dream Catcher"},{"floor":48,"key":"War Paint"},{"floor":54,"key":"InkBottle"}],"event_choices":[{"damage_healed":0,"gold_gain":75,"player_choice":"Gather Gold","damage_taken":11,"max_hp_gain":0,"max_hp_loss":0,"event_name":"World of Goop","floor":3,"gold_loss":0},{"damage_healed":0,"gold_gain":0,"player_choice":"Success","damage_taken":3,"relics_obtained":["Bag of Marbles"],"max_hp_gain":0,"max_hp_loss":0,"event_name":"Scrap Ooze","floor":5,"gold_loss":0},{"damage_healed":0,"gold_gain":0,"player_choice":"Opened","damage_taken":0,"relics_obtained":["Lantern"],"max_hp_gain":0,"max_hp_loss":0,"event_name":"The Mausoleum","floor":22,"gold_loss":0,"cards_obtained":["Writhe"]},{"damage_healed":0,"gold_gain":0,"player_choice":"Fight","damage_taken":0,"max_hp_gain":0,"max_hp_loss":0,"event_name":"MindBloom","floor":36,"gold_loss":0}],"is_beta":false,"boss_relics":[{"not_picked":["Fusion Hammer","hubris:Stopwatch"],"picked":"Runic Dome"},{"not_picked":["Calling Bell","HoveringKite"],"picked":"WristBlade"}],"items_purged_floors":[],"is_endless":false,"potions_floor_spawned":[1,10,11,12,13,14,21,24,27,29,31,35,41,42,44,47,48,54],"ascension_level":0}}