{"host":"08t08ld674si40tv","time":1608356929,"event":{"mods":["AchievementEnabler","BaseMod","Colored Map","Minty Spire (QoL Compilation)","StSLib","SuperFastMode"],"gold_per_floor":[112,92,3,22,33,68,68,84,84,115,130,55,55,75,75,148,148,161,0,11,46,46,79,79,79,79,79,93,113,140,153,153,231,231,249,149,166,166,176,209,209,221,221,254,254,254,288,300,300,300,300,300,300,17,49,49],"floor_reached":57,"playtime":2171,"items_purged":["Strike_R","Strike_R","Strike_R"],"score":3109,"play_id":"c8cd4200-5e50-4033-b55a-c789276d253c","local_time":"20201219144849","is_ascension_mode":true,"campfire_choices":[{"data":"Immolate","floor":13,"key":"SMITH"},{"data":"Fire Breathing","floor":15,"key":"SMITH"},{"data":"Barricade","floor":25,"key":"SMITH"},{"data":"Evolve","floor":32,"key":"SMITH"},{"floor":41,"key":"REST"},{"data":"Second Wind","floor":45,"key":"SMITH"},{"floor":49,"key":"RECALL"},{"floor":53,"key":"REST"}],"circlet_count":0,"master_deck":["AscendersBane","Strike_R","Defend_R","Defend_R","Defend_R","Defend_R","Bash","Shrug It Off","Hemokinesis","Shrug It Off","Immolate+1","Pommel Strike","Second Wind+1","Fire Breathing+1","Power Through+1","Barricade+1","Battle Trance+1","True Grit+1","Entrench+1","Evolve+1","Disarm+1","Burning Pact+1"],"relics":["Burning Blood","Paper Frog","Black Blood","Black Star","NeowsBlessing","Eternal Feather","Singing Bowl","Mercury Hourglass","Toxic Egg 2","Thread and Needle","Philosopher\u0027s Stone","Red Mask","Lantern","PreservedInsect","Tiny Chest","Dream Catcher","SacredBark","Art of War","Meat on the Bone","Letter Opener","Gambling Chip","Vajra","Bronze Scales","Centennial Puzzle","Cauldron","Bottled Flame","Bag of Preparation"],"acts_visited":["Exordium","TheCity","TheBeyond","TheEnding"],"potions_floor_usage":[16,18,21,30,33,40,50,56,56],"damage_taken":[{"damage":0.0,"enemies":"Small Slimes","floor":1.0,"turns":1.0},{"damage":0.0,"enemies":"Cultist","floor":4.0,"turns":1.0},{"damage":0.0,"enemies":"2 Louse","floor":5.0,"turns":1.0},{"damage":34.0,"enemies":"Lagavulin","floor":6.0,"turns":6.0},{"damage":0.0,"enemies":"Exordium Wildlife","floor":8.0,"turns":1.0},{"damage":19.0,"enemies":"3 Sentries","floor":10.0,"turns":4.0},{"damage":10.0,"enemies":"Large Slime","floor":11.0,"turns":4.0},{"damage":2,"enemies":"Looter","floor":14,"turns":3},{"damage":2,"enemies":"Slime Boss","floor":16,"turns":5},{"damage":2,"enemies":"Spheric Guardian","floor":18,"turns":5},{"damage":10,"enemies":"Shell Parasite","floor":20,"turns":6},{"damage":64,"enemies":"Masked Bandits","floor":21,"turns":5},{"damage":49,"enemies":"Book of Stabbing","floor":23,"turns":7},{"damage":4,"enemies":"Centurion and Healer","floor":28,"turns":8},{"damage":33,"enemies":"Shelled Parasite and Fungi","floor":29,"turns":8},{"damage":2,"enemies":"Gremlin Leader","floor":30,"turns":2},{"damage":25,"enemies":"Snake Plant","floor":31,"turns":3},{"damage":8,"enemies":"Automaton","floor":33,"turns":14},{"damage":25,"enemies":"3 Darklings","floor":35,"turns":5},{"damage":12,"enemies":"Orb Walker","floor":37,"turns":4},{"damage":53,"enemies":"Transient","floor":39,"turns":6},{"damage":4,"enemies":"Giant Head","floor":40,"turns":13},{"damage":23,"enemies":"3 Darklings","floor":42,"turns":5},{"damage":17,"enemies":"Reptomancer","floor":44,"turns":6},{"damage":4,"enemies":"Nemesis","floor":47,"turns":7},{"damage":4,"enemies":"Jaw Worm Horde","floor":48,"turns":3},{"damage":14,"enemies":"Donu and Deca","floor":50,"turns":9},{"damage":18,"enemies":"Time Eater","floor":51,"turns":14},{"damage":16,"enemies":"Shield and Spear","floor":55,"turns":6},{"damage":7,"enemies":"The Heart","floor":56,"turns":14}],"seed_played":"-1567445894928280753","potions_obtained":[{"floor":2.0,"key":"SmokeBomb"},{"floor":5.0,"key":"DuplicationPotion"},{"floor":6.0,"key":"FearPotion"},{"floor":14,"key":"FairyPotion"},{"floor":16,"key":"Block Potion"},{"floor":18,"key":"ColorlessPotion"},{"floor":20,"key":"Swift Potion"},{"floor":29,"key":"DuplicationPotion"},{"floor":30,"key":"Swift Potion"},{"floor":33,"key":"ColorlessPotion"},{"floor":37,"key":"BloodPotion"},{"floor":39,"key":"PowerPotion"},{"floor":44,"key":"Swift Potion"},{"floor":54,"key":"EntropicBrew"},{"floor":54,"key":"Ancient Potion"}],"is_trial":false,"path_per_floor":["M","?","$","M","M","E","?","M","T","E","M","$","R","M","R","B",null,"M","$","M","?","?","E","$","R","T","?","M","M","E","M","R","B",null,"M","$","M","?","M","E","R","M","T","E","R","?","E","M","R","B","B",null,"R","$","E","B",null],"character_chosen":"IRONCLAD","items_purchased":["Hemokinesis","Power Through+1","Battle Trance+1","Cauldron"],"campfire_rested":2,"item_purchase_floors":[3,12,19,54],"current_hp_per_floor":[75,75,75,75,75,59,59,75,75,74,77,77,77,79,79,79,79,81,81,81,35,35,32,32,44,44,44,58,45,63,58,70,82,89,84,84,92,90,57,73,96,93,93,94,98,98,100,102,102,102,102,102,104,104,104,104],"gold":49,"neow_bonus":"THREE_ENEMY_KILL","is_daily":false,"chose_seed":false,"campfire_upgraded":5,"win_rate":0.0,"timestamp":1608356929,"path_taken":["M","?","?","M","?","E","?","?","T","E","M","$","R","M","R","BOSS","M","$","M","?","?","E","$","R","T","?","M","?","E","M","R","BOSS","M","$","M","?","M","E","R","M","T","E","R","?","E","M","R","BOSS","BOSS","R","$","E","BOSS"],"items_purchased_type":["Card","Card","Card","Relic"],"build_version":"2020-12-13","purchased_purges":3,"victory":true,"max_hp_per_floor":[75,75,75,75,75,75,75,75,75,75,77,77,77,79,79,79,79,81,81,81,81,81,83,83,83,83,83,83,85,87,89,89,91,91,93,93,95,90,92,94,96,98,98,98,98,98,100,102,102,102,102,102,104,104,104,104],"card_choices":[{"not_picked":["Flex","Sword Boomerang"],"picked":"Shrug It Off","floor":1.0},{"not_picked":["Twin Strike","Perfected Strike"],"picked":"Shrug It Off","floor":4.0},{"not_picked":["Havoc","Armaments"],"picked":"Immolate","floor":5.0},{"not_picked":["Shrug It Off","Pummel"],"picked":"Pommel Strike","floor":6.0},{"not_picked":["Twin Strike","Sword Boomerang"],"picked":"Second Wind","floor":8.0},{"not_picked":["Hemokinesis","Cleave"],"picked":"Fire Breathing","floor":10.0},{"not_picked":["Clothesline","Armaments+1","Sever Soul"],"picked":"Singing Bowl","floor":11.0},{"not_picked":["Rampage","Flame Barrier+1","Metallicize"],"picked":"Singing Bowl","floor":14},{"not_picked":["Feed","Impervious+1"],"picked":"Barricade","floor":16},{"not_picked":["Warcry+1","Iron Wave","Twin Strike"],"picked":"Singing Bowl","floor":18},{"not_picked":["Immolate","Whirlwind"],"picked":"True Grit+1","floor":20},{"not_picked":["Cleave","Headbutt+1"],"picked":"Entrench+1","floor":21},{"not_picked":["Thunderclap","Cleave","Iron Wave"],"picked":"Singing Bowl","floor":23},{"not_picked":["Searing Blow","Rampage"],"picked":"Evolve","floor":28},{"not_picked":["Flex+1","Armaments+1","Thunderclap"],"picked":"Singing Bowl","floor":29},{"not_picked":["Reckless Charge","Evolve","Ghostly Armor+1"],"picked":"Singing Bowl","floor":30},{"not_picked":["Clash","Entrench+1","Dark Embrace"],"picked":"Singing Bowl","floor":31},{"not_picked":["Limit Break+1","Berserk","Exhume+1"],"picked":"Singing Bowl","floor":33},{"not_picked":["Heavy Blade","Twin Strike","Headbutt"],"picked":"Singing Bowl","floor":35},{"not_picked":["Headbutt","Seeing Red+1","Clash"],"picked":"Singing Bowl","floor":37},{"not_picked":["Armaments+1","Cleave+1","Uppercut"],"picked":"Singing Bowl","floor":39},{"not_picked":["Twin Strike","Brutality","Second Wind+1"],"picked":"Singing Bowl","floor":40},{"not_picked":["Reckless Charge","Warcry+1","Thunderclap"],"picked":"Singing Bowl","floor":41},{"not_picked":["Spot Weakness+1","Armaments+1","Shrug It Off+1"],"picked":"Singing Bowl","floor":42},{"not_picked":["Clothesline","Cleave"],"picked":"Disarm+1","floor":44},{"not_picked":["Searing Blow","Metallicize","Shrug It Off+1"],"picked":"Singing Bowl","floor":47},{"not_picked":["Perfected Strike","Blood for Blood","Anger+1"],"picked":"Singing Bowl","floor":48},{"not_picked":["Wild Strike","Twin Strike","Reaper"],"picked":"Singing Bowl","floor":53},{"not_picked":["Anger","Evolve"],"picked":"Burning Pact+1","floor":55}],"player_experience":184751,"relics_obtained":[{"floor":6.0,"key":"Eternal Feather"},{"floor":6.0,"key":"Singing Bowl"},{"floor":9.0,"key":"Mercury Hourglass"},{"floor":10.0,"key":"Toxic Egg 2"},{"floor":10.0,"key":"Thread and Needle"},{"floor":21,"key":"Red Mask"},{"floor":23,"key":"Lantern"},{"floor":23,"key":"PreservedInsect"},{"floor":30,"key":"Tiny Chest"},{"floor":30,"key":"Dream Catcher"},{"floor":40,"key":"Art of War"},{"floor":40,"key":"Meat on the Bone"},{"floor":43,"key":"Letter Opener"},{"floor":44,"key":"Gambling Chip"},{"floor":44,"key":"Vajra"},{"floor":47,"key":"Bronze Scales"},{"floor":47,"key":"Centennial Puzzle"},{"floor":55,"key":"Bottled Flame"},{"floor":55,"key":"Bag of Preparation"}],"event_choices":[{"damage_healed":0.0,"max_hp_gain":0.0,"max_hp_loss":0.0,"gold_gain":0.0,"event_name":"The Woman in Blue","player_choice":"Bought 1 Potion","floor":2.0,"gold_loss":0.0,"damage_taken":0.0},{"damage_healed":0.0,"max_hp_gain":0.0,"max_hp_loss":0.0,"gold_gain":0.0,"event_name":"Match and Keep!","player_choice":"0 cards matched","floor":7.0,"gold_loss":0.0,"damage_taken":0.0,"cards_obtained":[]},{"damage_healed":0,"gold_gain":0,"player_choice":"Fought Bandits","damage_taken":0,"max_hp_gain":0,"max_hp_loss":0,"event_name":"Masked Bandits","floor":21,"gold_loss":0},{"damage_healed":0,"gold_gain":0,"player_choice":"Ignored","damage_taken":0,"max_hp_gain":0,"max_hp_loss":0,"event_name":"The Mausoleum","floor":22,"gold_loss":0},{"damage_healed":0,"gold_gain":0,"player_choice":"Ignored","damage_taken":0,"max_hp_gain":0,"max_hp_loss":0,"event_name":"Vampires","floor":27,"gold_loss":0},{"damage_healed":0,"gold_gain":0,"player_choice":"Max HP","damage_taken":0,"max_hp_gain":0,"max_hp_loss":5,"event_name":"Winding Halls","floor":38,"gold_loss":0},{"cards_removed":["Strike_R"],"damage_healed":0,"gold_gain":0,"player_choice":"Removed Attack","damage_taken":0,"max_hp_gain":0,"max_hp_loss":0,"event_name":"Falling","floor":46,"gold_loss":0}],"is_beta":false,"boss_relics":[{"not_picked":["Black Blood","Runic Cube"],"picked":"Philosopher\u0027s Stone"},{"not_picked":["Runic Pyramid","Fusion Hammer"],"picked":"SacredBark"}],"items_purged_floors":[19,36,54],"is_endless":false,"potions_floor_spawned":[5,6,14,16,18,20,29,30,33,37,39,44],"ascension_level":20}}