{"host":"zr590xw2unlz0wv7","time":1608370744,"event":{"mods":["BaseMod","Minty Spire (QoL Compilation)","READ ME - Guardian Mod","StSLib"],"gold_per_floor":[116,391,138,138,153,181,24,24,104,115,115,142,160,125,125,229,229,239,239,114,128,148,178,178,210,235,235,250,250,250,264,264,361,361,372,372,391,391,391],"floor_reached":38,"playtime":1805,"items_purged":["Regret"],"score":561,"play_id":"3f7d2976-c87a-4bb5-8af8-062a8619ae6b","local_time":"20201219173904","is_ascension_mode":true,"campfire_choices":[{"floor":8.0,"key":"RECALL"},{"floor":15.0,"key":"REST"},{"floor":24,"key":"REST"},{"floor":29,"key":"REST"},{"floor":32,"key":"REST"}],"circlet_count":0,"master_deck":["Strike_P+1","Strike_P+1","Strike_P+1","Strike_P+1","Defend_P+1","Defend_P+1","Defend_P+1","Defend_P+1","Eruption+1","Vigilance","EmptyMind","Brilliance+1","WaveOfTheHand","Prostrate","ClearTheMind","BattleHymn","Halt","Vault","FollowUp","Scrawl","FlurryOfBlows+1","DeusExMachina","EmptyBody","Devotion"],"relics":["HolyWater","Dead Branch","Membership Card","InkBottle","Whetstone","VioletLotus","Nloth\u0027s Gift","Meat on the Bone","Pantograph","Calipers","Bronze Scales"],"acts_visited":["Exordium","TheCity","TheBeyond"],"potions_floor_usage":[23,23,27,33,33,33,33],"damage_taken":[{"damage":0.0,"enemies":"Cultist","floor":1.0,"turns":1.0},{"damage":0.0,"enemies":"Jaw Worm","floor":5.0,"turns":1.0},{"damage":0.0,"enemies":"3 Sentries","floor":6.0,"turns":2.0},{"damage":10.0,"enemies":"Small Slimes","floor":10.0,"turns":4.0},{"damage":37.0,"enemies":"Gremlin Nob","floor":12.0,"turns":5.0},{"damage":1.0,"enemies":"3 Louse","floor":13.0,"turns":4.0},{"damage":34.0,"enemies":"Hexaghost","floor":16.0,"turns":7.0},{"damage":11.0,"enemies":"2 Thieves","floor":18.0,"turns":5.0},{"damage":22.0,"enemies":"Shell Parasite","floor":21.0,"turns":6.0},{"damage":27.0,"enemies":"Centurion and Healer","floor":22.0,"turns":5.0},{"damage":9,"enemies":"Book of Stabbing","floor":23,"turns":3},{"damage":41,"enemies":"Gremlin Leader","floor":25,"turns":6},{"damage":0,"enemies":"Cultist and Chosen","floor":27,"turns":1},{"damage":19,"enemies":"Snake Plant","floor":28,"turns":5},{"damage":47,"enemies":"Chosen and Byrds","floor":31,"turns":6},{"damage":30,"enemies":"Collector","floor":33,"turns":6},{"damage":23,"enemies":"3 Shapes","floor":35,"turns":3},{"damage":27,"enemies":"3 Darklings","floor":37,"turns":5},{"damage":30,"enemies":"Writhing Mass","floor":38,"turns":4}],"seed_played":"7543525274580461310","potions_obtained":[{"floor":6.0,"key":"ColorlessPotion"},{"floor":10.0,"key":"EntropicBrew"},{"floor":12.0,"key":"SmokeBomb"},{"floor":16.0,"key":"EssenceOfSteel"},{"floor":18.0,"key":"BottledMiracle"},{"floor":31,"key":"EntropicBrew"},{"floor":33,"key":"FearPotion"},{"floor":36,"key":"Ancient Potion"},{"floor":36,"key":"Ancient Potion"}],"is_trial":false,"path_per_floor":["M","?","$","T","M","E","$","R","T","M","?","E","M","?","R","B",null,"M","?","$","M","M","E","R","E","T","M","M","R","?","M","R","B",null,"M","?","M","M"],"character_chosen":"WATCHER","items_purchased":["Brilliance","WaveOfTheHand","Membership Card","Meat on the Bone"],"campfire_rested":4,"item_purchase_floors":[3,3,7,20],"current_hp_per_floor":[72,72,72,72,72,72,72,72,72,62,62,25,24,42,63,41,64,53,53,53,43,28,31,52,23,23,35,28,49,49,14,35,42,65,42,42,27,0,0],"gold":391,"neow_bonus":"THREE_ENEMY_KILL","is_daily":false,"chose_seed":false,"campfire_upgraded":0,"win_rate":0.0,"timestamp":1608370744,"path_taken":["M","?","?","?","?","E","$","R","T","M","?","E","?","?","R","BOSS","M","?","$","M","M","E","R","E","T","?","M","R","?","M","R","BOSS","M","?","?","M"],"items_purchased_type":["Card","Card","Relic","Relic"],"build_version":"2020-12-13","purchased_purges":1,"victory":false,"max_hp_per_floor":[72,72,72,72,72,72,72,72,72,72,72,72,72,72,72,72,72,72,72,72,72,72,72,72,72,72,72,72,72,72,72,72,72,72,72,72,72,72,72],"card_choices":[{"not_picked":["CutThroughFate","EmptyFist"],"picked":"EmptyMind","floor":1.0},{"not_picked":["WindmillStrike","ForeignInfluence"],"picked":"Prostrate","floor":5.0},{"not_picked":["ThirdEye","Evaluate"],"picked":"ClearTheMind","floor":6.0},{"not_picked":["Consecrate","Crescendo","Halt"],"picked":"SKIP","floor":10.0},{"not_picked":["PathToVictory","Evaluate"],"picked":"BattleHymn","floor":12.0},{"not_picked":["CutThroughFate","CrushJoints"],"picked":"Halt","floor":13.0},{"not_picked":["Alpha","DeusExMachina"],"picked":"Vault","floor":16.0},{"not_picked":["WaveOfTheHand","JustLucky+1"],"picked":"FollowUp","floor":18.0},{"not_picked":["Protect","Wallop"],"picked":"Scrawl","floor":21.0},{"not_picked":["ThirdEye+1","Nirvana"],"picked":"FlurryOfBlows+1","floor":22.0},{"not_picked":["CutThroughFate","Evaluate+1"],"picked":"DeusExMachina","floor":23},{"not_picked":["BowlingBash+1","CutThroughFate+1"],"picked":"EmptyBody","floor":25},{"not_picked":["CutThroughFate","Protect+1","FollowUp"],"picked":"SKIP","floor":28},{"not_picked":["ThirdEye","BowlingBash","JustLucky"],"picked":"SKIP","floor":31},{"not_picked":["DeusExMachina","ConjureBlade"],"picked":"Devotion","floor":33},{"not_picked":["ForeignInfluence","TalkToTheHand+1","Evaluate"],"picked":"SKIP","floor":35},{"not_picked":["Weave","Consecrate+1","ReachHeaven+1"],"picked":"SKIP","floor":37}],"player_experience":502175,"relics_obtained":[{"floor":6.0,"key":"Dead Branch"},{"floor":9.0,"key":"InkBottle"},{"floor":12.0,"key":"Whetstone"},{"floor":23,"key":"Pantograph"},{"floor":25,"key":"Calipers"},{"floor":26,"key":"Bronze Scales"}],"event_choices":[{"damage_healed":0.0,"max_hp_gain":0.0,"max_hp_loss":0.0,"gold_gain":275.0,"event_name":"Golden Shrine","player_choice":"Desecrate","floor":2.0,"gold_loss":0.0,"damage_taken":0.0,"cards_obtained":["Regret"]},{"damage_healed":0.0,"max_hp_gain":0.0,"max_hp_loss":0.0,"gold_gain":0.0,"event_name":"Accursed Blacksmith","player_choice":"Forge","floor":11.0,"gold_loss":0.0,"damage_taken":0.0,"cards_upgraded":["Brilliance"]},{"damage_healed":18.0,"max_hp_gain":0.0,"max_hp_loss":0.0,"gold_gain":0.0,"event_name":"The Cleric","player_choice":"Healed","floor":14.0,"gold_loss":35.0,"damage_taken":0.0},{"damage_healed":0.0,"max_hp_gain":0.0,"max_hp_loss":0.0,"gold_gain":0.0,"event_name":"N\u0027loth","player_choice":"Traded Relic","floor":19.0,"relics_lost":["NeowsBlessing"],"gold_loss":0.0,"damage_taken":0.0,"relics_obtained":["Nloth\u0027s Gift"]},{"damage_healed":0,"gold_gain":0,"player_choice":"Simplicity","damage_taken":0,"max_hp_gain":0,"max_hp_loss":0,"event_name":"Back to Basics","floor":30,"gold_loss":0,"cards_upgraded":["Strike_P","Strike_P","Strike_P","Defend_P","Defend_P","Defend_P","Defend_P"]},{"damage_healed":0,"gold_gain":0,"player_choice":"Got Potions","damage_taken":0,"max_hp_gain":0,"max_hp_loss":0,"event_name":"Lab","floor":36,"gold_loss":0}],"is_beta":false,"boss_relics":[{"not_picked":["Coffee Dripper","Black Star"],"picked":"VioletLotus"},{"not_picked":["Sozu","Calling Bell"],"picked":"HolyWater"}],"items_purged_floors":[3],"is_endless":false,"potions_floor_spawned":[6,10,12,16,18,27,31,33],"killed_by":"Writhing Mass","ascension_level":5}}