{"host":"agbyy69nq62afhwx","time":1608363436,"event":{"mods":["BaseMod","Colored Map","Highlight Path","Keyboard Shortcuts","Minty Spire (QoL Compilation)","Quick Restart","StSLib","SuperFastMode","everything is the same but u backflip on backflip"],"gold_per_floor":[118,135,148,163,179,212,41,41,41,56,68,68,78,97,97,194,194,209,222,222,233,250,250,281,281,281,292,292,192,203,215,215,319,319,335,42,42,57,72,72,99,99,99,99,130,145,175,201,213,225],"floor_reached":51,"playtime":2634,"items_purged":["Strike_G","Strike_G","Strike_G"],"score":946,"play_id":"d0fc67c0-3414-4061-a1d7-2bbc2d749f2d","local_time":"20201219163716","is_ascension_mode":true,"campfire_choices":[{"floor":12.0,"key":"REST"},{"data":"Noxious Fumes","floor":15.0,"key":"SMITH"},{"floor":23.0,"key":"REST"},{"data":"Prepared","floor":28.0,"key":"SMITH"},{"data":"Outmaneuver","floor":32.0,"key":"SMITH"},{"data":"Panache","floor":40.0,"key":"SMITH"},{"data":"Survivor","floor":44.0,"key":"SMITH"},{"data":"A Thousand Cuts","floor":49,"key":"SMITH"}],"circlet_count":0,"master_deck":["Defend_G","Defend_G","Defend_G","Defend_G","Defend_G","Survivor+1","Neutralize+1","Noxious Fumes+1","Dash","Prepared+1","Bane","Dagger Spray","Outmaneuver+1","Acrobatics+1","Adrenaline+1","Backflip+1","Blade Dance+1","Prepared+1","Tactician+1","Backflip+1","Eviscerate+1","Reflex+1","Grand Finale+1","PiercingWail+1","Panache+1","Cloak And Dagger+1","Acrobatics+1","Prepared+1","A Thousand Cuts+1"],"relics":["Ring of the Snake","Bird Faced Urn","Toxic Egg 2","Sozu","InkBottle","Ninja Scroll","WristBlade","Dream Catcher","Bronze Scales","Mango","MawBank"],"acts_visited":["Exordium","TheCity","TheBeyond"],"potions_floor_usage":[50],"damage_taken":[{"damage":0.0,"enemies":"Cultist","floor":1.0,"turns":3.0},{"damage":0.0,"enemies":"Jaw Worm","floor":2.0,"turns":5.0},{"damage":3.0,"enemies":"2 Louse","floor":3.0,"turns":3.0},{"damage":17.0,"enemies":"Lots of Slimes","floor":4.0,"turns":5.0},{"damage":0.0,"enemies":"Blue Slaver","floor":5.0,"turns":3.0},{"damage":22.0,"enemies":"3 Sentries","floor":6.0,"turns":7.0},{"damage":12.0,"enemies":"Gremlin Gang","floor":10.0,"turns":5.0},{"damage":2.0,"enemies":"2 Fungi Beasts","floor":11.0,"turns":3.0},{"damage":8.0,"enemies":"Large Slime","floor":13.0,"turns":9.0},{"damage":0.0,"enemies":"3 Louse","floor":14.0,"turns":2.0},{"damage":12.0,"enemies":"The Guardian","floor":16.0,"turns":12.0},{"damage":14.0,"enemies":"Spheric Guardian","floor":18.0,"turns":4.0},{"damage":2.0,"enemies":"Chosen","floor":19.0,"turns":4.0},{"damage":9.0,"enemies":"Sentry and Sphere","floor":21.0,"turns":5.0},{"damage":22.0,"enemies":"Shelled Parasite and Fungi","floor":22.0,"turns":5.0},{"damage":15.0,"enemies":"Gremlin Leader","floor":24.0,"turns":6.0},{"damage":6.0,"enemies":"Snake Plant","floor":27.0,"turns":5.0},{"damage":0.0,"enemies":"3 Cultists","floor":30.0,"turns":3.0},{"damage":2.0,"enemies":"Centurion and Healer","floor":31.0,"turns":4.0},{"damage":8.0,"enemies":"Collector","floor":33.0,"turns":8.0},{"damage":0.0,"enemies":"Orb Walker","floor":35.0,"turns":1.0},{"damage":0.0,"enemies":"3 Darklings","floor":38.0,"turns":2.0},{"damage":10.0,"enemies":"Jaw Worm Horde","floor":39.0,"turns":3.0},{"damage":2.0,"enemies":"Nemesis","floor":41.0,"turns":3.0},{"damage":0.0,"enemies":"Giant Head","floor":45.0,"turns":2.0},{"damage":0.0,"enemies":"Spire Growth","floor":46.0,"turns":1.0},{"damage":0,"enemies":"Reptomancer","floor":47,"turns":1},{"damage":0,"enemies":"3 Darklings","floor":48,"turns":1},{"damage":31,"enemies":"Time Eater","floor":50,"turns":6}],"seed_played":"5002926996818315249","potions_obtained":[{"floor":1.0,"key":"Block Potion"},{"floor":3.0,"key":"SmokeBomb"},{"floor":5.0,"key":"Swift Potion"},{"floor":11.0,"key":"DistilledChaos"}],"is_trial":false,"path_per_floor":["M","M","M","M","M","E","$","?","T","M","M","R","M","M","R","B",null,"M","M","?","M","M","R","E","?","T","M","R","$","M","M","R","B",null,"M","$","?","M","M","R","E","?","T","R","E","M","E","M","R","B",null],"character_chosen":"THE_SILENT","items_purchased":["GhostInAJar","Panache"],"campfire_rested":2,"item_purchase_floors":[7,36],"current_hp_per_floor":[70,70,67,50,50,28,28,28,28,16,16,37,29,31,31,21,70,56,56,56,49,29,50,37,60,60,56,56,56,58,58,58,52,70,70,70,80,80,70,70,72,72,72,72,90,94,94,94,94,63],"gold":237,"neow_bonus":"UPGRADE_CARD","is_daily":false,"chose_seed":false,"campfire_upgraded":6,"win_rate":0.0,"timestamp":1608363436,"path_taken":["M","M","M","M","M","E","$","?","T","M","M","R","?","M","R","BOSS","M","M","?","M","M","R","E","?","T","M","R","$","M","M","R","BOSS","M","$","?","M","?","R","E","?","T","R","E","M","E","M","R","BOSS"],"items_purchased_type":["Potion","Card"],"build_version":"2020-12-13","purchased_purges":3,"victory":true,"max_hp_per_floor":[70,70,70,70,70,70,70,70,70,70,70,70,70,70,70,70,70,70,70,70,70,70,70,70,70,70,70,70,70,70,70,70,70,70,70,70,80,80,80,80,80,80,80,80,94,94,94,94,94,94],"card_choices":[{"not_picked":["Blade Dance","Setup"],"picked":"Noxious Fumes","floor":1.0},{"not_picked":["Masterful Stab","Slice"],"picked":"Dash","floor":2.0},{"not_picked":["Underhanded Strike","Deflect"],"picked":"Prepared","floor":3.0},{"not_picked":["Underhanded Strike","Poisoned Stab"],"picked":"Bane","floor":4.0},{"not_picked":["Masterful Stab","Endless Agony"],"picked":"Dagger Spray","floor":5.0},{"not_picked":["Dagger Throw","Prepared"],"picked":"Outmaneuver","floor":6.0},{"not_picked":["Noxious Fumes","Catalyst+1"],"picked":"Acrobatics+1","floor":10.0},{"not_picked":["Dagger Spray","Bane"],"picked":"Adrenaline+1","floor":11.0},{"not_picked":["Backstab","Sucker Punch"],"picked":"Backflip+1","floor":13.0},{"not_picked":["Accuracy","Crippling Poison+1"],"picked":"Blade Dance+1","floor":14.0},{"not_picked":["A Thousand Cuts","Tools of the Trade"],"picked":"Venomology+1","floor":16.0},{"not_picked":["Masterful Stab","Backflip+1"],"picked":"Prepared+1","floor":18.0},{"not_picked":["Deadly Poison+1","Caltrops+1"],"picked":"Tactician+1","floor":19.0},{"not_picked":["Sucker Punch+1","Backstab+1","Deadly Poison+1"],"picked":"SKIP","floor":21.0},{"not_picked":["Sucker Punch","Crippling Poison+1","Expertise+1"],"picked":"SKIP","floor":22.0},{"not_picked":["Noxious Fumes","Sucker Punch+1"],"picked":"Backflip+1","floor":24.0},{"not_picked":["Backstab","Underhanded Strike"],"picked":"Eviscerate+1","floor":27.0},{"not_picked":["Bane","Outmaneuver+1","PiercingWail+1"],"picked":"SKIP","floor":30.0},{"not_picked":["Accuracy","Bouncing Flask+1"],"picked":"Reflex+1","floor":31.0},{"not_picked":["Phantasmal Killer+1","Doppelganger+1"],"picked":"Grand Finale","floor":33.0},{"not_picked":["Prepared+1","Dodge and Roll+1"],"picked":"PiercingWail+1","floor":35.0},{"not_picked":["Dagger Spray+1","Poisoned Stab+1","PiercingWail+1"],"picked":"SKIP","floor":38.0},{"not_picked":["Riddle With Holes+1","Outmaneuver+1"],"picked":"Cloak And Dagger+1","floor":39.0},{"not_picked":["Concentrate+1","PiercingWail+1","Sucker Punch+1"],"picked":"SKIP","floor":41.0},{"not_picked":["Cloak And Dagger+1","Finisher+1"],"picked":"Acrobatics+1","floor":45.0},{"not_picked":["Deadly Poison+1","Poisoned Stab+1"],"picked":"Prepared+1","floor":46.0},{"not_picked":["Backflip+1","Expertise+1","Choke+1"],"picked":"SKIP","floor":47},{"not_picked":["Underhanded Strike","Bane"],"picked":"A Thousand Cuts","floor":48}],"player_experience":324595,"relics_obtained":[{"floor":6.0,"key":"Bird Faced Urn"},{"floor":9.0,"key":"Toxic Egg 2"},{"floor":24.0,"key":"InkBottle"},{"floor":26.0,"key":"Ninja Scroll"},{"floor":41.0,"key":"Dream Catcher"},{"floor":43.0,"key":"Bronze Scales"},{"floor":45.0,"key":"Mango"},{"floor":47,"key":"MawBank"}],"event_choices":[{"cards_removed":["Strike_G"],"damage_healed":0.0,"max_hp_gain":0.0,"max_hp_loss":0.0,"gold_gain":0.0,"event_name":"Purifier","player_choice":"Purged","floor":8.0,"gold_loss":0.0,"damage_taken":0.0},{"cards_removed":["Strike_G"],"damage_healed":0.0,"max_hp_gain":0.0,"max_hp_loss":0.0,"gold_gain":0.0,"event_name":"Back to Basics","player_choice":"Elegance","floor":20.0,"gold_loss":0.0,"damage_taken":0.0},{"damage_healed":23.0,"max_hp_gain":0.0,"max_hp_loss":0.0,"gold_gain":0.0,"event_name":"The Library","player_choice":"Heal","floor":25.0,"gold_loss":0.0,"damage_taken":0.0},{"cards_removed":["Venomology"],"damage_healed":0.0,"max_hp_gain":10.0,"max_hp_loss":0.0,"gold_gain":0.0,"event_name":"Bonfire Elementals","player_choice":"Offered Rare","floor":37.0,"gold_loss":0.0,"damage_taken":0.0},{"damage_healed":0.0,"max_hp_gain":0.0,"max_hp_loss":0.0,"gold_gain":0.0,"event_name":"Accursed Blacksmith","player_choice":"Forge","floor":42.0,"gold_loss":0.0,"damage_taken":0.0,"cards_upgraded":["Grand Finale"]}],"is_beta":false,"boss_relics":[{"not_picked":["Coffee Dripper","Cursed Key"],"picked":"Sozu"},{"not_picked":["Ring of the Serpent","SacredBark"],"picked":"WristBlade"}],"items_purged_floors":[7,29,36],"is_endless":false,"potions_floor_spawned":[1,3,5,10,11,21,22,27,31,33,38,39,41,48],"ascension_level":2}}