{"host":"3xls0xm49ftugio7","time":1608382302,"event":{"mods":["2.2 Compatiblity","AchievementEnabler","Act Like it!","BaseMod","Colored Powertips","Downfall","GifTheSpireLib","Minty Spire (QoL Compilation)","Quick Restart","Relic Stats","StSLib"],"gold_per_floor":[99,114,114,131,158,143,170,205,225,253,269,284,284,384,396,498,498,423,186,186,186,199,231,231,81,94,129,148,168,268,286,298,403,403,403,414,51,63,63,63,87,125,137,180,107,122,132,159,171,171,171,199,49,49,49],"floor_reached":56,"playtime":5154,"items_purged":["champ:Strike","champ:Strike","champ:Defend","champ:Defend"],"score":1673,"play_id":"ebaa3125-0fd8-4741-91f6-e8c75915e501","local_time":"20201219145142","is_ascension_mode":true,"campfire_choices":[{"data":"champ:VampiricStrike","floor":1.0,"key":"SMITH"},{"data":"champ:Taunt","floor":3,"key":"SMITH"},{"floor":18,"key":"RECALL"},{"data":"RitualDagger","floor":21,"key":"SMITH"},{"data":"champ:Lariat","floor":25,"key":"SMITH"},{"data":"champ:HoldFirm","floor":35,"key":"SMITH"},{"data":"champ:Backstep","floor":43,"key":"SMITH"},{"floor":54,"key":"REST"}],"circlet_count":0,"master_deck":["champ:Defend","champ:Defend","champ:Execute","champ:Taunt+1","champ:VampiricStrike+1","champ:Backstep+1","champ:CrookedStrike","champ:Haymaker","champ:Lariat+1","champ:SkillfulDodge","champ:AdrenalArmor","champ:SteelEdge","champ:DefensiveStyle","champ:Backstep+1","champ:SwordThrow","champ:BringItOn","champ:ShieldSlam","RitualDagger+1","champ:BringItOn+1","champ:IronFortress+1","champ:HoldFirm+1","champ:BladeFlurry+1","champ:EnchantShield","champ:DefensiveStyle+1","champ:DefensiveStyle","champ:Haymaker+1","champ:Circumvent+1","champ:Improvising"],"relics":["champ:ChampionCrown","Guardian:PocketSentry","Oddly Smooth Stone","Pocketwatch","Art of War","downfall:ShatteredFragment","champ:PowerArmor","downfall:HeartBlessingGreen","ClockworkSouvenir","White Beast Statue","downfall:HeartBlessingRed","downfall:HeartBlessingBlue","Pen Nib","downfall:GremlinWheel","Runic Pyramid","Bronze Scales","Pantograph","MawBank","Nunchaku","Dead Branch","Shuriken","Strawberry","champ:SpectersHand"],"acts_visited":["Exordium","TheCity","TheBeyond","TheEnding"],"potions_floor_usage":[8,27,55],"damage_taken":[{"damage":12,"enemies":"Small Slimes","floor":2,"turns":3},{"damage":2,"enemies":"Jaw Worm","floor":4,"turns":4},{"damage":45,"enemies":"Gremlin Nob","floor":5,"turns":5},{"damage":10,"enemies":"downfall:FleeingMerchant","floor":6,"turns":4},{"damage":10,"enemies":"3 Sentries","floor":8,"turns":8},{"damage":0,"enemies":"Cultist","floor":9,"turns":2},{"damage":14,"enemies":"Lagavulin","floor":10,"turns":8},{"damage":0,"enemies":"2 Fungi Beasts","floor":11,"turns":3},{"damage":0,"enemies":"3 Louse","floor":12,"turns":2},{"damage":30,"enemies":"downfall:Heads","floor":14,"turns":7},{"damage":6,"enemies":"Large Slime","floor":15,"turns":5},{"damage":7,"enemies":"downfall:Watcher","floor":16,"turns":7},{"damage":10,"enemies":"downfall:FleeingMerchant","floor":19,"turns":4},{"damage":2,"enemies":"Chosen","floor":22,"turns":5},{"damage":7,"enemies":"Book of Stabbing","floor":23,"turns":6},{"damage":3,"enemies":"Spheric Guardian","floor":26,"turns":2},{"damage":9,"enemies":"Slavers","floor":27,"turns":5},{"damage":4,"enemies":"Snake Plant","floor":28,"turns":6},{"damage":4,"enemies":"3 Cultists","floor":29,"turns":5},{"damage":0,"enemies":"3 Cultists","floor":30,"turns":2},{"damage":4,"enemies":"Cultist and Chosen","floor":31,"turns":5},{"damage":7,"enemies":"Snecko","floor":32,"turns":5},{"damage":17,"enemies":"downfall:Defect","floor":33,"turns":11},{"damage":7,"enemies":"3 Darklings","floor":36,"turns":4},{"damage":7,"enemies":"downfall:FleeingMerchant","floor":37,"turns":4},{"damage":2,"enemies":"Orb Walker","floor":38,"turns":5},{"damage":7,"enemies":"Nemesis","floor":42,"turns":7},{"damage":18,"enemies":"Reptomancer","floor":44,"turns":8},{"damage":5,"enemies":"downfall:FleeingMerchant","floor":45,"turns":3},{"damage":9,"enemies":"Writhing Mass","floor":46,"turns":5},{"damage":2,"enemies":"Jaw Worm Horde","floor":47,"turns":2},{"damage":2,"enemies":"Transient","floor":49,"turns":5},{"damage":42,"enemies":"downfall:Ironclad","floor":50,"turns":16},{"damage":106,"enemies":"downfall:CharBossMerchant","floor":52,"turns":10},{"damage":31,"enemies":"downfall:NeowBoss","floor":55,"turns":21}],"seed_played":"3225577004098807716","potions_obtained":[{"floor":4,"key":"Fire Potion"},{"floor":5,"key":"ColorlessPotion"},{"floor":8,"key":"EssenceOfSteel"},{"floor":9,"key":"LiquidBronze"},{"floor":27,"key":"SpeedPotion"},{"floor":29,"key":"Strength Potion"},{"floor":47,"key":"Regen Potion"},{"floor":49,"key":"DuplicationPotion"},{"floor":52,"key":"DuplicationPotion"}],"is_trial":false,"path_per_floor":["R","M","R","M","E","$","T","E","M","E","M","M","?","?","M","B",null,"R","$","?","R","M","E","T","R","M","E","M","M","?","M","M","B",null,"R","M","$","M","?","?","T","E","R","E","$","M","M","?","M","B",null,"E","$","R","B",null],"character_chosen":"THE_CHAMP","items_purchased":["ClockworkSouvenir","Pantograph","Shuriken","champ:DefensiveStyle"],"campfire_rested":1,"item_purchase_floors":[19,37,45,45],"current_hp_per_floor":[90,90,90,90,55,67,67,77,90,90,90,90,63,40,43,58,90,90,87,81,81,90,90,90,100,100,100,100,100,100,100,100,100,100,100,100,100,100,100,100,100,100,100,96,100,95,100,107,107,86,107,16,16,48,106],"gold":49,"neow_bonus":"ONE_RANDOM_RARE_CARD","is_daily":false,"chose_seed":false,"campfire_upgraded":6,"win_rate":0.0,"timestamp":1608382302,"path_taken":["R","M","R","M","E","$","T","E","M","E","M","M","?","?","M","BOSS","R","$","?","R","M","E","T","R","M","E","M","M","?","M","M","BOSS","R","M","$","M","?","?","T","E","R","E","$","M","M","?","M","BOSS","E","$","R","BOSS"],"items_purchased_type":["Relic","Relic","Relic","Card"],"build_version":"2020-12-13","purchased_purges":4,"victory":true,"max_hp_per_floor":[90,90,90,90,90,90,90,90,90,90,90,90,90,90,90,90,90,90,90,90,90,90,90,90,100,100,100,100,100,100,100,100,100,100,100,100,100,100,100,100,100,100,100,100,100,100,100,107,107,107,107,107,107,107,107],"relic_stats":{"Nunchaku":[18],"counters":[35,200],"Shuriken":[34],"Bronze Scales":[181],"Pantograph":25,"Dead Branch":[121],"Pen Nib":[29],"Art of War":[9],"MawBank":48,"obtain_stats":[{"downfall:ShatteredFragment":13,"downfall:HeartBlessingRed":25,"Dead Branch":44,"Oddly Smooth Stone":7,"champ:ChampionCrown":0,"downfall:HeartBlessingGreen":18,"Pen Nib":27,"Guardian:PocketSentry":5,"MawBank":41,"White Beast Statue":23,"champ:PowerArmor":17,"ClockworkSouvenir":19,"Nunchaku":42,"downfall:GremlinWheel":30,"downfall:HeartBlessingBlue":25,"Shuriken":45,"Bronze Scales":35,"Pantograph":37,"Strawberry":48,"Art of War":10,"champ:SpectersHand":52,"Pocketwatch":8,"Runic Pyramid":34},{"downfall:ShatteredFragment":9,"downfall:HeartBlessingRed":15,"Dead Branch":28,"Oddly Smooth Stone":4,"champ:ChampionCrown":0,"downfall:HeartBlessingGreen":12,"Pen Nib":17,"Guardian:PocketSentry":3,"MawBank":26,"White Beast Statue":15,"champ:PowerArmor":12,"ClockworkSouvenir":13,"Nunchaku":27,"downfall:GremlinWheel":20,"downfall:HeartBlessingBlue":15,"Shuriken":29,"Bronze Scales":23,"Pantograph":25,"Strawberry":31,"Art of War":7,"champ:SpectersHand":34,"Pocketwatch":5,"Runic Pyramid":23},{"downfall:ShatteredFragment":39,"downfall:HeartBlessingRed":71,"Dead Branch":138,"Oddly Smooth Stone":16,"champ:ChampionCrown":0,"downfall:HeartBlessingGreen":57,"Pen Nib":78,"Guardian:PocketSentry":12,"MawBank":123,"White Beast Statue":71,"champ:PowerArmor":57,"ClockworkSouvenir":61,"Nunchaku":130,"downfall:GremlinWheel":90,"downfall:HeartBlessingBlue":71,"Shuriken":141,"Bronze Scales":111,"Pantograph":119,"Strawberry":148,"Art of War":34,"champ:SpectersHand":179,"Pocketwatch":24,"Runic Pyramid":111}],"Pocketwatch":[53]},"card_choices":[{"not_picked":["champ:EnragedBash","champ:BringItOn"],"picked":"champ:Backstep","floor":2},{"not_picked":["champ:HeartStrike","champ:Backstep"],"picked":"champ:CrookedStrike","floor":4},{"not_picked":["champ:Haymaker","champ:ShieldWall","champ:StanceDance"],"picked":"SKIP","floor":5},{"not_picked":["champ:ShieldWall","champ:StanceDance"],"picked":"champ:Haymaker","floor":5},{"not_picked":["champ:ArenaPreparation","champ:BerserkerStyle"],"picked":"champ:Lariat","floor":6},{"not_picked":["champ:DefensiveShout","champ:BladeFlurry"],"picked":"champ:SkillfulDodge","floor":8},{"not_picked":["champ:ViciousMockery","champ:RageSigil"],"picked":"champ:AdrenalArmor","floor":9},{"not_picked":["champ:Haymaker","champ:SwordSigil"],"picked":"champ:SteelEdge","floor":10},{"not_picked":["champ:FalseCounter","champ:PerfectedStrike"],"picked":"champ:Shatter","floor":11},{"not_picked":["champ:ShieldWall","champ:RageSigil"],"picked":"champ:DefensiveStyle","floor":12},{"not_picked":["champ:RageSigil","champ:BerserkerStyle"],"picked":"champ:SwordThrow","floor":14},{"not_picked":["champ:FanOfKnives","champ:Haymaker"],"picked":"champ:BringItOn","floor":15},{"not_picked":["champ:EnchantCrown","champ:LastStand"],"picked":"champ:ShieldSlam","floor":16},{"not_picked":["champ:BringItOn","champ:Riposte","champ:Backstep"],"picked":"SKIP","floor":19},{"not_picked":["champ:PerfectedStrike","champ:Control","champ:StanceDance"],"picked":"SKIP","floor":22},{"not_picked":["champ:RecklessLeap","champ:DefensiveShout+1","champ:RisingSlash"],"picked":"SKIP","floor":23},{"not_picked":["champ:PerfectedStrike","champ:SwordSigil","champ:CrookedStrike"],"picked":"SKIP","floor":26},{"not_picked":["champ:DeathBlow+1","champ:FlashCut+1","champ:Shatter"],"picked":"SKIP","floor":27},{"not_picked":["champ:ViciousMockery","champ:CrookedStrike+1","champ:BerserkersShout"],"picked":"SKIP","floor":28},{"not_picked":["champ:ShieldSigil","champ:Encircle"],"picked":"champ:BringItOn+1","floor":29},{"not_picked":["champ:CrookedStrike","champ:GladiatorStyle","champ:RageSigil+1"],"picked":"SKIP","floor":31},{"not_picked":["champ:BerserkersShout+1","champ:ShieldSigil"],"picked":"champ:IronFortress+1","floor":32},{"not_picked":["champ:CheapShot","champ:IgnorePain"],"picked":"champ:HoldFirm","floor":33},{"not_picked":["champ:PerfectedStrike+1","champ:StanceDance+1","champ:BerserkersShout"],"picked":"SKIP","floor":36},{"not_picked":["champ:BerserkersShout+1","champ:SwordThrow"],"picked":"champ:BladeFlurry+1","floor":37},{"not_picked":["champ:DefensiveShout+1","champ:BerserkerStyle","champ:StanceDance"],"picked":"SKIP","floor":38},{"not_picked":["champ:FlashCut","champ:Balance","champ:StanceDance+1"],"picked":"SKIP","floor":42},{"not_picked":["champ:FlashCut","champ:Balance","champ:StanceDance+1"],"picked":"SKIP","floor":42},{"not_picked":["champ:BladeFlurry","champ:StrikeOfGenius"],"picked":"champ:EnchantShield","floor":44},{"not_picked":["champ:BladeFlurry+1","champ:TornadoPunch+1"],"picked":"champ:DefensiveStyle+1","floor":45},{"not_picked":["champ:GladiatorsShout+1","champ:PerfectedStrike+1","champ:EndlessRage"],"picked":"SKIP","floor":46},{"not_picked":["champ:CrownThrow","champ:Balance"],"picked":"champ:Haymaker+1","floor":47},{"not_picked":["champ:GladiatorsShout+1","champ:CalledShot"],"picked":"champ:Circumvent+1","floor":49},{"not_picked":["champ:AdrenalArmor+1","champ:CrookedStrike"],"picked":"champ:Improvising","floor":52}],"player_experience":829565,"relics_obtained":[{"floor":5,"key":"Guardian:PocketSentry"},{"floor":7,"key":"Oddly Smooth Stone"},{"floor":8,"key":"Pocketwatch"},{"floor":10,"key":"Art of War"},{"floor":23,"key":"White Beast Statue"},{"floor":27,"key":"Pen Nib"},{"floor":30,"key":"downfall:GremlinWheel"},{"floor":35,"key":"Bronze Scales"},{"floor":41,"key":"MawBank"},{"floor":42,"key":"Nunchaku"},{"floor":44,"key":"Dead Branch"},{"floor":48,"key":"Strawberry"},{"floor":52,"key":"champ:SpectersHand"}],"event_choices":[{"damage_healed":0,"gold_gain":0,"player_choice":"Relic","damage_taken":0,"max_hp_gain":0,"max_hp_loss":0,"event_name":"Wheel of Change","floor":35,"gold_loss":0},{"cards_removed":["champ:Shatter"],"damage_healed":0,"gold_gain":0,"player_choice":"Removed Attack","damage_taken":0,"max_hp_gain":0,"max_hp_loss":0,"event_name":"Falling","floor":39,"gold_loss":0}],"is_beta":false,"boss_relics":[{"not_picked":["expansioncontent:StudyCardRelic","Busted Crown"],"picked":"champ:PowerArmor"},{"not_picked":["Velvet Choker","Sozu"],"picked":"Runic Pyramid"}],"items_purged_floors":[19,37,45,53],"is_endless":false,"potions_floor_spawned":[4,5,8,9,11,16,22,26,27,28,29,30,31,32,33,36,37,38,42,44,45,46,47,49,52],"ascension_level":4}}