{"host":"2ccem01eblg14btk","time":1608408110,"event":{"mods":["BaseMod","Colored Map","Downfall","Minty Spire (QoL Compilation)","Quick Restart","StSLib"],"gold_per_floor":[99,199,215,250,250,276,276,201,230,230,245,261,261,148,159,262,262,262,362,362,70,97,114,114,114,114,145,158,258,308,324,334,429,429,429,443,473,485,293,138,138,153,153,181,181,196,210,12,28,28],"floor_reached":51,"playtime":2526,"items_purged":["Regret","Writhe","Pride","Slimebound:Icky"],"score":887,"play_id":"acb82cb3-44c8-4a0c-8dda-d6b47a6a95f7","local_time":"20201219210150","is_ascension_mode":true,"campfire_choices":[{"data":"expansioncontent:QuickStudy","floor":1,"key":"SMITH"},{"data":"champ:Taunt","floor":5,"key":"SMITH"},{"data":"champ:CheapShot","floor":8,"key":"SMITH"},{"floor":10,"key":"REST"},{"data":"champ:VampiricStrike","floor":18,"key":"SMITH"},{"floor":25,"key":"REST"},{"data":"champ:Improvising","floor":35,"key":"SMITH"}],"circlet_count":0,"master_deck":["champ:Strike","champ:Strike","champ:Defend+1","champ:Defend","champ:Defend+1","champ:Defend","champ:Execute","champ:Taunt+1","expansioncontent:QuickStudy+1","champ:ShieldSigil","champ:CheapShot+1","champ:TornadoPunch","champ:Circumvent","champ:FalseCounter","champ:ShieldSigil","champ:VampiricStrike+1","J.A.X.","champ:DefensiveShout","champ:HeartStrike","champ:FocusedDefense","Slimebound:CheckThePlaybook","champ:EnGarde","champ:Improvising+1","champ:HoldFirm","champ:Circumvent","champ:ShieldWall+1","champ:Backstep+1","champ:HoldFirm+1","champ:Circumvent+1","champ:Improvising+1","champ:EnGarde+1","champ:EnGarde+1","champ:FocusedDefense+1"],"relics":["champ:ChampionCrown","Kunai","War Paint","champ:SignatureFinisher","downfall:HeartBlessingGreen","Question Card","Mercury Hourglass","Philosopher\u0027s Stone","MutagenicStrength","Dead Branch","White Beast Statue","Shuriken","champ:DefensiveTrainingManual","Smiling Mask","champ:ChampionCrownUpgraded","Toxic Egg 2","DollysMirror","HornCleat","Happy Flower","StoneCalendar","Mummified Hand","OrangePellets"],"acts_visited":["Exordium","TheCity","TheBeyond"],"potions_floor_usage":[15,16,28,33,50,50,50],"damage_taken":[{"damage":9,"enemies":"Jaw Worm","floor":3,"turns":4},{"damage":26,"enemies":"Gremlin Nob","floor":4,"turns":5},{"damage":24,"enemies":"Lagavulin","floor":6,"turns":9},{"damage":1,"enemies":"Gremlin Nob","floor":9,"turns":6},{"damage":1,"enemies":"2 Louse","floor":11,"turns":2},{"damage":17,"enemies":"Small Slimes","floor":12,"turns":3},{"damage":14,"enemies":"downfall:FleeingMerchant","floor":14,"turns":4},{"damage":0,"enemies":"3 Louse","floor":15,"turns":1},{"damage":24,"enemies":"downfall:Silent","floor":16,"turns":8},{"damage":9,"enemies":"downfall:Augmenter","floor":19,"turns":5},{"damage":15,"enemies":"downfall:FleeingMerchant","floor":21,"turns":5},{"damage":65,"enemies":"Book of Stabbing","floor":22,"turns":6},{"damage":0,"enemies":"Spheric Guardian","floor":23,"turns":3},{"damage":56,"enemies":"Slavers","floor":27,"turns":5},{"damage":4,"enemies":"Shell Parasite","floor":28,"turns":3},{"damage":16,"enemies":"Chosen and Byrds","floor":31,"turns":6},{"damage":0,"enemies":"Centurion and Healer","floor":32,"turns":3},{"damage":41,"enemies":"downfall:Ironclad","floor":33,"turns":4},{"damage":19,"enemies":"3 Shapes","floor":36,"turns":6},{"damage":69,"enemies":"Giant Head","floor":37,"turns":8},{"damage":24,"enemies":"3 Darklings","floor":38,"turns":4},{"damage":24,"enemies":"downfall:FleeingMerchant","floor":39,"turns":4},{"damage":28,"enemies":"Spire Growth","floor":42,"turns":3},{"damage":38,"enemies":"Nemesis","floor":44,"turns":7},{"damage":33,"enemies":"Writhing Mass","floor":46,"turns":3},{"damage":55,"enemies":"Jaw Worm Horde","floor":47,"turns":6},{"damage":9,"enemies":"Sphere and 2 Shapes","floor":49,"turns":2},{"damage":34,"enemies":"downfall:Defect","floor":50,"turns":3}],"seed_played":"2458507891323212342","potions_obtained":[{"floor":4,"key":"FearPotion"},{"floor":11,"key":"Explosive Potion"},{"floor":15,"key":"Block Potion"},{"floor":22,"key":"Fire Potion"},{"floor":23,"key":"sneckomod:MuddlingPotion"},{"floor":28,"key":"champ:CounterPotion"},{"floor":33,"key":"Dexterity Potion"},{"floor":37,"key":"AttackPotion"},{"floor":47,"key":"ColorlessPotion"}],"is_trial":false,"path_per_floor":["R","?","M","E","R","E","T","R","E","R","M","M","?","$","M","B",null,"R","?","?","$","E","M","T","R","T","E","M","?","T","M","M","B",null,"R","M","E","M","?","$","T","M","?","E","?","M","M","$","M","B",null],"character_chosen":"THE_CHAMP","items_purchased":["champ:ShieldSigil","champ:EnGarde","champ:Improvising","DollysMirror","HornCleat","champ:EnGarde+1","Happy Flower","OrangePellets"],"campfire_rested":2,"item_purchase_floors":[14,21,21,39,39,39,40,48],"current_hp_per_floor":[90,90,81,55,55,36,36,36,35,62,61,49,49,45,45,21,90,90,82,82,82,25,25,25,52,52,20,31,31,31,30,45,28,90,90,90,85,90,90,90,90,90,90,90,90,90,59,59,69,68],"gold":28,"neow_bonus":"RANDOM_COLORLESS_2","is_daily":false,"chose_seed":false,"campfire_upgraded":5,"win_rate":0.0,"timestamp":1608408110,"path_taken":["R","?","M","E","R","E","T","R","E","R","M","M","?","$","M","BOSS","R","?","?","$","E","M","T","R","?","E","M","?","?","M","M","BOSS","R","M","E","M","?","$","T","M","?","E","?","?","?","$","M","BOSS"],"items_purchased_type":["Card","Card","Card","Relic","Relic","Card","Relic","Relic"],"build_version":"2020-12-13","purchased_purges":4,"victory":true,"max_hp_per_floor":[90,90,90,90,90,90,90,90,90,90,90,90,90,90,90,90,90,90,90,90,90,90,90,90,90,90,90,90,90,90,90,90,90,90,90,90,90,90,90,90,90,90,90,90,90,90,90,90,90,90],"card_choices":[{"not_picked":["Mayhem","Thinking Ahead"],"picked":"expansioncontent:QuickStudy","floor":0},{"not_picked":["champ:SwordSigil","champ:BringItOn"],"picked":"champ:ShieldSigil","floor":3},{"not_picked":["champ:AdrenalArmor","champ:FlashCut"],"picked":"champ:CheapShot","floor":4},{"not_picked":["champ:BringItOn","champ:BerserkersShout"],"picked":"champ:TornadoPunch","floor":6},{"not_picked":["champ:FaceSlap","champ:PerfectForm","champ:IronFortress"],"picked":"SKIP","floor":9},{"not_picked":["champ:ShieldSigil","champ:EndlessRage","champ:PreciseThrust"],"picked":"champ:Circumvent","floor":11},{"not_picked":["champ:SwordSigil","champ:Shatter","champ:PerfectedStrike","champ:Haymaker"],"picked":"SKIP","floor":12},{"not_picked":["champ:PerfectForm","champ:RecklessLeap","champ:BerserkersShout"],"picked":"champ:FalseCounter","floor":14},{"not_picked":["champ:RageSigil","champ:FlashCut","champ:CrookedStrike","champ:BerserkerStyle"],"picked":"SKIP","floor":15},{"not_picked":["champ:PerfectForm","champ:StrikeOfGenius","champ:HeavySlash"],"picked":"champ:VampiricStrike","floor":16},{"not_picked":[],"picked":"J.A.X.","floor":19},{"not_picked":["champ:FocusedGladiator","champ:ShieldSigil","champ:BringItOn+1"],"picked":"champ:DefensiveShout","floor":19},{"not_picked":["champ:BringItOn","champ:IronFortress+1","champ:SwordSigil","champ:Shatter"],"picked":"SKIP","floor":21},{"not_picked":["champ:BerserkersShout","champ:FightOn","champ:Encircle"],"picked":"champ:HoldFirm","floor":22},{"not_picked":["champ:TornadoPunch","champ:Duel","champ:ShieldSigil"],"picked":"champ:Circumvent","floor":23},{"not_picked":["champ:FaceSlap","champ:RageSigil","champ:AdrenalArmor"],"picked":"champ:Control","floor":27},{"not_picked":["champ:HeartStrike","champ:BerserkersShout","champ:AdrenalArmor"],"picked":"champ:ShieldWall+1","floor":28},{"not_picked":["champ:ArenaPreparation","champ:BerserkersShout","champ:GladiatorStyle","champ:Backstep+1"],"picked":"SKIP","floor":31},{"not_picked":["champ:ArenaPreparation","champ:BerserkersShout","champ:GladiatorStyle"],"picked":"champ:Backstep+1","floor":31},{"not_picked":["champ:StanceDance","champ:AdrenalArmor+1","champ:GladiatorsShout","champ:DeathBlow+1"],"picked":"SKIP","floor":32},{"not_picked":["champ:MurderStrike","champ:EnchantCrown","champ:ShieldSlam"],"picked":"champ:HoldFirm","floor":33},{"not_picked":["champ:EndlessRage","champ:Encircle+1","champ:GladiatorStyle","champ:FanOfKnives+1"],"picked":"SKIP","floor":36},{"not_picked":["champ:AdrenalArmor+1","champ:GladiatorsShout+1","champ:HeartStrike"],"picked":"champ:Circumvent+1","floor":37},{"not_picked":["champ:FaceSlap","champ:FlashCut","champ:TornadoPunch+1","champ:BringItOn+1"],"picked":"SKIP","floor":38},{"not_picked":["champ:SwordSigil+1","champ:BerserkerStyle","champ:EndlessRage","champ:Backstep+1"],"picked":"SKIP","floor":39},{"not_picked":["champ:PreciseThrust+1","champ:AdrenalArmor+1","champ:CrookedStrike+1","champ:IronFortress+1"],"picked":"SKIP","floor":42},{"not_picked":["champ:ShieldSigil+1","champ:AdrenalArmor+1","champ:HeartStrike"],"picked":"champ:EnGarde+1","floor":44},{"not_picked":["champ:EnGarde+1","champ:Duel+1","champ:Encircle"],"picked":"champ:FocusedDefense+1","floor":46},{"not_picked":["champ:VampiricStrike","champ:RageSigil+1","champ:Control+1","champ:FocusedGladiator+1"],"picked":"SKIP","floor":47},{"not_picked":["champ:FlashCut+1","champ:DefensiveShout+1","champ:Haymaker+1","champ:ShieldSigil+1"],"picked":"SKIP","floor":49}],"player_experience":138497,"relics_obtained":[{"floor":4,"key":"Kunai"},{"floor":6,"key":"War Paint"},{"floor":7,"key":"champ:SignatureFinisher"},{"floor":9,"key":"Question Card"},{"floor":19,"key":"MutagenicStrength"},{"floor":22,"key":"Dead Branch"},{"floor":24,"key":"White Beast Statue"},{"floor":26,"key":"Shuriken"},{"floor":27,"key":"champ:DefensiveTrainingManual"},{"floor":30,"key":"Smiling Mask"},{"floor":37,"key":"Toxic Egg 2"},{"floor":41,"key":"StoneCalendar"},{"floor":44,"key":"Mummified Hand"}],"event_choices":[{"damage_healed":0,"gold_gain":0,"player_choice":"Box","damage_taken":0,"relics_obtained":["Mercury Hourglass"],"max_hp_gain":0,"max_hp_loss":0,"event_name":"Big Fish","floor":13,"gold_loss":0,"cards_obtained":["Regret"]},{"cards_removed":["champ:Control"],"damage_healed":0,"gold_gain":0,"player_choice":"Removed Skill","damage_taken":0,"max_hp_gain":0,"max_hp_loss":0,"event_name":"Falling","floor":43,"gold_loss":0},{"damage_healed":0,"gold_gain":0,"player_choice":"Upgraded","damage_taken":0,"max_hp_gain":0,"max_hp_loss":0,"event_name":"Upgrade Shrine","floor":45,"gold_loss":0,"cards_upgraded":["champ:HoldFirm"]}],"is_beta":false,"boss_relics":[{"not_picked":["Coffee Dripper","Tiny House"],"picked":"Philosopher\u0027s Stone"},{"not_picked":["Velvet Choker","Calling Bell"],"picked":"champ:ChampionCrownUpgraded"}],"items_purged_floors":[14,21,39,48],"is_endless":false,"potions_floor_spawned":[4,11,15,22,23,27,28,31,32,33,36,37,38,39,42,44,46,47,49],"ascension_level":2}}