{"host":"htqwg582tjjtn9p7","time":1608382741,"event":{"mods":["2.2 Compatiblity","AchievementEnabler","Act Like it!","Aspiration","BaseMod","Better Third Choice","Colored Map","Conspire","Curses Come First","Displayed Cursed Tome","Energized Spire","Force Act Four","GifTheSpireLib","Hermit","Highlight Path","JesterMod","Mad Scientist","Minty Spire (QoL Compilation)","Pale of the Ancients","Permanent Neow","Random Character Button","Relic Stats","Replay The Spire","Robot Space Explorer","Somnambulant","Spicy Shops","Spikes Relics","StSLib","Stuff the Spire","The Blue Laboratory","The Disciple","The Dragon Tamer","The Forsaken","The Gatherer","The Judge","The Jungle","The Runesmith","The Servant 0.9.4"],"gold_per_floor":[118,136,52,52,63,63,95,95,173,173,98,125,125,135,135,209,209,226,226,245,245,259,259,259,259],"floor_reached":23,"playtime":1093,"items_purged":[],"score":348,"play_id":"84ee8d48-4f0f-4e64-a1db-cbb84a2633b6","local_time":"20201219135901","is_ascension_mode":true,"metric_token":2449,"campfire_choices":[{"floor":6,"key":"REST"},{"data":"Gatherer:HeartToFruit","floor":8,"key":"SMITH"},{"data":"Gatherer:Centralize","floor":10,"key":"SMITH"},{"floor":15,"key":"REST"}],"circlet_count":0,"master_deck":["AscendersBane","Gatherer:Strike_Gatherer","Gatherer:Strike_Gatherer","Gatherer:Strike_Gatherer+1","Gatherer:Strike_Gatherer","Gatherer:Defend_Gatherer","Gatherer:Defend_Gatherer","Gatherer:Defend_Gatherer","Gatherer:Defend_Gatherer","Gatherer:Defend_Gatherer","Gatherer:Centralize+1","Gatherer:FlowerWhip","Gatherer:PotentialSlash","Gatherer:PotentialSlash","Gatherer:FragileHammer+1","Gatherer:HeartToFruit+1","Gatherer:TacticalStrike","Gatherer:Transmute","Gatherer:Herbalism","Gatherer:MindSearch","Draining Mist+1","Draining Mist","Gatherer:Centralize+1","PiercingWail"],"relics":["Gatherer:AlchemyBag","Regal Pillow","Replay:Wax Seal","Snack Pack","Eternal Feather","Orichalcum","aspiration:SilentSkillbook"],"acts_visited":["Exordium","TheCity"],"potions_floor_usage":[16,18,18,20],"damage_taken":[{"damage":3,"enemies":"Cultist","floor":1,"turns":4},{"damage":1,"enemies":"Jaw Worm","floor":2,"turns":4},{"damage":0,"enemies":"2 Louse","floor":5,"turns":2},{"damage":26,"enemies":"Gremlin Nob","floor":7,"turns":5},{"damage":40,"enemies":"Lagavulin","floor":12,"turns":6},{"damage":0,"enemies":"Looter","floor":14,"turns":1},{"damage":24,"enemies":"Fading Forest","floor":16,"turns":11},{"damage":18,"enemies":"conspire:FuzzyDice","floor":18,"turns":7},{"damage":18,"enemies":"3 Byrds","floor":20,"turns":6},{"damage":8,"enemies":"Snecko","floor":22,"turns":5},{"damage":36,"enemies":"Gremlin Leader","floor":23,"turns":5}],"seed_played":"-3681979030591779560","potions_obtained":[{"floor":12,"key":"CultistPotion"},{"floor":18,"key":"Regen Potion"},{"floor":19,"key":"DuplicationPotion"},{"floor":22,"key":"blueLaboratory:AbyssPotion"}],"is_trial":false,"path_per_floor":["M","M","$","?","M","R","E","R","T","R","?","E","?","M","R","B",null,"M","?","M","?","M","E"],"character_chosen":"THE_GATHERER","items_purchased":["Replay:Wax Seal","Gatherer:FragileHammer"],"campfire_rested":2,"item_purchase_floors":[3,3],"current_hp_per_floor":[57,56,56,36,36,67,41,41,41,50,50,16,16,18,63,51,66,54,54,57,57,49,15,15,15],"gold":259,"neow_bonus":"RANDOM_COMMON_RELIC","is_daily":false,"chose_seed":false,"campfire_upgraded":2,"win_rate":0.0,"timestamp":1608382741,"path_taken":["M","?","$","?","M","R","E","R","T","R","?","E","?","M","R","BOSS","M","?","?","?","?","E"],"items_purchased_type":["Relic","Card"],"build_version":"2020-12-13","purchased_purges":0,"victory":false,"max_hp_per_floor":[67,67,67,67,67,67,67,67,67,67,67,71,71,71,71,71,71,75,75,79,79,79,79,79,79],"relic_stats":{"Regal Pillow":26,"counters":[11,56],"Eternal Feather":18,"Orichalcum":[132],"obtain_stats":[{"Regal Pillow":0,"Eternal Feather":9,"aspiration:SilentSkillbook":17,"Snack Pack":7,"Replay:Wax Seal":3,"Orichalcum":12,"Gatherer:AlchemyBag":0},{"Regal Pillow":0,"Eternal Feather":4,"aspiration:SilentSkillbook":7,"Snack Pack":4,"Replay:Wax Seal":2,"Orichalcum":5,"Gatherer:AlchemyBag":0},{"Regal Pillow":0,"Eternal Feather":15,"aspiration:SilentSkillbook":33,"Snack Pack":15,"Replay:Wax Seal":8,"Orichalcum":21,"Gatherer:AlchemyBag":0}]},"card_choices":[{"not_picked":["Gatherer:GatherMaterial","Gatherer:DrugPower"],"picked":"Gatherer:PotentialSlash","floor":1},{"not_picked":["Gatherer:FragileHammer","Gatherer:ScentOfRosmari"],"picked":"Gatherer:PotentialSlash","floor":2},{"not_picked":["Gatherer:Snatch","Gatherer:FruitForce"],"picked":"Gatherer:HeartToFruit","floor":5},{"not_picked":["Gatherer:GatherMaterial","Gatherer:Frenzy"],"picked":"Gatherer:TacticalStrike","floor":7},{"not_picked":["Gatherer:SaveValuables","Gatherer:BigPouch"],"picked":"Gatherer:Transmute","floor":12},{"not_picked":["Gatherer:EchoOfNature","Gatherer:GlowingPlant"],"picked":"Gatherer:Herbalism","floor":14},{"not_picked":["Gatherer:ScrollOfPurity","Gatherer:Photoscythe"],"picked":"Gatherer:MindSearch","floor":16},{"not_picked":["Outmaneuver","Gatherer:TreeGrowth","Gatherer:WoolGloves"],"picked":"Draining Mist+1","floor":18},{"not_picked":["Dagger Spray","Gatherer:OddSpoils","Gatherer:Liquidism"],"picked":"Draining Mist","floor":20},{"not_picked":["StuffTheSpire:Python","Gatherer:BambuSword","Phantasmal Killer"],"picked":"PiercingWail","floor":22}],"player_experience":1708985,"relics_obtained":[{"floor":7,"key":"Snack Pack"},{"floor":9,"key":"Eternal Feather"},{"floor":12,"key":"Orichalcum"}],"event_choices":[{"damage_healed":56,"gold_gain":0,"player_choice":"Upgrade","damage_taken":20,"max_hp_gain":0,"max_hp_loss":67,"event_name":"betterThird:BetterShining","floor":4,"gold_loss":0,"cards_upgraded":["Gatherer:Strike_Gatherer","Gatherer:FragileHammer"]},{"cards_removed":["Gatherer:Strike_Gatherer"],"damage_healed":0,"gold_gain":0,"player_choice":"Card Removal","damage_taken":0,"max_hp_gain":0,"max_hp_loss":0,"event_name":"The Cleric","floor":11,"gold_loss":75},{"damage_healed":0,"gold_gain":0,"player_choice":"Got Potions","damage_taken":0,"max_hp_gain":0,"max_hp_loss":0,"event_name":"Lab","floor":19,"gold_loss":0},{"damage_healed":0,"gold_gain":0,"player_choice":"Copied","damage_taken":0,"max_hp_gain":0,"max_hp_loss":0,"event_name":"Duplicator","floor":21,"gold_loss":0,"cards_obtained":["Gatherer:Centralize"]}],"is_beta":false,"boss_relics":[{"not_picked":["aspiration:PoetsPen_weak","Cursed Key"],"picked":"aspiration:SilentSkillbook"}],"items_purged_floors":[],"is_endless":false,"potions_floor_spawned":[12,16,18,22],"killed_by":"Gremlin Leader","ascension_level":15}}