{"host":"kiah4uoohy01p0hv","time":1608394962,"event":{"mods":["BaseMod","Colored Map","Colored Powertips","Conspire","Highlight Path","Hubris","Minty Spire (QoL Compilation)","Permanent Neow","Replay The Spire","Spikes Relics","StSLib"],"gold_per_floor":[118,5,32,32,45,85,85,99,99,115,115,139,174,13,13,13,13],"floor_reached":16,"playtime":1569,"items_purged":[],"score":110,"play_id":"63bd7261-7241-4c52-a45e-08e4bda6aaa4","local_time":"20201220022242","is_ascension_mode":false,"campfire_choices":[{"floor":11,"key":"REST"}],"circlet_count":0,"master_deck":["Strike_B","Strike_B","Strike_B","Strike_B","Defend_B","Defend_B","Defend_B","Defend_B","Zap","Dualcast","hubris:SpecializedCircuitry","Sweeping Beam","Static Discharge","Go for the Eyes+1","Storm","BasicCrystalCard","Leap","Redo","Time Bomb","Creative AI"],"relics":["Cracked Core","hubris:DeckOfHolding","Golden Idol","Ancient Tea Set","RoseTintedShades","ShockBauble","hubris:BallOfYels"],"acts_visited":["Exordium"],"potions_floor_usage":[3,6,16,16],"damage_taken":[{"damage":6,"enemies":"Jaw Worm","floor":1,"turns":3},{"damage":16,"enemies":"conspire:MimicChest","floor":3,"turns":4},{"damage":4,"enemies":"conspire:RoseBush","floor":5,"turns":2},{"damage":23,"enemies":"Gremlin Nob","floor":6,"turns":4},{"damage":5,"enemies":"2 Louse","floor":8,"turns":3},{"damage":5,"enemies":"conspire:2 RoseBushes","floor":10,"turns":4},{"damage":17,"enemies":"Exordium Thugs","floor":12,"turns":5},{"damage":16,"enemies":"Replay:BlueRogue","floor":13,"turns":4},{"damage":7,"enemies":"The Guardian","floor":16,"turns":5}],"seed_played":"-5685065268595399609","potions_obtained":[{"floor":1,"key":"SneckoOil"},{"floor":3,"key":"FocusPotion"},{"floor":15,"key":"SteroidPotion"},{"floor":15,"key":"LiquidMemories"}],"is_trial":false,"path_per_floor":["M","$","?","?","M","E","T","M","T","M","R","M","E","$","R_BF","B"],"character_chosen":"DEFECT","items_purchased":["Static Discharge","Go for the Eyes+1","Creative AI"],"campfire_rested":1,"item_purchase_floors":[2,2,14],"current_hp_per_floor":[69,69,53,53,49,26,26,21,21,16,36,19,3,3,3,0,0],"gold":13,"neow_bonus":"ONE_RANDOM_RARE_CARD","is_daily":false,"chose_seed":false,"campfire_upgraded":0,"win_rate":0.0,"timestamp":1608394962,"path_taken":["M","$","?","?","M","E","?","?","T","M","R","M","E","$","R_BF","BOSS"],"items_purchased_type":["Card","Card","Card"],"build_version":"2020-12-13","purchased_purges":0,"victory":false,"max_hp_per_floor":[75,75,75,69,69,69,69,69,69,69,69,69,69,69,69,69,69],"card_choices":[{"not_picked":["Reinforced Body","Cold Snap"],"picked":"Sweeping Beam","floor":1},{"not_picked":["ReplayTheSpireMod:System Scan","Streamline"],"picked":"Storm","floor":3},{"not_picked":["Turbo","Redo"],"picked":"BasicCrystalCard","floor":5},{"not_picked":["hubris:PowerSurge","Barrage"],"picked":"Leap","floor":6},{"not_picked":["Reprogram","Cold Snap","Rebound"],"picked":"SKIP","floor":8},{"not_picked":["Sunder","Steam Power"],"picked":"Redo","floor":10},{"not_picked":["hubris:Prefetch","Panic Button"],"picked":"Time Bomb","floor":12},{"not_picked":["Genetic Algorithm","Rebound","Steam"],"picked":"SKIP","floor":13}],"player_experience":188263,"relics_obtained":[{"floor":3,"key":"hubris:DeckOfHolding"},{"floor":6,"key":"Ancient Tea Set"},{"floor":7,"key":"RoseTintedShades"},{"floor":9,"key":"ShockBauble"},{"floor":13,"key":"hubris:BallOfYels"}],"event_choices":[{"damage_healed":0,"gold_gain":0,"player_choice":"Lose Max HP","damage_taken":0,"relics_obtained":["Golden Idol"],"max_hp_gain":0,"max_hp_loss":6,"event_name":"Golden Idol","floor":4,"gold_loss":0}],"is_beta":false,"boss_relics":[],"items_purged_floors":[],"is_endless":false,"potions_floor_spawned":[1,3,5],"killed_by":"The Guardian","ascension_level":0}}