{"host":"gluah3fg3437e73p","time":1608397778,"event":{"mods":["AchievementEnabler","Act Like it!","BaseMod","Highlight Path","Minty Spire (QoL Compilation)","StSLib"],"gold_per_floor":[114,289,72,87,102,102,145,145,145,160,190,12,51,75,75,184,184,208,5,29,53,77,77,116,215,215,254,278,278,317,341,341,450,450,474,498,498,498,522,522,561,585,585,624,660,210,249,273,273,273],"floor_reached":51,"playtime":6779,"items_purged":["Doubt"],"score":982,"play_id":"6d81728f-5998-4e60-8059-29827159627a","local_time":"20201220010938","daily_mods":["Draft","Uncertain Future","Elite Swarm"],"is_ascension_mode":false,"campfire_choices":[{"data":"Whirlwind","floor":6.0,"key":"SMITH"},{"data":"Armaments","floor":8.0,"key":"SMITH"},{"floor":15.0,"key":"REST"},{"floor":23.0,"key":"REST"},{"data":"Barricade","floor":29.0,"key":"SMITH"},{"floor":32.0,"key":"REST"},{"data":"Armaments","floor":40.0,"key":"SMITH"},{"floor":49,"key":"REST"}],"circlet_count":0,"master_deck":["Sword Boomerang","Shrug It Off","Rampage","Cleave","Flex","Cleave","Clothesline","Pommel Strike","Headbutt","Pommel Strike","Sword Boomerang","Whirlwind+1","Battle Trance","Armaments+1","Armaments+1","Anger","Inflame","Sword Boomerang","Shrug It Off+1","Anger","Perfected Strike","Barricade+1","Entrench+1","Feed","Metallicize","Juggernaut","Feed","Clothesline","Seeing Red","Shrug It Off+1","Demon Form","Impervious","Headbutt+1","Berserk","Metallicize","Offering","Armaments+1","Clothesline+1","Blood for Blood","Bludgeon","Battle Trance+1","Limit Break","Iron Wave+1","Juggernaut+1","Heavy Blade+1"],"relics":["Burning Blood","ClockworkSouvenir","Calipers","Incense Burner","Vajra","CeramicFish","Bottled Flame","SlaversCollar","Potion Belt","Shuriken","War Paint","Oddly Smooth Stone","Black Star","White Beast Statue","InkBottle","Frozen Egg 2","Turnip","Bird Faced Urn","StoneCalendar","Lizard Tail","Blood Vial","The Courier","Du-Vu Doll"],"acts_visited":["Exordium","TheCity","TheBeyond"],"potions_floor_usage":[50,50,50],"damage_taken":[{"damage":0.0,"enemies":"Small Slimes","floor":1.0,"turns":3.0},{"damage":0.0,"enemies":"2 Louse","floor":4.0,"turns":1.0},{"damage":8.0,"enemies":"Jaw Worm","floor":5.0,"turns":2.0},{"damage":21.0,"enemies":"Lagavulin Event","floor":7.0,"turns":5.0},{"damage":0.0,"enemies":"Gremlin Gang","floor":10.0,"turns":2.0},{"damage":12.0,"enemies":"Gremlin Nob","floor":11.0,"turns":4.0},{"damage":13.0,"enemies":"3 Sentries","floor":13.0,"turns":4.0},{"damage":12.0,"enemies":"Blue Slaver","floor":14.0,"turns":3.0},{"damage":0.0,"enemies":"Slime Boss","floor":16.0,"turns":14.0},{"damage":21.0,"enemies":"Spheric Guardian","floor":18.0,"turns":6.0},{"damage":9.0,"enemies":"2 Thieves","floor":20.0,"turns":5.0},{"damage":22.0,"enemies":"Snake Plant","floor":21.0,"turns":4.0},{"damage":25.0,"enemies":"Centurion and Healer","floor":22.0,"turns":11.0},{"damage":0.0,"enemies":"Slavers","floor":24.0,"turns":2.0},{"damage":20.0,"enemies":"Gremlin Leader","floor":27.0,"turns":4.0},{"damage":6.0,"enemies":"3 Cultists","floor":28.0,"turns":3.0},{"damage":27.0,"enemies":"Slavers","floor":30.0,"turns":5.0},{"damage":10.0,"enemies":"Sentry and Sphere","floor":31.0,"turns":3.0},{"damage":10.0,"enemies":"Champ","floor":33.0,"turns":8.0},{"damage":24.0,"enemies":"3 Shapes","floor":35.0,"turns":2.0},{"damage":17.0,"enemies":"Orb Walker","floor":36.0,"turns":5.0},{"damage":11.0,"enemies":"4 Shapes","floor":39.0,"turns":7.0},{"damage":1.0,"enemies":"Giant Head","floor":41.0,"turns":9.0},{"damage":18.0,"enemies":"Maw","floor":42.0,"turns":10.0},{"damage":27.0,"enemies":"Reptomancer","floor":44.0,"turns":7.0},{"damage":38.0,"enemies":"2 Orb Walkers","floor":45.0,"turns":4.0},{"damage":8.0,"enemies":"Giant Head","floor":47.0,"turns":7.0},{"damage":10,"enemies":"Spire Growth","floor":48,"turns":7},{"damage":127,"enemies":"Awakened One","floor":50,"turns":11}],"seed_played":"-2908382401684788831","potions_obtained":[{"floor":4.0,"key":"Explosive Potion"},{"floor":10.0,"key":"SmokeBomb"},{"floor":13.0,"key":"Swift Potion"},{"floor":14.0,"key":"Explosive Potion"},{"floor":20.0,"key":"ElixirPotion"},{"floor":21.0,"key":"FairyPotion"},{"floor":30.0,"key":"BloodPotion"},{"floor":33.0,"key":"EssenceOfSteel"},{"floor":41.0,"key":"ElixirPotion"},{"floor":42.0,"key":"Weak Potion"},{"floor":44.0,"key":"BlessingOfTheForge"},{"floor":45.0,"key":"ColorlessPotion"},{"floor":47.0,"key":"SteroidPotion"},{"floor":48,"key":"BloodPotion"}],"is_trial":false,"path_per_floor":["M","?","$","M","M","R","?","R","T","M","E","$","E","M","R","B",null,"M","$","M","M","M","R","E","?","T","E","M","R","E","M","R","B",null,"M","M","?","?","M","R","E","M","T","E","?","$","E","M","R","B",null],"character_chosen":"IRONCLAD","items_purchased":["ClockworkSouvenir","Inflame","CeramicFish","Entrench","Feed","Lizard Tail","Blood Vial"],"campfire_rested":4,"item_purchase_floors":[3,3,12,12,19,46,46],"current_hp_per_floor":[80,80,80,80,78,78,63,63,63,69,63,63,56,53,77,87,87,76,76,79,67,51,82,91,91,91,80,83,83,68,87,119,115,119,104,93,93,93,96,96,101,93,93,75,47,47,59,67,108,34],"gold":273,"neow_bonus":"","is_daily":true,"chose_seed":false,"campfire_upgraded":4,"win_rate":0.0,"timestamp":1608397778,"path_taken":["M","?","$","M","M","R","?","R","T","M","E","?","E","M","R","BOSS","M","$","?","?","M","R","E","?","T","E","M","R","E","M","R","BOSS","M","M","?","?","M","R","E","M","T","E","?","$","E","M","R","BOSS"],"items_purchased_type":["Relic","Card","Relic","Card","Card","Relic","Relic"],"build_version":"2020-12-13","purchased_purges":1,"victory":true,"max_hp_per_floor":[80,80,80,80,80,80,80,80,80,80,80,80,80,83,83,87,87,91,91,97,101,104,104,107,107,107,110,113,113,119,119,119,119,119,122,122,122,122,130,130,130,134,134,137,137,137,137,137,137,140],"card_choices":[{"not_picked":["Havoc","Body Slam"],"picked":"Sword Boomerang","floor":0.0},{"not_picked":["Sword Boomerang","Havoc"],"picked":"Shrug It Off","floor":0.0},{"not_picked":["Flex","Combust"],"picked":"Rampage","floor":0.0},{"not_picked":["Power Through","Sword Boomerang"],"picked":"Cleave","floor":0.0},{"not_picked":["Wild Strike","Thunderclap"],"picked":"Flex","floor":0.0},{"not_picked":["Iron Wave","Clash"],"picked":"Cleave","floor":0.0},{"not_picked":["Power Through","Thunderclap"],"picked":"Clothesline","floor":0.0},{"not_picked":["Cleave","Evolve"],"picked":"Pommel Strike","floor":0.0},{"not_picked":["Clash","Twin Strike"],"picked":"Headbutt","floor":0.0},{"not_picked":["Headbutt","Pummel"],"picked":"Pommel Strike","floor":0.0},{"not_picked":["Shockwave","Warcry"],"picked":"Sword Boomerang","floor":0.0},{"not_picked":["Blood for Blood","Clash"],"picked":"Whirlwind","floor":0.0},{"not_picked":["Power Through","Clothesline"],"picked":"Battle Trance","floor":0.0},{"not_picked":["Shrug It Off","Ghostly Armor"],"picked":"Armaments","floor":0.0},{"not_picked":["Warcry","Pommel Strike"],"picked":"Armaments","floor":0.0},{"not_picked":["Iron Wave","Blood for Blood"],"picked":"Anger","floor":1.0},{"not_picked":["Blood for Blood","Cleave"],"picked":"Sword Boomerang","floor":4.0},{"not_picked":["Sentinel","Clothesline"],"picked":"Shrug It Off","floor":5.0},{"not_picked":["Power Through","Pommel Strike"],"picked":"Anger","floor":7.0},{"not_picked":["Sentinel","Armaments"],"picked":"Perfected Strike","floor":10.0},{"not_picked":["Double Tap","Berserk"],"picked":"Barricade","floor":11.0},{"not_picked":["Berserk","Immolate"],"picked":"Feed","floor":13.0},{"not_picked":["Uppercut","Sword Boomerang"],"picked":"Metallicize","floor":14.0},{"not_picked":["Barricade","Demon Form"],"picked":"Juggernaut","floor":16.0},{"not_picked":["Perfected Strike+1","Sever Soul+1"],"picked":"Iron Wave+1","floor":18.0},{"not_picked":["Hemokinesis","Rupture"],"picked":"Clothesline","floor":20.0},{"not_picked":["Wild Strike","Pommel Strike"],"picked":"Seeing Red","floor":21.0},{"not_picked":["Flex","Evolve"],"picked":"Shrug It Off+1","floor":22.0},{"not_picked":["Reaper","Double Tap"],"picked":"Demon Form","floor":24.0},{"not_picked":["Limit Break","Berserk"],"picked":"Impervious","floor":27.0},{"not_picked":["Rupture","Wild Strike"],"picked":"Headbutt+1","floor":28.0},{"not_picked":["Double Tap","Corruption"],"picked":"Berserk","floor":30.0},{"not_picked":["Iron Wave","Pommel Strike"],"picked":"Metallicize","floor":31.0},{"not_picked":["Demon Form","Corruption"],"picked":"Offering","floor":33.0},{"not_picked":["Disarm+1","Cleave+1"],"picked":"Armaments+1","floor":35.0},{"not_picked":["Evolve+1","Sever Soul+1"],"picked":"Clothesline+1","floor":36.0},{"not_picked":["Rupture","Clothesline"],"picked":"Blood for Blood","floor":39.0},{"not_picked":["Brutality","Fiend Fire"],"picked":"Bludgeon","floor":41.0},{"not_picked":["Perfected Strike","Cleave"],"picked":"Battle Trance+1","floor":42.0},{"not_picked":["Brutality+1","Barricade+1"],"picked":"Limit Break","floor":44.0},{"not_picked":["Cleave","Clothesline+1"],"picked":"Iron Wave+1","floor":45.0},{"not_picked":["Fiend Fire","Barricade+1"],"picked":"Juggernaut+1","floor":47.0},{"not_picked":["Perfected Strike+1","Headbutt"],"picked":"Heavy Blade+1","floor":48}],"player_experience":54246,"relics_obtained":[{"floor":7.0,"key":"Calipers"},{"floor":9.0,"key":"Incense Burner"},{"floor":11.0,"key":"Vajra"},{"floor":13.0,"key":"Bottled Flame"},{"floor":24.0,"key":"Potion Belt"},{"floor":26.0,"key":"Shuriken"},{"floor":27.0,"key":"War Paint"},{"floor":30.0,"key":"Oddly Smooth Stone"},{"floor":41.0,"key":"White Beast Statue"},{"floor":41.0,"key":"InkBottle"},{"floor":43.0,"key":"Frozen Egg 2"},{"floor":44.0,"key":"Turnip"},{"floor":44.0,"key":"Bird Faced Urn"},{"floor":45.0,"key":"StoneCalendar"},{"floor":47.0,"key":"The Courier"},{"floor":47.0,"key":"Du-Vu Doll"}],"event_choices":[{"damage_healed":0.0,"max_hp_gain":0.0,"max_hp_loss":0.0,"gold_gain":175.0,"event_name":"Liars Game","player_choice":"AGREE","floor":2.0,"gold_loss":0.0,"damage_taken":0.0,"cards_obtained":["Doubt"]},{"damage_healed":0.0,"max_hp_gain":0.0,"max_hp_loss":0.0,"gold_gain":0.0,"event_name":"Dead Adventurer","player_choice":"Searched \u00272\u0027 times","floor":7.0,"gold_loss":0.0,"damage_taken":0.0},{"damage_healed":0.0,"max_hp_gain":0.0,"max_hp_loss":0.0,"gold_gain":99.0,"event_name":"Nest","player_choice":"Stole From Cult","floor":25.0,"gold_loss":0.0,"damage_taken":0.0},{"cards_removed":["Iron Wave"],"damage_healed":0.0,"max_hp_gain":0.0,"max_hp_loss":0.0,"gold_gain":0.0,"event_name":"Falling","player_choice":"Removed Attack","floor":37.0,"gold_loss":0.0,"damage_taken":0.0},{"damage_healed":0.0,"max_hp_gain":0.0,"max_hp_loss":0.0,"gold_gain":0.0,"event_name":"Tomb of Lord Red Mask","player_choice":"Ignored","floor":38.0,"gold_loss":0.0,"damage_taken":0.0},{"damage_healed":0.0,"max_hp_gain":0.0,"max_hp_loss":0.0,"gold_gain":0.0,"event_name":"Mysterious Sphere","player_choice":"Fight","floor":45.0,"gold_loss":0.0,"damage_taken":0.0}],"is_beta":false,"boss_relics":[{"not_picked":["Snecko Eye","Velvet Choker"],"picked":"SlaversCollar"},{"not_picked":["Black Blood","Calling Bell"],"picked":"Black Star"}],"items_purged_floors":[19],"is_endless":false,"potions_floor_spawned":[4,10,13,14,20,21,30,33,41,42,44,45,47,48],"ascension_level":0}}