{"host":"51fyd6gkml7xavq8","time":1608413796,"event":{"mods":["BaseMod","BetterRewards","Colored Map","Energized Spire","Infinite Spire","Minty Spire (QoL Compilation)","Replay The Spire","Shop Mod","Spicy Shops","StSLib","The Blue Laboratory","[IsaacMod]????"],"gold_per_floor":[111,111,178,194,135,147,219,219,244,294,364,434,454,465,465,562,579,597,615,631,631,631],"floor_reached":21,"playtime":1275,"items_purged":["Strike_R"],"score":319,"play_id":"1bd11df8-77c9-4f4f-867e-763b523dada9","local_time":"20201219183636","is_ascension_mode":true,"campfire_choices":[{"data":"infinitespire:OneForAll","floor":8.0,"key":"SMITH"},{"data":"Inflame","floor":15.0,"key":"SMITH"}],"circlet_count":0,"master_deck":["Strike_R","Strike_R","Strike_R","Strike_R","Defend_R","Defend_R","Defend_R","Defend_R","Bash","Anger","Metallicize+1","infinitespire:OneForAll+1","Inflame+1","Juggernaut"],"relics":["Black Blood","HushsDoor","MerchantsRug","Ice Cream","SsserpentHead","Odd Mushroom","ReplayFunnel"],"acts_visited":["Exordium","TheCity"],"potions_floor_usage":[16,16,20],"damage_taken":[{"damage":4.0,"enemies":"Jaw Worm","floor":1.0,"turns":4.0},{"damage":18.0,"enemies":"infinitespire:Voidling","floor":3.0,"turns":4.0},{"damage":1.0,"enemies":"Cultist","floor":4.0,"turns":3.0},{"damage":16.0,"enemies":"Exordium Wildlife","floor":6.0,"turns":5.0},{"damage":32.0,"enemies":"The Mushroom Lair","floor":7.0,"turns":6.0},{"damage":4.0,"enemies":"Blue Slaver","floor":11.0,"turns":5.0},{"damage":17.0,"enemies":"Lots of Slimes","floor":12.0,"turns":4.0},{"damage":4.0,"enemies":"3 Louse","floor":13.0,"turns":4.0},{"damage":8.0,"enemies":"Exordium Wildlife","floor":14.0,"turns":3.0},{"damage":18,"enemies":"The Guardian","floor":16,"turns":10},{"damage":20,"enemies":"Spheric Guardian","floor":18,"turns":4},{"damage":35,"enemies":"Shell Parasite","floor":19,"turns":6},{"damage":35,"enemies":"Snake Plant","floor":20,"turns":3},{"damage":30,"enemies":"Centurion and Healer","floor":21,"turns":3}],"seed_played":"8265282937598999972","potions_obtained":[{"floor":1.0,"key":"ColorlessPotion"},{"floor":7.0,"key":"FearPotion"},{"floor":12.0,"key":"AttackPotion"},{"floor":13.0,"key":"blueLaboratory:BubblePotion"},{"floor":14.0,"key":"FearPotion"},{"floor":16,"key":"Explosive Potion"},{"floor":19,"key":"SkillPotion"},{"floor":20,"key":"SteroidPotion"}],"is_trial":false,"path_per_floor":["M","?","M","M","$","M","?","R","T","?","M","M","M","M","R","B",null,"M","M","M","M"],"character_chosen":"IRONCLAD","items_purchased":["MerchantsRug","Ice Cream"],"campfire_rested":0,"item_purchase_floors":[0,0],"current_hp_per_floor":[67,67,64,69,69,59,33,33,33,33,35,24,26,24,24,12,80,72,49,26,0,0],"gold":631,"neow_bonus":"","is_daily":false,"chose_seed":false,"campfire_upgraded":2,"win_rate":0.0,"timestamp":1608413796,"path_taken":["M","?","?","M","$","M","?","R","T","?","?","?","M","M","R","BOSS","M","M","M","M"],"items_purchased_type":["Relic","Relic"],"build_version":"2020-12-13","purchased_purges":1,"victory":false,"max_hp_per_floor":[80,80,80,80,80,80,80,80,80,80,80,80,80,80,80,80,80,80,80,80,80,80],"card_choices":[{"not_picked":["Clothesline","ReplayTheSpireMod:Strike From Hell","Clash"],"picked":"SKIP","floor":1.0},{"not_picked":["Heavy Blade","Pommel Strike"],"picked":"Anger","floor":3.0},{"not_picked":["Shrug It Off","Clothesline"],"picked":"Metallicize","floor":4.0},{"not_picked":["Iron Wave","Sever Soul","Thunderclap"],"picked":"SKIP","floor":6.0},{"not_picked":["Immolate","Dropkick"],"picked":"infinitespire:OneForAll","floor":7.0},{"not_picked":["Thunderclap","Spot Weakness"],"picked":"Bomb","floor":11.0},{"not_picked":["Twin Strike","Clothesline"],"picked":"Bomb","floor":12.0},{"not_picked":["Replay:Undeath\u0027s Touch","Wild Strike","Reckless Charge"],"picked":"SKIP","floor":13.0},{"not_picked":["Thunderclap","Twin Strike"],"picked":"Inflame","floor":14.0},{"not_picked":["Feed","Fiend Fire"],"picked":"Juggernaut","floor":16},{"not_picked":["Headbutt","Intimidate","Perfected Strike"],"picked":"SKIP","floor":18},{"not_picked":["Cleave+1","Fire Breathing","Clothesline"],"picked":"SKIP","floor":19},{"not_picked":["Replay:Undeath\u0027s Touch","Dual Wield","Run Through+1"],"picked":"SKIP","floor":20}],"player_experience":404493,"relics_obtained":[{"floor":7.0,"key":"Odd Mushroom"},{"floor":9.0,"key":"ReplayFunnel"}],"event_choices":[{"damage_healed":0.0,"max_hp_gain":0.0,"max_hp_loss":0.0,"gold_gain":0.0,"event_name":"FaceTrader","player_choice":"Trade","floor":2.0,"gold_loss":0.0,"damage_taken":0.0,"relics_obtained":["SsserpentHead"]},{"damage_healed":0.0,"max_hp_gain":0.0,"max_hp_loss":0.0,"gold_gain":0.0,"event_name":"Mushrooms","player_choice":"Fought Mushrooms","floor":7.0,"gold_loss":0.0,"damage_taken":0.0},{"damage_healed":0.0,"max_hp_gain":0.0,"max_hp_loss":0.0,"gold_gain":0.0,"event_name":"Living Wall","player_choice":"Grow","floor":10.0,"gold_loss":0.0,"damage_taken":0.0,"cards_upgraded":["Metallicize"]}],"is_beta":false,"boss_relics":[{"not_picked":["Philosopher\u0027s Stone","ChampionBelt"],"picked":"Black Blood"},{"not_picked":[]}],"items_purged_floors":[5],"is_endless":false,"potions_floor_spawned":[1,7,12,13,14,16,19,20],"killed_by":"Centurion and Healer","ascension_level":3}}