{"host":"vxxgntm1odai56nh","time":1608387809,"event":{"mods":["AchievementEnabler","BaseMod","Colored Map","Colored Powertips","Highlight Path","Minty Spire (QoL Compilation)","Permanent Neow","Rare Cards Sparkle","Relic Stats","StSLib"],"gold_per_floor":[212,162,162,53,68,95,114,125,149,174,186,186],"floor_reached":11,"playtime":341,"items_purged":[],"score":86,"play_id":"286defec-d6ad-47d4-8419-119a08b57d4a","local_time":"20201219092329","is_ascension_mode":true,"campfire_choices":[],"circlet_count":0,"master_deck":["Strike_B","Strike_B","Strike_B","Defend_B","Defend_B","Defend_B+1","Defend_B","Zap+1","Dualcast","Ball Lightning","Doom and Gloom","Chill","Redo","Darkness","Streamline","Loop"],"relics":["Cracked Core","Centennial Puzzle","MawBank"],"acts_visited":["Exordium"],"potions_floor_usage":[8,11],"damage_taken":[{"damage":3,"enemies":"2 Louse","floor":1,"turns":2},{"damage":4,"enemies":"Jaw Worm","floor":5,"turns":2},{"damage":15,"enemies":"Lagavulin","floor":6,"turns":5},{"damage":0,"enemies":"Cultist","floor":7,"turns":2},{"damage":15,"enemies":"Large Slime","floor":8,"turns":5},{"damage":0,"enemies":"3 Louse","floor":10,"turns":2},{"damage":41,"enemies":"Gremlin Nob","floor":11,"turns":3}],"seed_played":"6617545441528508774","potions_obtained":[{"floor":1,"key":"SkillPotion"},{"floor":5,"key":"Energy Potion"},{"floor":7,"key":"ColorlessPotion"}],"is_trial":false,"path_per_floor":["M","?","?","$","M","E","M","M","T","M","E"],"character_chosen":"DEFECT","items_purchased":["Doom and Gloom","Chill"],"campfire_rested":0,"item_purchase_floors":[4,4],"current_hp_per_floor":[72,72,57,57,53,38,38,23,23,23,0,0],"gold":186,"neow_bonus":"HUNDRED_GOLD","is_daily":false,"chose_seed":false,"campfire_upgraded":0,"win_rate":0.0,"timestamp":1608387809,"path_taken":["M","?","?","$","M","E","M","M","T","?","E"],"items_purchased_type":["Card","Card"],"build_version":"2020-12-13","purchased_purges":0,"victory":false,"max_hp_per_floor":[75,75,75,75,75,75,75,75,75,75,75,75],"relic_stats":{"Centennial Puzzle":[6],"counters":[7,21],"MawBank":24,"obtain_stats":[{"Centennial Puzzle":6,"Cracked Core":0,"MawBank":9},{"Centennial Puzzle":3,"Cracked Core":0,"MawBank":5},{"Centennial Puzzle":9,"Cracked Core":0,"MawBank":16}]},"card_choices":[{"not_picked":["Double Energy","Aggregate"],"picked":"Ball Lightning","floor":1},{"not_picked":["Chaos","Rebound"],"picked":"Redo","floor":5},{"not_picked":["Leap","Storm"],"picked":"Darkness","floor":6},{"not_picked":["Stack","Reprogram"],"picked":"Streamline","floor":7},{"not_picked":["Ball Lightning","Cold Snap","Fusion"],"picked":"SKIP","floor":8},{"not_picked":["Storm","Sweeping Beam"],"picked":"Loop","floor":10}],"player_experience":131946,"relics_obtained":[{"floor":6,"key":"Centennial Puzzle"},{"floor":9,"key":"MawBank"}],"event_choices":[{"cards_removed":["Strike_B"],"damage_healed":0,"gold_gain":0,"player_choice":"Card Removal","damage_taken":0,"max_hp_gain":0,"max_hp_loss":0,"event_name":"The Cleric","floor":2,"gold_loss":50},{"damage_healed":0,"gold_gain":0,"player_choice":"Entered Light","damage_taken":15,"max_hp_gain":0,"max_hp_loss":0,"event_name":"Shining Light","floor":3,"gold_loss":0,"cards_upgraded":["Zap","Defend_B"]}],"is_beta":false,"boss_relics":[],"items_purged_floors":[],"is_endless":false,"potions_floor_spawned":[1,5,7],"killed_by":"Gremlin Nob","ascension_level":3}}