{"host":"mal0jdk4f6ubgyb8","time":1608369695,"event":{"mods":["BaseMod","KinomotoSakuraMod(木之本樱)","Koishi","Luminous","Marisa（F雨　魔理沙）","Minty Spire (QoL Compilation)","Quick Restart","Reimu（博丽灵梦）","Relic Stats","Remilia（蕾米莉亚）","StSLib","WarShipGirlsR/战舰少女R mod","Youmu（魂魄妖梦）","Yuri Mod","Yuyuko","【东方二次创作】八云紫mod"],"gold_per_floor":[118,20,33,48,223,223,223],"floor_reached":6,"playtime":226,"items_purged":["Faramita\u0027s Temptation"],"score":36,"play_id":"1299fcbd-3b33-4b21-b4dd-43de1937bb60","local_time":"20201219172135","is_ascension_mode":false,"campfire_choices":[],"circlet_count":0,"master_deck":["Fantasy Butterflies","Fantasy Butterflies","Fantasy Butterflies","Fantasy Butterflies","Fantasy Butterflies","Dreamy Sakura","Dreamy Sakura","Dreamy Sakura","Dreamy Sakura","Dreamy Sakura","Deathly Ground","Elegance","Bloom","Sweet of Phantom","Fondling of Papilio","Doubt"],"relics":["Coronal","Yuyuko\u0027s fan","NeowsBlessing"],"acts_visited":["Exordium"],"potions_floor_usage":[],"damage_taken":[{"damage":1.0,"enemies":"Small Slimes","floor":1.0,"turns":1.0},{"damage":1.0,"enemies":"Jaw Worm","floor":3.0,"turns":1.0},{"damage":1.0,"enemies":"Cultist","floor":4.0,"turns":1.0},{"damage":0,"enemies":"Gremlin Nob","floor":6,"turns":1}],"seed_played":"-8562784826516093996","potions_obtained":[{"floor":3.0,"key":"Firefly"}],"is_trial":false,"path_per_floor":["M","$","M","M","?","E"],"character_chosen":"YUYOKO","items_purchased":["Bloom"],"campfire_rested":0,"item_purchase_floors":[2],"current_hp_per_floor":[39,39,38,37,37,37,37],"gold":223,"neow_bonus":"THREE_ENEMY_KILL","is_daily":false,"chose_seed":false,"campfire_upgraded":0,"win_rate":0.0,"timestamp":1608369695,"path_taken":["M","$","M","M","?","E"],"items_purchased_type":["Card"],"build_version":"2020-12-13","purchased_purges":1,"victory":false,"max_hp_per_floor":[40,40,40,40,40,40,40],"relic_stats":{"counters":[4,4],"obtain_stats":[{"Yuyuko\u0027s fan":0,"NeowsBlessing":0,"Coronal":0},{"Yuyuko\u0027s fan":0,"NeowsBlessing":0,"Coronal":0},{"Yuyuko\u0027s fan":0,"NeowsBlessing":0,"Coronal":0}]},"card_choices":[{"not_picked":["Gone","Triple Snow"],"picked":"Elegance","floor":1.0},{"not_picked":["The Forgotten Winter","Stifle"],"picked":"Sweet of Phantom","floor":3.0},{"not_picked":["Unborn Light","Ghostdom Sakura"],"picked":"Fondling of Papilio","floor":4.0}],"player_experience":248123,"relics_obtained":[],"event_choices":[{"damage_healed":0.0,"max_hp_gain":0.0,"max_hp_loss":0.0,"gold_gain":175.0,"event_name":"Liars Game","player_choice":"AGREE","floor":5.0,"gold_loss":0.0,"damage_taken":0.0,"cards_obtained":["Doubt"]}],"is_beta":false,"boss_relics":[],"items_purged_floors":[2],"is_endless":false,"potions_floor_spawned":[3],"killed_by":"Gremlin Nob","ascension_level":0}}