{"host":"jzehok24c0182h89","time":1608356678,"event":{"mods":["Bard","BaseMod","Colored Map","Colored Powertips","Downfall","Hermit","Marisa????????","Minty Spire (QoL Compilation)","Random Character Button","Shade Mod","StSLib","The Alterego","The Blackbeard","The Bug Knight","The Construct","The Cursed","The Disciple","The Hierophant","The Necromancer","The Servant 0.9.4"],"gold_per_floor":[112,128,128,128,146,179,179,179,179,192,207,382,33,68,68,164,164,178,189,189,41,41,41,54,79,79,94,194,211,246,259,259,358,358,371,107,107,107,117,152,171,202,202,227,239,239,239,256,256,256,256,256,6,34,34],"floor_reached":56,"playtime":6133,"items_purged":["Doubt","construct:Strike_Gold","construct:Strike_Gold"],"score":1312,"play_id":"5eac3eeb-b85b-44b2-bd87-23e177e6a40d","local_time":"20201219004438","is_ascension_mode":false,"campfire_choices":[{"data":"construct:ShiftGuard","floor":8,"key":"SMITH"},{"data":"construct:ShiftingStance","floor":15,"key":"SMITH"},{"floor":23,"key":"RECALL"},{"floor":32,"key":"REST"},{"floor":46,"key":"REST"},{"floor":49,"key":"REST"},{"floor":52,"key":"REST"}],"circlet_count":0,"master_deck":["construct:Strike_Gold+1","construct:Defend_Gold+1","construct:Defend_Gold","construct:Defend_Gold","construct:Defend_Gold","construct:Defend_Gold","construct:AttackMode","construct:DefenseMode","construct:Autoturret","construct:Versatility","construct:VentSteam","construct:ShiftingStance+1","construct:Construct_Overclock","construct:SweepLaser","construct:OneWayMirror","construct:ShiftGuard+1","construct:Reinforce","construct:Versatility","construct:Stasis+2","construct:SaveState","Master of Strategy","construct:Boost","construct:ScrapCannon","construct:GatlingGun","construct:Reserves","construct:Versatility","construct:UnbalancingBlast+1","construct:Versatility","construct:ModeShift","construct:Boost+1","construct:GatlingGun+1","construct:SuppressiveFire+1","expansioncontent:DefensiveStance","expansioncontent:Corrupt","Finesse","construct:Hazardproof+1","construct:SpinDrive"],"relics":["Sozu","construct:FoamFinger","Bottled Lightning","Membership Card","Matryoshka","Fusion Hammer","alterego_mod:SomeoneToFightFor","ClockworkSouvenir","Pen Nib","construct:MasterCore","Darkstone Periapt","Molten Egg 2","StoneCalendar","HollowMod:LifeEnderRelic","Singing Bowl","construct:WeddingRing","Medical Kit","construct:MegaBattery","Turnip","Vajra","HollowMod:StagPassRelic","Lantern","Bronze Scales","Blue Candle"],"acts_visited":["Exordium","TheCity","TheBeyond","TheEnding"],"potions_floor_usage":[],"damage_taken":[{"damage":0,"enemies":"2 Louse","floor":1,"turns":4},{"damage":0,"enemies":"Small Slimes","floor":2,"turns":6},{"damage":1,"enemies":"Jaw Worm","floor":5,"turns":5},{"damage":9,"enemies":"Gremlin Nob","floor":6,"turns":5},{"damage":5,"enemies":"2 Fungi Beasts","floor":10,"turns":5},{"damage":0,"enemies":"Blue Slaver","floor":11,"turns":6},{"damage":7,"enemies":"Lagavulin","floor":14,"turns":8},{"damage":21,"enemies":"The Guardian","floor":16,"turns":13},{"damage":0,"enemies":"Spheric Guardian","floor":18,"turns":4},{"damage":1,"enemies":"2 Thieves","floor":19,"turns":4},{"damage":0,"enemies":"Shelled Parasite and Fungi","floor":24,"turns":6},{"damage":20,"enemies":"Book of Stabbing","floor":25,"turns":7},{"damage":11,"enemies":"Cultist and Chosen","floor":27,"turns":8},{"damage":25,"enemies":"Colosseum Slavers","floor":28,"turns":5},{"damage":33,"enemies":"Colosseum Nobs","floor":28,"turns":6},{"damage":0,"enemies":"Centurion and Healer","floor":29,"turns":7},{"damage":1,"enemies":"Gremlin Leader","floor":30,"turns":5},{"damage":6,"enemies":"Sentry and Sphere","floor":31,"turns":7},{"damage":17,"enemies":"Champ","floor":33,"turns":9},{"damage":0,"enemies":"Orb Walker","floor":35,"turns":2},{"damage":3,"enemies":"3 Shapes","floor":39,"turns":2},{"damage":36,"enemies":"Reptomancer","floor":40,"turns":5},{"damage":0,"enemies":"Jaw Worm Horde","floor":41,"turns":5},{"damage":37,"enemies":"Nemesis","floor":42,"turns":11},{"damage":6,"enemies":"Reptomancer","floor":44,"turns":8},{"damage":9,"enemies":"Transient","floor":45,"turns":5},{"damage":0,"enemies":"Maw","floor":48,"turns":6},{"damage":26,"enemies":"Donu and Deca","floor":50,"turns":7},{"damage":37,"enemies":"Shield and Spear","floor":54,"turns":7},{"damage":50,"enemies":"The Heart","floor":55,"turns":11}],"seed_played":"-6656664487813245094","potions_obtained":[],"is_trial":false,"path_per_floor":["M","M","?","?","M","E","?","R","T","M","M","?","$","E","R","B",null,"M","M","?","$","?","R","M","E","T","M","?","M","E","M","R","B",null,"M","$","?","?","M","E","M","E","T","E","M","R","?","M","R","B",null,"R","$","E","B",null],"character_chosen":"THE_CONSTRUCT_MOD","items_purchased":["Membership Card","Master of Strategy","construct:Boost","construct:ScrapCannon","ClockworkSouvenir","Pen Nib","Medical Kit","expansioncontent:DefensiveStance","expansioncontent:Corrupt","construct:Hazardproof","Lantern","Bronze Scales"],"campfire_rested":4,"item_purchase_floors":[13,13,13,13,21,21,36,36,36,53,53,53],"current_hp_per_floor":[85,85,85,85,84,75,58,58,58,53,53,53,53,46,46,25,85,85,84,84,84,84,84,84,64,64,53,9,9,10,20,46,36,89,89,89,83,83,82,83,99,71,71,103,96,105,105,107,107,81,107,107,107,70,20],"gold":34,"neow_bonus":"BOSS_RELIC","is_daily":false,"chose_seed":false,"campfire_upgraded":2,"win_rate":0.0,"timestamp":1608356678,"path_taken":["M","M","?","?","M","E","?","R","T","M","M","?","$","E","R","BOSS","M","M","?","$","?","R","M","E","T","?","?","M","E","M","R","BOSS","M","$","?","?","M","E","?","E","T","E","M","R","?","M","R","BOSS","R","$","E","BOSS"],"items_purchased_type":["Relic","Card","Card","Card","Relic","Relic","Relic","Card","Card","Card","Relic","Relic"],"build_version":"2020-12-13","purchased_purges":3,"victory":true,"max_hp_per_floor":[85,85,85,85,85,85,85,85,85,85,85,85,85,85,85,85,85,85,85,85,85,85,85,85,85,85,85,85,85,87,89,89,89,89,89,89,93,93,95,97,99,101,101,103,105,105,105,107,107,107,107,107,107,107,107],"card_choices":[{"not_picked":["construct:ModeShift","construct:ScrapCannon"],"picked":"construct:Autoturret","floor":1},{"not_picked":["construct:ShiftStrike","construct:Reinforce"],"picked":"construct:Versatility","floor":2},{"not_picked":["construct:VentSteam","construct:CriticalHit"],"picked":"construct:Reinforce","floor":5},{"not_picked":["construct:ShieldBurst","construct:Missile"],"picked":"construct:Versatility","floor":6},{"not_picked":["construct:UnbalancingBlast","construct:VentSteam"],"picked":"construct:Stasis","floor":10},{"not_picked":["construct:ModeShift","construct:Electrocute"],"picked":"construct:SaveState","floor":11},{"not_picked":["construct:Accumulate","construct:Analyze"],"picked":"construct:GatlingGun","floor":14},{"not_picked":["construct:ShiftingStance","construct:MassProduction"],"picked":"construct:Reserves","floor":16},{"not_picked":["construct:FocusedBeam","construct:CriticalHit"],"picked":"construct:Versatility","floor":18},{"not_picked":["construct:FocusedBeam","construct:Analyze"],"picked":"construct:UnbalancingBlast+1","floor":19},{"not_picked":["construct:OneWayMirror","construct:Reinforce"],"picked":"construct:Versatility","floor":24},{"not_picked":["construct:HastyRepair","construct:LaserCore","construct:Accumulate+1"],"picked":"SKIP","floor":25},{"not_picked":["construct:Analyze","construct:Isolate+1"],"picked":"construct:PointDefense+1","floor":27},{"not_picked":["construct:SweepLaser+1","construct:Boost+1"],"picked":"construct:ModeShift","floor":28},{"not_picked":["construct:FocusedBeam+1","construct:VentSteam"],"picked":"construct:Boost+1","floor":29},{"not_picked":["construct:Multistage","construct:Bunker","construct:Reinforce+1"],"picked":"Singing Bowl","floor":30},{"not_picked":["construct:Accumulate+1","construct:UnbalancingBlast+1","construct:QuickAttack+1"],"picked":"Singing Bowl","floor":31},{"not_picked":["construct:HyperBeam+1","construct:Bunker"],"picked":"construct:GatlingGun+1","floor":33},{"not_picked":["construct:Backfire+1","construct:Boost+1"],"picked":"construct:SuppressiveFire+1","floor":35},{"not_picked":["PanicButton","expansioncontent:Hexaburn+1"],"picked":"Finesse","floor":37},{"not_picked":["expansioncontent:PolyBeam+1","expansioncontent:DefensiveStance","Bandage Up"],"picked":"Singing Bowl","floor":37},{"not_picked":["Metamorphosis","Dramatic Entrance+1","expansioncontent:Collect"],"picked":"Singing Bowl","floor":37},{"not_picked":["construct:SyphonStrike+1","construct:Construct_Overclock","construct:Versatility+1"],"picked":"Singing Bowl","floor":39},{"not_picked":["construct:Stasis+1","construct:QuickAttack+1","construct:Analyze"],"picked":"Singing Bowl","floor":40},{"not_picked":["construct:Tumble+1","construct:SuppressiveFire+1","construct:Isolate+1"],"picked":"Singing Bowl","floor":41},{"not_picked":["construct:MetalShell+1","construct:ShiftStrike+1","construct:Impenetrable"],"picked":"Singing Bowl","floor":42},{"not_picked":["construct:ScrapCannon+1","construct:ElectricArmor","construct:Dampening"],"picked":"Singing Bowl","floor":44},{"not_picked":["construct:ClusterMines+1","construct:Autoturret+1","construct:Stasis"],"picked":"Singing Bowl","floor":45},{"not_picked":["construct:QuickAttack+1","construct:PanicFire","construct:Reinforce+1"],"picked":"Singing Bowl","floor":48},{"not_picked":["construct:ClusterMines+1","construct:PointDefense+1"],"picked":"construct:SpinDrive","floor":54}],"player_experience":808384,"relics_obtained":[{"floor":6,"key":"construct:FoamFinger"},{"floor":9,"key":"Bottled Lightning"},{"floor":14,"key":"Matryoshka"},{"floor":25,"key":"construct:MasterCore"},{"floor":26,"key":"Darkstone Periapt"},{"floor":26,"key":"Molten Egg 2"},{"floor":28,"key":"StoneCalendar"},{"floor":28,"key":"HollowMod:LifeEnderRelic"},{"floor":30,"key":"Singing Bowl"},{"floor":40,"key":"construct:MegaBattery"},{"floor":42,"key":"Turnip"},{"floor":43,"key":"Vajra"},{"floor":44,"key":"HollowMod:StagPassRelic"},{"floor":54,"key":"Blue Candle"}],"event_choices":[{"damage_healed":0,"gold_gain":0,"cards_transformed":["construct:Strike_Gold"],"player_choice":"Change","damage_taken":0,"max_hp_gain":0,"max_hp_loss":0,"event_name":"Living Wall","floor":3,"gold_loss":0,"cards_obtained":["construct:VentSteam"]},{"damage_healed":0,"gold_gain":0,"player_choice":"Entered Light","damage_taken":17,"max_hp_gain":0,"max_hp_loss":0,"event_name":"Shining Light","floor":7,"gold_loss":0,"cards_upgraded":["construct:Strike_Gold","construct:Defend_Gold"]},{"damage_healed":0,"gold_gain":175,"player_choice":"AGREE","damage_taken":0,"max_hp_gain":0,"max_hp_loss":0,"event_name":"Liars Game","floor":12,"gold_loss":0,"cards_obtained":["Doubt"]},{"damage_healed":0,"gold_gain":0,"player_choice":"Choice 2","damage_taken":0,"relics_obtained":["alterego_mod:SomeoneToFightFor"],"max_hp_gain":0,"max_hp_loss":0,"event_name":"Secret Garden","floor":20,"gold_loss":0},{"damage_healed":0,"gold_gain":0,"player_choice":"Got Potions","damage_taken":0,"max_hp_gain":0,"max_hp_loss":0,"event_name":"Lab","floor":22,"gold_loss":0},{"damage_healed":0,"gold_gain":0,"player_choice":"Fight","damage_taken":0,"max_hp_gain":0,"max_hp_loss":0,"event_name":"Colosseum","floor":28,"gold_loss":0},{"damage_healed":0,"gold_gain":0,"player_choice":"Fought Nobs","damage_taken":0,"max_hp_gain":0,"max_hp_loss":0,"event_name":"Colosseum","floor":28,"gold_loss":0},{"damage_healed":0,"gold_gain":0,"player_choice":"Memory 3","damage_taken":10,"max_hp_gain":0,"max_hp_loss":0,"event_name":"SensoryStone","floor":37,"gold_loss":0},{"cards_removed":["construct:Strike_Gold"],"damage_healed":0,"gold_gain":0,"player_choice":"Purged","damage_taken":0,"max_hp_gain":0,"max_hp_loss":0,"event_name":"Purifier","floor":38,"gold_loss":0},{"cards_removed":["construct:PointDefense"],"damage_healed":0,"gold_gain":0,"player_choice":"Removed Power","damage_taken":0,"max_hp_gain":0,"max_hp_loss":0,"event_name":"Falling","floor":47,"gold_loss":0}],"is_beta":false,"boss_relics":[{"not_picked":["Runic Dome","Black Star"],"picked":"Fusion Hammer"},{"not_picked":["Velvet Choker","Busted Crown"],"picked":"construct:WeddingRing"}],"items_purged_floors":[13,36,53],"is_endless":false,"potions_floor_spawned":[6,11,14,16,25,27,28,33,40,42,44,48,54],"ascension_level":0}}