{"host":"v5j5rnxu2olnd6jo","time":1608390532,"event":{"mods":["BaseMod","Custom Start","DeckTracker","Keyboard Shortcuts","Minty Spire (QoL Compilation)","Permanent Neow","Quick Restart","StSLib","SuperFastMode"],"gold_per_floor":[116,130,147,111,111,111,138,138,162,162,162,189,208,223,223,223,223],"floor_reached":16,"playtime":489,"items_purged":[],"score":220,"play_id":"eec8c17a-13c9-41a9-95d5-592f2d844490","local_time":"20201220000852","is_ascension_mode":true,"campfire_choices":[{"data":"Zap","floor":6.0,"key":"SMITH"},{"data":"Creative AI","floor":8.0,"key":"SMITH"},{"data":"Dualcast","floor":11.0,"key":"SMITH"},{"data":"Defragment","floor":15.0,"key":"SMITH"}],"circlet_count":0,"master_deck":["AscendersBane","Strike_B","Strike_B","Strike_B","Strike_B","Defend_B","Defend_B","Defend_B","Defend_B","Zap+1","Dualcast+1","Turbo","Beam Cell","Stack","Self Repair","Creative AI+1","Hologram","Defragment+1","Compile Driver"],"relics":["Cracked Core","Strawberry","Calipers"],"acts_visited":["Exordium"],"potions_floor_usage":[],"damage_taken":[{"damage":1.0,"enemies":"2 Louse","floor":1.0,"turns":3.0},{"damage":1.0,"enemies":"Cultist","floor":2.0,"turns":3.0},{"damage":14.0,"enemies":"Jaw Worm","floor":3.0,"turns":4.0},{"damage":46.0,"enemies":"3 Sentries","floor":7.0,"turns":15.0},{"damage":43.0,"enemies":"Lagavulin","floor":12.0,"turns":9.0},{"damage":6.0,"enemies":"Large Slime","floor":13.0,"turns":4.0},{"damage":8.0,"enemies":"3 Louse","floor":14.0,"turns":2.0},{"damage":9,"enemies":"Hexaghost","floor":16,"turns":6}],"seed_played":"-6752604998382628791","potions_obtained":[{"floor":2.0,"key":"SkillPotion"},{"floor":12.0,"key":"ColorlessPotion"}],"is_trial":false,"path_per_floor":["M","M","M","$","?","R","E","R","T","?","R","E","M","M","R","B"],"character_chosen":"DEFECT","items_purchased":["Self Repair"],"campfire_rested":0,"item_purchase_floors":[4],"current_hp_per_floor":[70,69,55,55,55,55,23,23,23,51,51,15,16,8,8,0,0],"gold":223,"neow_bonus":"TEN_PERCENT_HP_BONUS","is_daily":false,"chose_seed":false,"campfire_upgraded":4,"win_rate":0.0,"timestamp":1608390532,"path_taken":["M","M","M","$","?","R","E","R","T","?","R","E","M","M","R","BOSS"],"items_purchased_type":["Card"],"build_version":"2020-12-13","purchased_purges":0,"victory":false,"max_hp_per_floor":[78,78,78,78,78,78,85,85,85,85,85,85,85,85,85,85,85],"card_choices":[{"not_picked":["Redo","Hologram"],"picked":"Turbo","floor":1.0},{"not_picked":["Machine Learning","Auto Shields"],"picked":"Beam Cell","floor":2.0},{"not_picked":["Turbo","Redo"],"picked":"Stack","floor":3.0},{"not_picked":["Turbo","Beam Cell"],"picked":"Creative AI","floor":7.0},{"not_picked":["Biased Cognition","Recycle","Hologram"],"picked":"SKIP","floor":12.0},{"not_picked":["Biased Cognition","Recycle"],"picked":"Hologram","floor":12.0},{"not_picked":["Fusion","Conserve Battery"],"picked":"Defragment","floor":13.0},{"not_picked":["Thunder Strike","Gash"],"picked":"Compile Driver","floor":14.0}],"player_experience":873954,"relics_obtained":[{"floor":7.0,"key":"Strawberry"},{"floor":12.0,"key":"Calipers"}],"event_choices":[{"damage_healed":0.0,"max_hp_gain":0.0,"max_hp_loss":0.0,"gold_gain":0.0,"event_name":"Liars Game","player_choice":"Ignored","floor":5.0,"gold_loss":0.0,"damage_taken":0.0},{"damage_healed":28.0,"max_hp_gain":0.0,"max_hp_loss":0.0,"gold_gain":0.0,"event_name":"Big Fish","player_choice":"Banana","floor":10.0,"gold_loss":0.0,"damage_taken":0.0}],"is_beta":false,"boss_relics":[],"items_purged_floors":[],"is_endless":false,"potions_floor_spawned":[2,12],"killed_by":"Hexaghost","ascension_level":20}}