{"host":"kiah4uoohy01p0hv","time":1608386935,"event":{"mods":["BaseMod","Colored Map","Colored Powertips","Conspire","Highlight Path","Hubris","Minty Spire (QoL Compilation)","Permanent Neow","Replay The Spire","Spikes Relics","StSLib"],"gold_per_floor":[310,310,320,595,610,635,655,263,263,51,76,76,92,123,123,219,219,234,234,245,245,245],"floor_reached":21,"playtime":2327,"items_purged":["Regret"],"score":199,"play_id":"69fcb56d-00d6-4633-8e6a-a107ca3d0422","local_time":"20201220000855","is_ascension_mode":false,"campfire_choices":[{"floor":12,"key":"REST"},{"floor":15,"key":"REST"}],"circlet_count":0,"master_deck":["Strike_B","Strike_B","Strike_B","Strike_B+1","Defend_B","Defend_B+1","Defend_B","Defend_B","Zap","Dualcast","Sweeping Beam","Conserve Battery","Gash","Gash","Ball Lightning","Capacitor","Echo Form","Echo Form","Redo","Fusion","Scrape+1","Turbo+1","hubris:Envy"],"relics":["Cracked Core","Old Coin","hubris:Icosahedron","Simple Rune","Molten Egg 2","Shuriken","Membership Card","Strawberry","ZombieTooth","CosmicIsotope","Prayer Wheel","Dead Branch"],"acts_visited":["Exordium","TheCity"],"potions_floor_usage":[11,11,16],"damage_taken":[{"damage":1,"enemies":"Jaw Worm","floor":1,"turns":3},{"damage":0,"enemies":"2 Louse","floor":3,"turns":2},{"damage":2,"enemies":"Cultist","floor":5,"turns":3},{"damage":47,"enemies":"3 Sentries","floor":6,"turns":7},{"damage":7,"enemies":"Looter","floor":7,"turns":4},{"damage":13,"enemies":"Lagavulin","floor":11,"turns":5},{"damage":0,"enemies":"3 Louse","floor":13,"turns":3},{"damage":15,"enemies":"3 Sentries","floor":14,"turns":5},{"damage":20,"enemies":"Slime Boss","floor":16,"turns":6},{"damage":33,"enemies":"3 Byrds","floor":18,"turns":5},{"damage":37,"enemies":"Shell Parasite","floor":20,"turns":6},{"damage":17,"enemies":"Masked Bandits","floor":21,"turns":2}],"seed_played":"-606727509263563246","potions_obtained":[{"floor":3,"key":"Adrenaline Potion"},{"floor":6,"key":"Weak Potion"},{"floor":13,"key":"AttackPotion"}],"is_trial":false,"path_per_floor":["M","?","M","?","M","E","M","$","T","$","E","R","M","E","R","B",null,"M","?","M","?"],"character_chosen":"DEFECT","items_purchased":["Capacitor","Molten Egg 2","Membership Card","Echo Form"],"campfire_rested":2,"item_purchase_floors":[8,8,10,10],"current_hp_per_floor":[74,74,74,74,72,25,18,18,18,18,12,36,36,21,45,25,82,49,49,12,0,0],"gold":245,"neow_bonus":"ONE_RARE_RELIC","is_daily":false,"chose_seed":false,"campfire_upgraded":0,"win_rate":0.0,"timestamp":1608386935,"path_taken":["M","?","M","?","?","E","M","$","T","$","E","R","M","E","R","BOSS","M","?","M","?"],"items_purchased_type":["Card","Relic","Relic","Card"],"build_version":"2020-12-13","purchased_purges":1,"victory":false,"max_hp_per_floor":[75,75,75,75,75,75,75,75,75,75,82,82,82,82,82,82,82,82,82,82,82,82],"card_choices":[{"not_picked":["Turbo","Go for the Eyes"],"picked":"Sweeping Beam","floor":1},{"not_picked":["Hello World","Melter"],"picked":"Conserve Battery","floor":3},{"not_picked":["Leap","Conserve Battery"],"picked":"Gash","floor":5},{"not_picked":["Auto Shields","Turbo"],"picked":"Gash","floor":6},{"not_picked":["Compile Driver","Streamline"],"picked":"Ball Lightning","floor":7},{"not_picked":["ReplayTheSpireMod:GoodbyeWorld","ReplayTheSpireMod:System Scan","Lockon+1"],"picked":"SKIP","floor":11},{"not_picked":["Stack","Sweeping Beam+1"],"picked":"Redo","floor":13},{"not_picked":["ReplayTheSpireMod:System Scan","Streamline+1"],"picked":"Fusion","floor":14},{"not_picked":["All For One+1","hubris:Prefetch"],"picked":"ReplayTheSpireMod:Fabricate Wheel","floor":16},{"not_picked":["Streamline+1","Steam"],"picked":"Scrape+1","floor":18},{"not_picked":["Streamline+1","Beam Cell+1"],"picked":"Turbo+1","floor":18},{"not_picked":["Streamline+1","Panic Button","FTL+1"],"picked":"SKIP","floor":20},{"not_picked":["Double Energy","Sweeping Beam+1","Chill"],"picked":"SKIP","floor":20}],"player_experience":185936,"relics_obtained":[{"floor":6,"key":"Simple Rune"},{"floor":9,"key":"Shuriken"},{"floor":11,"key":"Strawberry"},{"floor":14,"key":"ZombieTooth"}],"event_choices":[{"damage_healed":0,"gold_gain":275,"player_choice":"Desecrate","damage_taken":0,"max_hp_gain":0,"max_hp_loss":0,"event_name":"Golden Shrine","floor":4,"gold_loss":0,"cards_obtained":["Regret"]},{"damage_healed":0,"gold_gain":0,"player_choice":"Fought Bandits","damage_taken":0,"max_hp_gain":0,"max_hp_loss":0,"event_name":"Masked Bandits","floor":21,"gold_loss":0}],"is_beta":false,"boss_relics":[{"not_picked":["Fusion Hammer","hubris:ScarierMask"],"picked":"CosmicIsotope"}],"items_purged_floors":[8],"is_endless":false,"potions_floor_spawned":[3,6,13],"killed_by":"Masked Bandits","ascension_level":0}}