{"host":"og6lam4kt3nibbw0","time":1608399585,"event":{"mods":["AchievementEnabler","BaseMod","Colored Map","DeckTracker","Highlight Path","Keyboard Shortcuts","Minty Spire (QoL Compilation)","Permanent Neow","Quick Restart","StSLib","SuperFastMode"],"gold_per_floor":[114,114,139,214,5,5,39,63,63,63,77,102,143,159,159,258,258,274,224,244,316,184,184,224,243,292,292,340,374,374,374],"floor_reached":30,"playtime":1303,"items_purged":[],"score":660,"play_id":"72df5091-c33d-42ec-8b03-ca0d6065d19e","local_time":"20201220023945","is_ascension_mode":true,"campfire_choices":[{"data":"Apotheosis","floor":6.0,"key":"SMITH"},{"data":"Skim","floor":10.0,"key":"SMITH"},{"data":"Undo","floor":15.0,"key":"SMITH"},{"data":"Chill","floor":23.0,"key":"SMITH"}],"circlet_count":0,"master_deck":["AscendersBane","Zap","Dualcast","Undo+1","Sweeping Beam","Apotheosis+1","Capacitor","Skim+1","Leap","Core Surge","Meteor Strike","Chill","Machine Learning","Turbo","Genetic Algorithm","White Noise","Stack","Recycle+1","Multi-Cast","Compile Driver","Rip and Tear","Chill+1","Conserve Battery","Ball Lightning+1","Reinforced Body","Aggregate","Self Repair+1"],"relics":["Cracked Core","NeowsBlessing","Golden Idol","Orichalcum","The Courier","Cables","Pandora\u0027s Box","Eternal Feather","PreservedInsect","Ancient Tea Set","CeramicFish","Happy Flower"],"acts_visited":["Exordium","TheCity"],"potions_floor_usage":[24,29],"damage_taken":[{"damage":0.0,"enemies":"Cultist","floor":1.0,"turns":1.0},{"damage":0.0,"enemies":"Small Slimes","floor":3.0,"turns":1.0},{"damage":0.0,"enemies":"3 Sentries","floor":7.0,"turns":1.0},{"damage":0.0,"enemies":"2 Louse","floor":8.0,"turns":2.0},{"damage":10.0,"enemies":"Lots of Slimes","floor":11.0,"turns":3.0},{"damage":3.0,"enemies":"Exordium Thugs","floor":12.0,"turns":5.0},{"damage":0.0,"enemies":"Lagavulin","floor":13.0,"turns":6.0},{"damage":0.0,"enemies":"3 Louse","floor":14.0,"turns":3.0},{"damage":14.0,"enemies":"Hexaghost","floor":16.0,"turns":10.0},{"damage":4.0,"enemies":"Chosen","floor":18.0,"turns":6.0},{"damage":6.0,"enemies":"3 Byrds","floor":20.0,"turns":4.0},{"damage":25,"enemies":"Slavers","floor":24,"turns":5},{"damage":14,"enemies":"Snake Plant","floor":25,"turns":4},{"damage":4,"enemies":"Book of Stabbing","floor":28,"turns":4},{"damage":4,"enemies":"Centurion and Healer","floor":29,"turns":7},{"damage":10,"enemies":"Slavers","floor":30,"turns":1}],"seed_played":"3043628823016948861","potions_obtained":[{"floor":1.0,"key":"FocusPotion"},{"floor":7.0,"key":"BlessingOfTheForge"},{"floor":12.0,"key":"SkillPotion"},{"floor":14.0,"key":"ColorlessPotion"},{"floor":20.0,"key":"LiquidMemories"},{"floor":25,"key":"DuplicationPotion"},{"floor":28,"key":"Swift Potion"},{"floor":29,"key":"Energy Potion"}],"is_trial":false,"path_per_floor":["M","?","M","?","$","R","E","M","T","R","M","M","E","M","R","B",null,"M","?","M","T","$","R","E","M","T","?","E","M","E"],"character_chosen":"DEFECT","items_purchased":["Apotheosis","PreservedInsect"],"campfire_rested":0,"item_purchase_floors":[5,22],"current_hp_per_floor":[64,64,64,53,53,53,53,53,53,53,43,40,40,40,40,26,55,51,51,45,45,45,57,32,18,18,18,14,10,0,0],"gold":374,"neow_bonus":"THREE_ENEMY_KILL","is_daily":false,"chose_seed":false,"campfire_upgraded":4,"win_rate":0.0,"timestamp":1608399585,"path_taken":["M","?","M","?","$","R","E","M","T","R","M","M","E","M","R","BOSS","M","?","?","?","$","R","E","M","T","?","E","M","E"],"items_purchased_type":["Card","Relic"],"build_version":"2020-12-13","purchased_purges":0,"victory":false,"max_hp_per_floor":[71,64,64,64,64,64,64,64,64,64,64,64,64,64,64,64,64,64,64,64,64,64,64,64,64,64,64,64,64,64,64],"card_choices":[{"not_picked":["Steam Power","Rebound"],"picked":"Undo","floor":1.0},{"not_picked":["Lockon","Darkness"],"picked":"Sweeping Beam","floor":3.0},{"not_picked":["Amplify","Cold Snap"],"picked":"Capacitor","floor":7.0},{"not_picked":["Barrage","Storm"],"picked":"Skim","floor":8.0},{"not_picked":["Rip and Tear","Steam"],"picked":"Leap","floor":11.0},{"not_picked":["Rebound","Streamline"],"picked":"Core Surge","floor":12.0},{"not_picked":["Fusion","Go for the Eyes"],"picked":"Meteor Strike","floor":13.0},{"not_picked":["Barrage","Genetic Algorithm"],"picked":"Chill","floor":14.0},{"not_picked":["Creative AI","Hyperbeam"],"picked":"Machine Learning","floor":16.0},{"not_picked":["Beam Cell","Stack"],"picked":"Chill","floor":18.0},{"not_picked":["Scrape","Redo"],"picked":"Conserve Battery","floor":20.0},{"not_picked":["Skim","Scrape"],"picked":"Ball Lightning+1","floor":24},{"not_picked":["Rebound+1","Steam"],"picked":"Reinforced Body","floor":25},{"not_picked":["Blizzard","Glacier"],"picked":"Aggregate","floor":28},{"not_picked":["Barrage","Rebound"],"picked":"Self Repair+1","floor":29}],"player_experience":800960,"relics_obtained":[{"floor":7.0,"key":"Orichalcum"},{"floor":9.0,"key":"The Courier"},{"floor":13.0,"key":"Cables"},{"floor":21.0,"key":"Eternal Feather"},{"floor":24,"key":"Ancient Tea Set"},{"floor":26,"key":"CeramicFish"},{"floor":28,"key":"Happy Flower"}],"event_choices":[{"damage_healed":0.0,"max_hp_gain":0.0,"max_hp_loss":7.0,"gold_gain":0.0,"event_name":"Golden Idol","player_choice":"Lose Max HP","floor":2.0,"gold_loss":0.0,"damage_taken":0.0,"relics_obtained":["Golden Idol"]},{"damage_healed":0.0,"max_hp_gain":0.0,"max_hp_loss":0.0,"gold_gain":75.0,"event_name":"World of Goop","player_choice":"Gather Gold","floor":4.0,"gold_loss":0.0,"damage_taken":11.0},{"damage_healed":0.0,"max_hp_gain":0.0,"max_hp_loss":0.0,"gold_gain":0.0,"event_name":"Designer","player_choice":"Upgrade","floor":19.0,"gold_loss":50.0,"damage_taken":0.0,"cards_upgraded":["Recycle"]},{"damage_healed":0,"gold_gain":0,"player_choice":"Ignored","damage_taken":0,"max_hp_gain":0,"max_hp_loss":0,"event_name":"Ghosts","floor":27,"gold_loss":0}],"is_beta":false,"boss_relics":[{"not_picked":["Coffee Dripper","Busted Crown"],"picked":"Pandora\u0027s Box"}],"items_purged_floors":[],"is_endless":false,"potions_floor_spawned":[1,7,8,12,14,20,25,28,29],"killed_by":"Slavers","ascension_level":20}}