{"host":"utqe55yv0jihe4d6","time":1608389058,"event":{"mods":["2.2 Compatiblity","AchievementEnabler","BaseMod","Block Reminder","Colored Map","Colored Powertips","Minty Spire (QoL Compilation)","Quick Restart","Rare Cards Sparkle","Relic Stats","SuperFastMode"],"gold_per_floor":[110,122,122,138,158,158,158,172,246,246,264,264,16,28,28,100,100,116,116,129,129,146,146,146,146],"floor_reached":24,"playtime":830,"items_purged":[],"score":405,"play_id":"41a6cbcf-8c43-4130-af74-7a53f1131de2","local_time":"20201219094418","is_ascension_mode":true,"campfire_choices":[{"data":"Poisoned Stab","floor":7.0,"key":"SMITH"},{"data":"Neutralize","floor":10.0,"key":"SMITH"},{"data":"Finisher","floor":12.0,"key":"SMITH"},{"data":"Tools of the Trade","floor":15.0,"key":"SMITH"},{"floor":23,"key":"REST"}],"circlet_count":0,"master_deck":["AscendersBane","Defend_G","Defend_G","Defend_G","Defend_G","Defend_G","Survivor","Neutralize+1","Cloak And Dagger","Sucker Punch","Poisoned Stab+1","Infinite Blades","Finisher+1","Accuracy","Tools of the Trade+1","Corpse Explosion","Necronomicurse","PiercingWail+1","Bite","Bite","Bite","Bite","Bite","Slice"],"relics":["Ring of the Snake","Bird Faced Urn","HornCleat","Centennial Puzzle","Runic Pyramid","Necronomicon"],"acts_visited":["Exordium","TheCity"],"potions_floor_usage":[22],"damage_taken":[{"damage":0.0,"enemies":"2 Louse","floor":1.0,"turns":2.0},{"damage":3.0,"enemies":"Cultist","floor":2.0,"turns":5.0},{"damage":4.0,"enemies":"Small Slimes","floor":4.0,"turns":3.0},{"damage":10.0,"enemies":"3 Louse","floor":5.0,"turns":6.0},{"damage":0.0,"enemies":"Looter","floor":8.0,"turns":4.0},{"damage":10.0,"enemies":"Large Slime","floor":11.0,"turns":8.0},{"damage":0.0,"enemies":"Blue Slaver","floor":14.0,"turns":4.0},{"damage":29.0,"enemies":"Hexaghost","floor":16.0,"turns":11.0},{"damage":7.0,"enemies":"3 Byrds","floor":18.0,"turns":3.0},{"damage":30.0,"enemies":"Shell Parasite","floor":20.0,"turns":7.0},{"damage":26,"enemies":"Cultist and Chosen","floor":22,"turns":8},{"damage":30,"enemies":"Book of Stabbing","floor":24,"turns":4}],"seed_played":"-7282340840400864896","potions_obtained":[{"floor":1.0,"key":"EssenceOfSteel"},{"floor":8.0,"key":"SmokeBomb"},{"floor":11.0,"key":"Swift Potion"},{"floor":18.0,"key":"Explosive Potion"}],"is_trial":false,"path_per_floor":["M","M","?","M","M","?","R","M","T","R","M","R","$","M","R","B",null,"M","?","M","?","M","R","E"],"character_chosen":"THE_SILENT","items_purchased":["Centennial Puzzle","Accuracy"],"campfire_rested":1,"item_purchase_floors":[13,13],"current_hp_per_floor":[65,62,62,58,48,30,30,30,30,30,22,22,22,26,26,3,55,50,29,5,5,3,18,0,0],"gold":146,"neow_bonus":"TEN_PERCENT_HP_BONUS","is_daily":false,"chose_seed":false,"campfire_upgraded":4,"win_rate":0.0,"timestamp":1608389058,"path_taken":["M","M","?","?","M","?","R","M","T","R","M","R","$","M","R","BOSS","M","?","M","?","M","R","E"],"items_purchased_type":["Relic","Card"],"build_version":"2020-12-13","purchased_purges":0,"victory":false,"max_hp_per_floor":[72,72,72,72,72,72,72,72,72,72,72,72,72,72,72,72,72,72,72,72,50,50,50,50,50],"relic_stats":{"Centennial Puzzle":[15],"counters":[12,65],"Bird Faced Urn":[24],"Necronomicon":[0],"obtain_stats":[{"Centennial Puzzle":13,"HornCleat":9,"Bird Faced Urn":6,"Necronomicon":19,"Ring of the Snake":0,"Runic Pyramid":17},{"Centennial Puzzle":6,"HornCleat":5,"Bird Faced Urn":4,"Necronomicon":9,"Ring of the Snake":0,"Runic Pyramid":8},{"Centennial Puzzle":28,"HornCleat":20,"Bird Faced Urn":16,"Necronomicon":46,"Ring of the Snake":0,"Runic Pyramid":43}],"Ring of the Snake":[24]},"card_choices":[{"not_picked":["Catalyst","Distraction"],"picked":"Cloak And Dagger","floor":1.0},{"not_picked":["PiercingWail","Catalyst"],"picked":"Sucker Punch","floor":2.0},{"not_picked":["Acrobatics","Dodge and Roll","Outmaneuver"],"picked":"SKIP","floor":4.0},{"not_picked":["Bane","Prepared"],"picked":"Poisoned Stab","floor":5.0},{"not_picked":["Flying Knee","Distraction"],"picked":"Infinite Blades","floor":8.0},{"not_picked":["Poisoned Stab","Deflect"],"picked":"Finisher","floor":11.0},{"not_picked":["Poisoned Stab","Dagger Spray"],"picked":"Tools of the Trade","floor":14.0},{"not_picked":["Envenom","Adrenaline"],"picked":"Corpse Explosion","floor":16.0},{"not_picked":["Flechettes","Dodge and Roll","Slice+1"],"picked":"SKIP","floor":18.0},{"not_picked":["Tactician","Calculated Gamble"],"picked":"PiercingWail+1","floor":20.0},{"not_picked":["Dagger Throw","Bane"],"picked":"Slice","floor":22}],"player_experience":2800417,"relics_obtained":[{"floor":9.0,"key":"HornCleat"},{"floor":19.0,"key":"Necronomicon"}],"event_choices":[{"cards_removed":["Strike_G"],"damage_healed":0.0,"max_hp_gain":0.0,"max_hp_loss":0.0,"gold_gain":0.0,"event_name":"Bonfire Elementals","player_choice":"Offered Basic","floor":3.0,"gold_loss":0.0,"damage_taken":0.0},{"damage_healed":0.0,"max_hp_gain":0.0,"max_hp_loss":0.0,"gold_gain":0.0,"event_name":"Scrap Ooze","player_choice":"Success","floor":6.0,"gold_loss":0.0,"damage_taken":18.0,"relics_obtained":["Bird Faced Urn"]},{"damage_healed":0.0,"max_hp_gain":0.0,"max_hp_loss":0.0,"gold_gain":0.0,"event_name":"Cursed Tome","player_choice":"Obtained Book","floor":19.0,"gold_loss":0.0,"damage_taken":21.0},{"damage_healed":0,"gold_gain":0,"player_choice":"Became a vampire","damage_taken":0,"max_hp_gain":0,"max_hp_loss":22,"event_name":"Vampires","floor":21,"gold_loss":0,"cards_obtained":["Bite","Bite","Bite","Bite","Bite"]}],"is_beta":false,"boss_relics":[{"not_picked":["SlaversCollar","Astrolabe"],"picked":"Runic Pyramid"}],"items_purged_floors":[],"is_endless":false,"potions_floor_spawned":[1,8,11,18,20],"killed_by":"Book of Stabbing","ascension_level":20}}