{"host":"07ljfmttuzqopd7f","time":1608405201,"event":{"mods":["2.2 Compatiblity","BaseMod","Bestiary","Block Reminder","Colored Map","Colored Powertips","Curses Come First","Hermit","Minty Spire (QoL Compilation)","Quick Restart","Random Character Button","Rare Cards Sparkle","Relic Stats","StSLib","The Cursed","UnlockEverythingMod","everything is the same but u backflip on backflip"],"gold_per_floor":[118,130,141,160,235,235,160,160,234,254,39,55,55,66,66,169,169,182,31,31,29,29,29,59,59,59,71,83,83],"floor_reached":28,"playtime":870,"items_purged":["hermit:Shortfuse"],"score":296,"play_id":"7eb61a12-602d-4070-979a-533162934c85","local_time":"20201219141321","is_ascension_mode":true,"campfire_choices":[{"data":"hermit:Spite","floor":6,"key":"SMITH"},{"data":"hermit:PistolWhip","floor":8,"key":"SMITH"},{"data":"hermit:CursedWeapon","floor":15,"key":"SMITH"},{"floor":23,"key":"REST"},{"floor":25,"key":"REST"}],"circlet_count":0,"master_deck":["hermit:Strike_Hermit","hermit:Strike_Hermit","hermit:Strike_Hermit","hermit:Defend_Hermit","hermit:Defend_Hermit","hermit:Defend_Hermit","hermit:Defend_Hermit","hermit:Snapshot","hermit:Covet","Decay","hermit:PistolWhip+1","hermit:Vantage","hermit:Spite+1","hermit:EyeOfTheStorm","hermit:CursedWeapon+1","hermit:SprayPray","hermit:FinalCanter","hermit:Virtue","hermit:WideOpen","Decay"],"relics":["hermit:Momento","Mummified Hand","Toy Ornithopter","Black Star","Regal Pillow","Potion Belt","Akabeko","MawBank","Lantern"],"acts_visited":["Exordium","TheCity"],"potions_floor_usage":[12,14,14,16,16,21],"damage_taken":[{"damage":16,"enemies":"Cultist","floor":1,"turns":4},{"damage":2,"enemies":"Jaw Worm","floor":2,"turns":2},{"damage":3,"enemies":"Small Slimes","floor":3,"turns":5},{"damage":5,"enemies":"Gremlin Gang","floor":4,"turns":5},{"damage":4,"enemies":"Red Slaver","floor":10,"turns":4},{"damage":8,"enemies":"Looter","floor":12,"turns":3},{"damage":4,"enemies":"Blue Slaver","floor":14,"turns":2},{"damage":49,"enemies":"The Guardian","floor":16,"turns":14},{"damage":37,"enemies":"Shell Parasite","floor":18,"turns":4},{"damage":19,"enemies":"2 Thieves","floor":21,"turns":4},{"damage":53,"enemies":"Slavers","floor":24,"turns":8},{"damage":63,"enemies":"Book of Stabbing","floor":28,"turns":4}],"seed_played":"7558359699179306904","potions_obtained":[{"floor":1,"key":"Dexterity Potion"},{"floor":4,"key":"Swift Potion"},{"floor":10,"key":"BlessingOfTheForge"},{"floor":12,"key":"Weak Potion"},{"floor":14,"key":"DuplicationPotion"},{"floor":18,"key":"DistilledChaos"}],"is_trial":false,"path_per_floor":["M","M","M","M","?","R","$","R","T","M","$","M","?","M","R","B",null,"M","$","?","M","?","R","E","R","T","?","E"],"character_chosen":"HERMIT","items_purchased":["hermit:CursedWeapon","Toy Ornithopter","Regal Pillow"],"campfire_rested":2,"item_purchase_floors":[11,11,19],"current_hp_per_floor":[66,64,61,56,45,45,45,45,45,41,41,38,38,44,44,5,68,31,31,31,17,17,58,5,46,46,46,0,0],"gold":83,"neow_bonus":"TWENTY_PERCENT_HP_BONUS","is_daily":false,"chose_seed":false,"campfire_upgraded":3,"win_rate":0.0,"timestamp":1608405201,"path_taken":["M","M","M","M","?","R","?","R","T","M","$","M","?","?","R","BOSS","M","$","?","M","?","R","E","R","T","?","E"],"items_purchased_type":["Card","Relic","Relic"],"build_version":"2020-12-13","purchased_purges":1,"victory":false,"max_hp_per_floor":[89,89,89,89,89,89,89,89,89,89,89,89,89,89,89,89,89,89,89,89,89,89,89,89,89,89,89,89,89],"relic_stats":{"Regal Pillow":30,"counters":[12,59],"Mummified Hand":[0],"Black Star":1,"MawBank":24,"obtain_stats":[{"Potion Belt":24,"Regal Pillow":19,"Lantern":27,"Mummified Hand":9,"Black Star":17,"MawBank":26,"hermit:Momento":0,"Toy Ornithopter":11,"Akabeko":24},{"Potion Belt":11,"Regal Pillow":9,"Lantern":11,"Mummified Hand":4,"Black Star":8,"MawBank":11,"hermit:Momento":0,"Toy Ornithopter":5,"Akabeko":11},{"Potion Belt":55,"Regal Pillow":43,"Lantern":55,"Mummified Hand":16,"Black Star":39,"MawBank":55,"hermit:Momento":0,"Toy Ornithopter":20,"Akabeko":55}],"Toy Ornithopter":30},"card_choices":[{"not_picked":["hermit:TakeAim","hermit:Misfire"],"picked":"hermit:PistolWhip","floor":1},{"not_picked":["hermit:Quickdraw","hermit:BodyArmor"],"picked":"hermit:Vantage","floor":2},{"not_picked":["hermit:FullyLoaded","hermit:LowProfile"],"picked":"hermit:Shortfuse","floor":3},{"not_picked":["hermit:Grudge","hermit:Headshot"],"picked":"hermit:Spite","floor":4},{"not_picked":["hermit:LowProfile","hermit:HoleUp"],"picked":"hermit:EyeOfTheStorm","floor":10},{"not_picked":["hermit:Manifest","hermit:HighCaliber"],"picked":"hermit:SprayPray","floor":12},{"not_picked":["hermit:BodyArmor","hermit:Quickdraw","hermit:Headshot"],"picked":"SKIP","floor":14},{"not_picked":["hermit:BlackWind","hermit:EternalForm"],"picked":"hermit:FinalCanter","floor":16},{"not_picked":["hermit:TakeAim","hermit:Spite+1"],"picked":"hermit:Virtue","floor":18},{"not_picked":["hermit:BigShot","hermit:GoldenBullet"],"picked":"hermit:WideOpen","floor":21},{"not_picked":["hermit:Maintenance","hermit:Quickdraw","hermit:Scavenge"],"picked":"SKIP","floor":24}],"player_experience":429000,"relics_obtained":[{"floor":9,"key":"Mummified Hand"},{"floor":24,"key":"Potion Belt"},{"floor":24,"key":"Akabeko"},{"floor":26,"key":"MawBank"}],"event_choices":[{"damage_healed":0,"gold_gain":75,"player_choice":"Gather Gold","damage_taken":11,"max_hp_gain":0,"max_hp_loss":0,"event_name":"World of Goop","floor":5,"gold_loss":0},{"damage_healed":0,"gold_gain":0,"player_choice":"0 cards matched","damage_taken":0,"max_hp_gain":0,"max_hp_loss":0,"event_name":"Match and Keep!","floor":13,"gold_loss":0,"cards_obtained":[]},{"cards_removed":["hermit:Strike_Hermit"],"damage_healed":0,"gold_gain":0,"player_choice":"Elegance","damage_taken":0,"max_hp_gain":0,"max_hp_loss":0,"event_name":"Back to Basics","floor":20,"gold_loss":0},{"damage_healed":0,"gold_gain":0,"player_choice":"Smashed Altar","damage_taken":0,"max_hp_gain":0,"max_hp_loss":0,"event_name":"Forgotten Altar","floor":22,"gold_loss":0,"cards_obtained":["Decay"]},{"damage_healed":0,"gold_gain":0,"player_choice":"Opened","damage_taken":0,"relics_obtained":["Lantern"],"max_hp_gain":0,"max_hp_loss":0,"event_name":"The Mausoleum","floor":27,"gold_loss":0}],"is_beta":false,"boss_relics":[{"not_picked":["SlaversCollar","hermit:ClaspedLocket"],"picked":"Black Star"}],"items_purged_floors":[7],"is_endless":false,"potions_floor_spawned":[1,4,10,12,14,18],"killed_by":"Book of Stabbing","ascension_level":6}}