{"host":"sav7uxregyirlf69","time":1608345547,"event":{"mods":["AchievementEnabler","BaseMod","Colored Map","DeckTracker","Keyboard Shortcuts","Minty Spire (QoL Compilation)","READ ME - Guardian Mod","StSLib","SuperFastMode"],"gold_per_floor":[115,115,138,138,9,40,1,1,27,70,86,100,123,123,123,123,123],"floor_reached":16,"playtime":243,"items_purged":[],"score":270,"play_id":"93d7b278-779b-47c0-95b4-a98f28b6ffba","local_time":"20201219113907","is_ascension_mode":true,"campfire_choices":[{"data":"Neutralize","floor":8,"key":"SMITH"},{"data":"Finesse","floor":15,"key":"SMITH"}],"circlet_count":0,"master_deck":["AscendersBane","Strike_G","Strike_G","Strike_G","Strike_G","Defend_G","Defend_G","Defend_G","Defend_G","Defend_G","Survivor","Neutralize+1","Flying Knee","Heel Hook","Dagger Spray","Finesse+1","Backstab","Reflex","Leg Sweep","Poisoned Stab"],"relics":["Ring of the Snake","NeowsBlessing","Golden Idol","Bronze Scales","Akabeko","Nunchaku"],"acts_visited":["Exordium"],"potions_floor_usage":[16,16],"damage_taken":[{"damage":0,"enemies":"Jaw Worm","floor":1,"turns":1},{"damage":0,"enemies":"2 Louse","floor":3,"turns":1},{"damage":0,"enemies":"Lagavulin","floor":6,"turns":1},{"damage":7,"enemies":"3 Sentries","floor":10,"turns":7},{"damage":3,"enemies":"Small Slimes","floor":11,"turns":2},{"damage":0,"enemies":"Looter","floor":12,"turns":2},{"damage":12,"enemies":"Exordium Thugs","floor":13,"turns":5},{"damage":44,"enemies":"Hexaghost","floor":16,"turns":11}],"seed_played":"3756002364977039970","potions_obtained":[{"floor":3,"key":"Regen Potion"},{"floor":10,"key":"Swift Potion"},{"floor":12,"key":"PowerPotion"}],"is_trial":false,"path_per_floor":["M","?","M","?","$","E","$","R","T","E","M","M","M","?","R","B"],"character_chosen":"THE_SILENT","items_purchased":["Dagger Spray","Finesse","Reflex"],"campfire_rested":0,"item_purchase_floors":[5,5,7],"current_hp_per_floor":[59,59,59,59,59,59,59,59,59,52,49,49,37,37,37,0,0],"gold":123,"neow_bonus":"THREE_ENEMY_KILL","is_daily":false,"chose_seed":false,"campfire_upgraded":2,"win_rate":0.0,"timestamp":1608345547,"path_taken":["M","?","M","?","?","E","$","R","T","E","M","M","M","?","R","BOSS"],"items_purchased_type":["Card","Card","Card"],"build_version":"2020-12-13","purchased_purges":0,"victory":false,"max_hp_per_floor":[66,60,60,60,60,60,60,60,60,60,60,60,60,60,60,60,60],"card_choices":[{"not_picked":["Prepared","Noxious Fumes"],"picked":"Flying Knee","floor":1},{"not_picked":["Deflect","Prepared"],"picked":"Heel Hook","floor":3},{"not_picked":["Predator","Dagger Throw"],"picked":"Backstab","floor":6},{"not_picked":["All Out Attack","Acrobatics","Grand Finale"],"picked":"SKIP","floor":10},{"not_picked":["Sucker Punch","Blade Dance"],"picked":"Leg Sweep","floor":11},{"not_picked":["Endless Agony","Flying Knee","Accuracy"],"picked":"SKIP","floor":12},{"not_picked":["Dash","Predator"],"picked":"Poisoned Stab","floor":13}],"player_experience":948748,"relics_obtained":[{"floor":6,"key":"Bronze Scales"},{"floor":9,"key":"Akabeko"},{"floor":10,"key":"Nunchaku"}],"event_choices":[{"damage_healed":0,"gold_gain":0,"player_choice":"Lose Max HP","damage_taken":0,"relics_obtained":["Golden Idol"],"max_hp_gain":0,"max_hp_loss":6,"event_name":"Golden Idol","floor":2,"gold_loss":0},{"damage_healed":0,"gold_gain":0,"player_choice":"Ignored","damage_taken":0,"max_hp_gain":0,"max_hp_loss":0,"event_name":"Liars Game","floor":4,"gold_loss":0},{"cards_removed":["Strike_G"],"damage_healed":0,"gold_gain":0,"player_choice":"Purged","damage_taken":0,"max_hp_gain":0,"max_hp_loss":0,"event_name":"Purifier","floor":14,"gold_loss":0}],"is_beta":false,"boss_relics":[],"items_purged_floors":[],"is_endless":false,"potions_floor_spawned":[3,10,12],"killed_by":"Hexaghost","ascension_level":20}}