{"host":"o0q01dgb4z8zpo6o","time":1608344128,"event":{"mods":["BaseMod","GifTheSpireLib","Minty Spire (QoL Compilation)","Relic Stats","StSLib"],"gold_per_floor":[116,126,276,276,0,0,29,29,56,75,75,89,89,102,102,176,176,196,196,210,260,16,16,45,45,45],"floor_reached":25,"playtime":651,"items_purged":["Doubt","Writhe"],"score":383,"play_id":"71b1461c-461b-4f9b-b2d0-a27f8bba5d91","local_time":"20201218181528","is_ascension_mode":true,"campfire_choices":[{"data":"Reinforced Body","floor":6,"key":"SMITH"},{"data":"Barrage","floor":8,"key":"SMITH"},{"floor":13,"key":"REST"},{"floor":15,"key":"REST"},{"floor":23,"key":"REST"}],"circlet_count":0,"master_deck":["AscendersBane","Strike_B","Strike_B","Strike_B","Strike_B","Defend_B","Defend_B","Defend_B","Defend_B","Zap","Dualcast","Reinforced Body+1","Ball Lightning","Barrage+1","Glacier","Cold Snap","Electrodynamics","Buffer","Consume"],"relics":["Cracked Core","Bronze Scales","StrikeDummy","Runic Capacitor","Singing Bowl","Boot","Ginger","Inserter","Dream Catcher","DataDisk","Mummified Hand"],"acts_visited":["Exordium","TheCity"],"potions_floor_usage":[16,24,24],"damage_taken":[{"damage":5,"enemies":"Small Slimes","floor":1,"turns":3},{"damage":1,"enemies":"Cultist","floor":2,"turns":4},{"damage":21,"enemies":"Gremlin Nob","floor":7,"turns":4},{"damage":7,"enemies":"Jaw Worm","floor":10,"turns":2},{"damage":7,"enemies":"3 Louse","floor":12,"turns":3},{"damage":1,"enemies":"Red Slaver","floor":14,"turns":4},{"damage":25,"enemies":"Hexaghost","floor":16,"turns":8},{"damage":1,"enemies":"Chosen","floor":18,"turns":4},{"damage":13,"enemies":"Shell Parasite","floor":20,"turns":4},{"damage":45,"enemies":"Slavers","floor":24,"turns":4},{"damage":27,"enemies":"Snake Plant","floor":25,"turns":2}],"seed_played":"363595817229960885","potions_obtained":[{"floor":7,"key":"Dexterity Potion"},{"floor":12,"key":"EssenceOfSteel"},{"floor":20,"key":"FearPotion"}],"is_trial":false,"path_per_floor":["M","M","?","?","$","R","E","R","T","M","?","M","R","M","R","B",null,"M","?","M","?","$","R","E","M"],"character_chosen":"DEFECT","items_purchased":["Runic Capacitor","Ball Lightning","DataDisk"],"campfire_rested":3,"item_purchase_floors":[5,5,22],"current_hp_per_floor":[59,58,58,40,40,40,19,19,19,12,12,5,26,27,48,23,61,62,62,51,44,44,67,22,0,0],"gold":45,"neow_bonus":"RANDOM_COMMON_RELIC","is_daily":false,"chose_seed":false,"campfire_upgraded":2,"win_rate":0.0,"timestamp":1608344128,"path_taken":["M","M","?","?","$","R","E","R","T","M","?","?","R","M","R","BOSS","M","?","M","?","$","R","E","?"],"items_purchased_type":["Relic","Card","Relic"],"build_version":"2020-12-13","purchased_purges":2,"victory":false,"max_hp_per_floor":[71,71,71,71,71,71,71,71,71,71,71,71,71,73,73,73,73,75,75,77,77,77,77,77,77,77],"relic_stats":{"Dream Catcher":1,"Inserter":[7],"Singing Bowl":6,"counters":[11,42],"Mummified Hand":[2],"Bronze Scales":[114],"Ginger":[4],"Boot":[3],"obtain_stats":[{"Dream Catcher":19,"DataDisk":22,"Inserter":17,"Singing Bowl":7,"Mummified Hand":24,"Bronze Scales":0,"Runic Capacitor":5,"Ginger":11,"Cracked Core":0,"StrikeDummy":4,"Boot":9},{"Dream Catcher":8,"DataDisk":9,"Inserter":7,"Singing Bowl":3,"Mummified Hand":10,"Bronze Scales":0,"Runic Capacitor":2,"Ginger":4,"Cracked Core":0,"StrikeDummy":2,"Boot":3},{"Dream Catcher":32,"DataDisk":36,"Inserter":28,"Singing Bowl":11,"Mummified Hand":40,"Bronze Scales":0,"Runic Capacitor":7,"Ginger":13,"Cracked Core":0,"StrikeDummy":7,"Boot":11}]},"card_choices":[{"not_picked":["Consume","Capacitor"],"picked":"Conserve Battery","floor":1},{"not_picked":["Gash","Redo"],"picked":"Reinforced Body","floor":2},{"not_picked":["Double Energy","Compile Driver"],"picked":"Barrage","floor":7},{"not_picked":["Ball Lightning","Barrage"],"picked":"Glacier","floor":10},{"not_picked":["Gash","Hologram"],"picked":"Cold Snap","floor":12},{"not_picked":["Conserve Battery","Reprogram","Cold Snap"],"picked":"Singing Bowl","floor":14},{"not_picked":["Core Surge","Rainbow"],"picked":"Electrodynamics","floor":16},{"not_picked":["Ball Lightning","Streamline","Capacitor"],"picked":"Singing Bowl","floor":18},{"not_picked":["Sweeping Beam","Ball Lightning","Scrape"],"picked":"Singing Bowl","floor":20},{"not_picked":["Beam Cell","Turbo"],"picked":"Buffer","floor":23},{"not_picked":["Blizzard","Static Discharge"],"picked":"Consume","floor":24}],"player_experience":1012345,"relics_obtained":[{"floor":7,"key":"Singing Bowl"},{"floor":9,"key":"Boot"},{"floor":24,"key":"Mummified Hand"}],"event_choices":[{"damage_healed":0,"gold_gain":150,"player_choice":"AGREE","damage_taken":0,"max_hp_gain":0,"max_hp_loss":0,"event_name":"Liars Game","floor":3,"gold_loss":0,"cards_obtained":["Doubt"]},{"damage_healed":0,"gold_gain":0,"player_choice":"Success","damage_taken":18,"relics_obtained":["StrikeDummy"],"max_hp_gain":0,"max_hp_loss":0,"event_name":"Scrap Ooze","floor":4,"gold_loss":0},{"cards_removed":["Conserve Battery"],"damage_healed":0,"gold_gain":0,"player_choice":"Gave Card","damage_taken":0,"relics_obtained":["Ginger"],"max_hp_gain":0,"max_hp_loss":0,"event_name":"WeMeetAgain","floor":11,"gold_loss":0},{"damage_healed":0,"gold_gain":0,"player_choice":"Opened","damage_taken":0,"relics_obtained":["Dream Catcher"],"max_hp_gain":0,"max_hp_loss":0,"event_name":"The Mausoleum","floor":19,"gold_loss":0,"cards_obtained":["Writhe"]},{"damage_healed":0,"gold_gain":50,"player_choice":"Touch","damage_taken":7,"max_hp_gain":0,"max_hp_loss":0,"event_name":"FaceTrader","floor":21,"gold_loss":0}],"is_beta":false,"boss_relics":[{"not_picked":["Velvet Choker","Philosopher\u0027s Stone"],"picked":"Inserter"}],"items_purged_floors":[5,22],"is_endless":false,"potions_floor_spawned":[7,12,20],"killed_by":"Snake Plant","ascension_level":15}}