{"host":"m1ntkrf87179kmo6","time":1608418005,"event":{"mods":["BaseMod","Better Third Choice","Minty Spire (QoL Compilation)","Shade Mod","StSLib"],"gold_per_floor":[110,123,136,136,157,198,210,238,275,328,355,367,379,391,403,534,546,576,888,924,313,334,334,334,334,334,334,354,60,60,60,60,186,186,204,304,44,44,64,64,89,89,89,89,89],"floor_reached":44,"playtime":3013,"items_purged":["Shade:Strike_Shade"],"score":441,"play_id":"18755096-7522-4ef4-9e19-935fa928b941","local_time":"20201219174645","is_ascension_mode":false,"campfire_choices":[{"floor":7.0,"key":"REST"},{"floor":13.0,"key":"REST"},{"floor":15.0,"key":"RECALL"},{"floor":23.0,"key":"REST"},{"floor":25.0,"key":"REST"},{"data":"Shade:Bite_Shade","floor":27.0,"key":"SMITH"},{"floor":32.0,"key":"REST"},{"floor":40,"key":"REST"},{"floor":42,"key":"REST"}],"circlet_count":0,"master_deck":["Shade:Strike_Shade","Shade:Strike_Shade","Shade:Strike_Shade","Shade:Defend_Shade","Shade:Defend_Shade","Shade:Defend_Shade","Shade:Defend_Shade","Shade:AnimateDead","Shade:CarefulCut","Shade:GreyBargain","Shade:ClawBack","Shade:ExtraLimbs","Shade:ClawBack","Shade:ExtraLimbs+1","Shade:FleshLikeOak","Shade:FuneraryJewels","Shade:Bite_Shade+1","Shade:GreyBargain","CurseOfTheBell","Shade:FuneraryArmor","Shade:TouchOfTheGrave"],"relics":["Shade:YorickSkull","Golden Idol","Oddly Smooth Stone","Boot","Empty Cage","Old Coin","Orrery","Potion Belt","Dream Catcher","Nloth\u0027s Gift","Torii","CaptainsWheel","Calling Bell","MealTicket","White Beast Statue","TungstenRod","Mercury Hourglass"],"acts_visited":["Exordium","TheCity","TheBeyond"],"potions_floor_usage":[39,41,44],"damage_taken":[{"damage":0.0,"enemies":"2 Louse","floor":1.0,"turns":4.0},{"damage":0.0,"enemies":"Small Slimes","floor":2.0,"turns":3.0},{"damage":0.0,"enemies":"Cultist","floor":3.0,"turns":3.0},{"damage":1.0,"enemies":"Looter","floor":5.0,"turns":3.0},{"damage":23.0,"enemies":"Lagavulin","floor":6.0,"turns":6.0},{"damage":4.0,"enemies":"Lots of Slimes","floor":8.0,"turns":4.0},{"damage":25.0,"enemies":"3 Sentries","floor":10.0,"turns":7.0},{"damage":11.0,"enemies":"3 Louse","floor":11.0,"turns":3.0},{"damage":40.0,"enemies":"The Guardian","floor":16.0,"turns":13.0},{"damage":3.0,"enemies":"3 Byrds","floor":18.0,"turns":6.0},{"damage":0.0,"enemies":"Chosen","floor":20.0,"turns":4.0},{"damage":30.0,"enemies":"3 Cultists","floor":22.0,"turns":6.0},{"damage":10.0,"enemies":"Snecko","floor":28.0,"turns":5.0},{"damage":77.0,"enemies":"Champ","floor":33.0,"turns":13.0},{"damage":30,"enemies":"3 Darklings","floor":35,"turns":8},{"damage":6,"enemies":"3 Shapes","floor":39,"turns":5},{"damage":53,"enemies":"Transient","floor":41,"turns":5},{"damage":54,"enemies":"Maw","floor":44,"turns":8}],"seed_played":"7488273895592732422","potions_obtained":[{"floor":1.0,"key":"CultistPotion"},{"floor":6.0,"key":"Swift Potion"},{"floor":11.0,"key":"SneckoOil"},{"floor":14.0,"key":"BlessingOfTheForge"},{"floor":14.0,"key":"Dexterity Potion"},{"floor":14.0,"key":"Ancient Potion"},{"floor":16.0,"key":"Dexterity Potion"},{"floor":18.0,"key":"Fire Potion"},{"floor":22.0,"key":"FearPotion"},{"floor":35,"key":"DistilledChaos"},{"floor":39,"key":"Explosive Potion"},{"floor":41,"key":"SteroidPotion"}],"is_trial":false,"path_per_floor":["M","M","M","?","M","E","R","M","T","E","M","?","R","?","R","B",null,"M","T","M","$","M","R","?","R","T","R","M","$","?","?","R","B",null,"M","?","$","?","M","R","M","R","T","M"],"character_chosen":"SHADE","items_purchased":["Orrery","Potion Belt","Fruit Juice","Dream Catcher","CaptainsWheel","Mercury Hourglass"],"campfire_rested":7,"item_purchase_floors":[21,21,21,21,29,37],"current_hp_per_floor":[71,71,71,71,70,47,68,64,64,39,28,45,66,66,66,26,68,65,65,65,65,40,61,61,73,73,73,66,66,66,66,73,2,73,49,49,64,64,61,73,23,44,44,0,0],"gold":89,"neow_bonus":"TEN_PERCENT_HP_BONUS","is_daily":false,"chose_seed":false,"campfire_upgraded":1,"win_rate":0.0,"timestamp":1608418005,"path_taken":["M","M","M","?","M","E","R","M","T","E","M","?","R","?","R","BOSS","M","?","M","$","M","R","?","R","T","R","?","$","?","?","R","BOSS","M","?","?","?","M","R","M","R","T","?"],"items_purchased_type":["Relic","Relic","Potion","Relic","Relic","Relic"],"build_version":"2020-12-13","purchased_purges":1,"victory":false,"max_hp_per_floor":[71,71,71,71,71,71,71,71,71,71,71,71,71,71,71,71,68,68,68,68,68,73,73,73,73,73,73,73,73,73,73,73,73,73,73,73,73,73,73,73,73,73,73,73,73],"card_choices":[{"not_picked":["Shade:AuraOfUnlife","Shade:GraveStillness","Shade:CallOfTheGrave"],"picked":"SKIP","floor":1.0},{"not_picked":["Shade:PotionOfRestlessness","Shade:SpectralStrikes","Shade:CoffinDance"],"picked":"SKIP","floor":2.0},{"not_picked":["Shade:ClawBack","Shade:FeralStrike"],"picked":"Shade:GreyBargain","floor":3.0},{"not_picked":["Shade:FingerOfDeath","Shade:Patience"],"picked":"Shade:ClawBack","floor":5.0},{"not_picked":["Shade:DangerousRitual","Shade:Haruspicy"],"picked":"Shade:ExtraLimbs","floor":6.0},{"not_picked":["Shade:ExtraLimbs","Shade:Brains","Shade:WallOfFlesh"],"picked":"SKIP","floor":8.0},{"not_picked":["Shade:RavenousHorde","Shade:Consume"],"picked":"Shade:ClawBack","floor":10.0},{"not_picked":["Shade:ClawBack","Shade:SpontaneousRitual","Shade:SkeletonHug"],"picked":"SKIP","floor":11.0},{"not_picked":["Shade:FeralStrike","Shade:RavenousHorde","Shade:SensePrey"],"picked":"SKIP","floor":18.0},{"not_picked":["Shade:BoneShards","Shade:OpenGraves"],"picked":"Shade:ExtraLimbs+1","floor":20.0},{"not_picked":["Shade:GreyBargain","Shade:FreshBones+1"],"picked":"Shade:FleshLikeOak","floor":21.0},{"not_picked":["Shade:Haruspicy","Shade:GreyBargain"],"picked":"Shade:FuneraryJewels","floor":22.0},{"not_picked":["Shade:GreaterAnimation","Shade:FuneraryJewels"],"picked":"Shade:Bite_Shade","floor":23.0},{"not_picked":["Shade:SkeletonArmy+1","Shade:BoneShards","Shade:GreyBargain"],"picked":"SKIP","floor":28.0},{"not_picked":["Shade:BoneShards+1","Shade:Trample+1","Shade:FeralStrike+1"],"picked":"SKIP","floor":35},{"not_picked":["Shade:SpectralStrikes","Shade:RitualOffering+1","Shade:GraveStillness+1"],"picked":"SKIP","floor":39},{"not_picked":["Shade:LyeBath","Shade:Frenzy"],"picked":"Shade:FuneraryArmor","floor":40},{"not_picked":["Shade:SkeletonHug+1","Shade:WallOfFlesh+1"],"picked":"Shade:TouchOfTheGrave","floor":41}],"player_experience":1070811,"relics_obtained":[{"floor":6.0,"key":"MawBank"},{"floor":9.0,"key":"Oddly Smooth Stone"},{"floor":10.0,"key":"Boot"},{"floor":19.0,"key":"Old Coin"},{"floor":26.0,"key":"Torii"},{"floor":34.0,"key":"MealTicket"},{"floor":34.0,"key":"White Beast Statue"},{"floor":34.0,"key":"TungstenRod"}],"event_choices":[{"damage_healed":0.0,"max_hp_gain":0.0,"max_hp_loss":0.0,"gold_gain":0.0,"event_name":"Golden Idol","player_choice":"Take Wound","floor":4.0,"gold_loss":0.0,"damage_taken":0.0,"relics_obtained":["Golden Idol"],"cards_obtained":["Injury"]},{"damage_healed":17.0,"max_hp_gain":0.0,"max_hp_loss":0.0,"gold_gain":0.0,"event_name":"Mushrooms","player_choice":"Healed and dodged fight","floor":12.0,"gold_loss":0.0,"damage_taken":0.0,"cards_obtained":["Parasite"]},{"damage_healed":0.0,"max_hp_gain":0.0,"max_hp_loss":0.0,"gold_gain":0.0,"event_name":"Lab","player_choice":"Got Potions","floor":14.0,"gold_loss":0.0,"damage_taken":0.0},{"damage_healed":0.0,"max_hp_gain":0.0,"max_hp_loss":0.0,"gold_gain":0.0,"event_name":"N\u0027loth","player_choice":"Traded Relic","floor":24.0,"relics_lost":["MawBank"],"gold_loss":0.0,"damage_taken":0.0,"relics_obtained":["Nloth\u0027s Gift"]},{"damage_healed":0.0,"max_hp_gain":0.0,"max_hp_loss":0.0,"gold_gain":0.0,"event_name":"Ghosts","player_choice":"Ignored","floor":30.0,"gold_loss":0.0,"damage_taken":0.0},{"damage_healed":0.0,"max_hp_gain":0.0,"max_hp_loss":0.0,"gold_gain":0.0,"event_name":"The Library","player_choice":"Read","floor":31.0,"gold_loss":0.0,"damage_taken":0.0,"cards_obtained":["Shade:GreyBargain"]},{"damage_healed":0,"gold_gain":100,"player_choice":"Pray","damage_taken":0,"max_hp_gain":0,"max_hp_loss":0,"event_name":"Golden Shrine","floor":36,"gold_loss":0},{"damage_healed":0,"gold_gain":0,"player_choice":"Memory 1","damage_taken":0,"max_hp_gain":0,"max_hp_loss":0,"event_name":"SensoryStone","floor":38,"gold_loss":0}],"is_beta":false,"boss_relics":[{"not_picked":["Snecko Eye","SacredBark"],"picked":"Empty Cage"},{"not_picked":["Astrolabe","SlaversCollar"],"picked":"Calling Bell"}],"items_purged_floors":[21],"is_endless":false,"potions_floor_spawned":[1,6,11,16,18,22,35,39,41],"killed_by":"Maw","ascension_level":0}}