{"host":"l7l2v2zs4hqku4vk","time":1608373166,"event":{"mods":["Act Like it!","BaseMod","Colored Powertips","Highlight Path","Minty Spire (QoL Compilation)","Replay The Spire","RumiaBox-露米娅的神秘盒子","StSLib","TestMod","The Servant 0.9.4","篝火指南"],"gold_per_floor":[119,140,140,65,84,123,123,146,146,146,175,175,175,226,226,332,332,355,381,381,306,306,351,386,386,462,191,200,223,256,282,282,415,415,443,471,504,904,933,992,992,1010,1010,681,373,425,142,200,200,234,255,255,255,124,182,189],"floor_reached":57,"playtime":2397,"items_purged":["Strike_R","Decay","Clash","Strike_R"],"score":4081,"play_id":"12d18632-7819-44a7-8a8d-d77fb10abf63","local_time":"20201219181926","is_ascension_mode":true,"campfire_choices":[{"data":"Whirlwind","floor":7,"key":"SMITH"},{"data":"Armaments","floor":10,"key":"SMITH"},{"data":"Burning Pact","floor":13,"key":"SMITH"},{"data":"Immolate","floor":15,"key":"SMITH"},{"data":"True Grit","floor":25,"key":"SMITH"},{"data":"testmod-AutoReboundSystem","floor":32,"key":"SMITH"},{"floor":41,"key":"RECALL"},{"data":"ReplayUltimateDefense","floor":49,"key":"SMITH"},{"data":"Madness","floor":53,"key":"SMITH"}],"circlet_count":0,"master_deck":["AscendersBane","Defend_R","Defend_R","Defend_R","Defend_R","Bash","Anger","Burning Pact+1","Shrug It Off","Whirlwind+1","Armaments+1","Immolate+1","Offering","Inflame+1","True Grit+1","testmod-AutoReboundSystem+1","J.A.X.","Double Tap","Madness+1","Madness","ReplayUltimateDefense+1","testmod-Reverberation"],"relics":["Burning Blood","testmod-DeterminationOfClimber","Ccalipers","ReplayFunnel","Replay:WaspNest","Golden Idol","Red Skull","Philosopher\u0027s Stone","CeramicFish","Runic Cube","Nunchaku","Strawberry","King of Hearts","ZombieArmy","GodSword3","testmod-Hope","ReplayTheSpireMod:ShopPack"],"acts_visited":["Exordium","TheCity","TheBeyond","TheEnding"],"potions_floor_usage":[6,14,46,56],"damage_taken":[{"damage":0,"enemies":"Small Slimes","floor":1,"turns":3},{"damage":0,"enemies":"Cultist","floor":2,"turns":2},{"damage":2,"enemies":"Jaw Worm","floor":5,"turns":2},{"damage":12,"enemies":"Lagavulin","floor":6,"turns":3},{"damage":3,"enemies":"Blue Slaver","floor":8,"turns":3},{"damage":4,"enemies":"3 Sentries","floor":11,"turns":4},{"damage":0,"enemies":"Gremlin Nob","floor":14,"turns":3},{"damage":18,"enemies":"The Guardian","floor":16,"turns":5},{"damage":13,"enemies":"Shell Parasite","floor":18,"turns":3},{"damage":0,"enemies":"3 Byrds","floor":19,"turns":2},{"damage":0,"enemies":"Slavers","floor":23,"turns":1},{"damage":6,"enemies":"Centurion and Healer","floor":24,"turns":2},{"damage":9,"enemies":"Cultist and Chosen","floor":29,"turns":3},{"damage":12,"enemies":"3 Cultists","floor":30,"turns":2},{"damage":9,"enemies":"Sentry and Sphere","floor":31,"turns":1},{"damage":18,"enemies":"Pondfish","floor":33,"turns":4},{"damage":12,"enemies":"3 Darklings","floor":35,"turns":1},{"damage":32,"enemies":"3 Shapes","floor":36,"turns":2},{"damage":25,"enemies":"Sphere and 2 Shapes","floor":37,"turns":2},{"damage":9,"enemies":"Spire Growth","floor":39,"turns":2},{"damage":9,"enemies":"Giant Head","floor":40,"turns":3},{"damage":9,"enemies":"Reptomancer","floor":46,"turns":2},{"damage":12,"enemies":"R_Hoarder","floor":48,"turns":3},{"damage":13,"enemies":"Awakened One","floor":50,"turns":2},{"damage":17,"enemies":"Time Eater","floor":51,"turns":4},{"damage":15,"enemies":"Shield and Spear","floor":55,"turns":1},{"damage":10,"enemies":"The Heart","floor":56,"turns":2}],"seed_played":"4074657061567912432","potions_obtained":[{"floor":5,"key":"PowerPotion"},{"floor":8,"key":"SkillPotion"},{"floor":14,"key":"Regen Potion"},{"floor":23,"key":"Energy Potion"},{"floor":39,"key":"Adrenaline Potion"},{"floor":46,"key":"Explosive Potion"},{"floor":55,"key":"ColorlessPotion"}],"is_trial":false,"path_per_floor":["M","M","?","$","M","E","R","M","T","R","E","?","R","E","R","B",null,"M","M","?","?","?","E","M","R","T","$","?","M","M","M","R","B",null,"M","M","M","?","M","E","R","?","T","R","$","E","R","E","R","B","B",null,"R","$","E","B",null],"character_chosen":"IRONCLAD","items_purchased":["testmod-AutoReboundSystem","ReplayUltimateDefense","King of Hearts","GodSword3","ReplayTheSpireMod:ShopPack"],"campfire_rested":0,"item_purchase_floors":[27,44,45,47,54],"current_hp_per_floor":[75,75,75,75,75,73,73,75,75,75,75,49,49,62,62,66,73,75,75,75,75,75,75,75,75,75,75,75,75,75,75,75,75,75,73,51,44,44,55,72,72,58,65,65,65,81,81,82,82,82,82,82,82,82,82,82],"gold":189,"neow_bonus":"TRANSFORM_CARD","is_daily":false,"chose_seed":false,"campfire_upgraded":8,"win_rate":0.0,"timestamp":1608373166,"path_taken":["M","M","?","$","M","E","R","?","T","R","E","?","R","E","R","BOSS","M","M","?","?","?","E","?","R","T","$","?","M","M","M","R","BOSS","M","M","M","?","M","E","R","?","T","R","$","E","R","E","R","BOSS","BOSS","R","$","E","BOSS"],"items_purchased_type":["Card","Card","Relic","Relic","Relic"],"build_version":"2020-12-13","purchased_purges":4,"victory":true,"max_hp_per_floor":[75,75,75,75,75,75,75,75,75,75,75,75,75,75,75,75,75,75,75,75,75,75,75,75,75,75,75,75,75,75,75,75,75,75,75,75,75,75,75,75,75,75,82,82,82,82,82,82,82,82,82,82,82,82,82,82],"card_choices":[{"not_picked":["Warcry","Thunderclap"],"picked":"Burning Pact","floor":1},{"not_picked":["Dark Embrace","ReplayTheSpireMod:Strike From Hell"],"picked":"Clash","floor":2},{"not_picked":["Thunderclap","Run Through"],"picked":"Shrug It Off","floor":5},{"not_picked":["Run Through","Infernal Blade"],"picked":"Whirlwind","floor":6},{"not_picked":["Intimidate","Headbutt"],"picked":"Armaments","floor":8},{"not_picked":["Exhume","Burning Pact"],"picked":"Immolate","floor":11},{"not_picked":["Bloodletting","True Grit","Metallicize"],"picked":"SKIP","floor":14},{"not_picked":["Fiend Fire","Immolate"],"picked":"Offering","floor":16},{"not_picked":["Pommel Strike","Cleave","Shrug It Off"],"picked":"SKIP","floor":18},{"not_picked":["Thunderclap","Power Through"],"picked":"Inflame+1","floor":19},{"not_picked":["Anger","Power Through","ReplayReversal"],"picked":"SKIP","floor":23},{"not_picked":["ReplayTheSpireMod:Strike From Hell","Clash"],"picked":"True Grit","floor":24},{"not_picked":["Perfected Strike","Entrench","Iron Wave"],"picked":"SKIP","floor":29},{"not_picked":["Sword Boomerang","Heavy Blade","Shrug It Off"],"picked":"SKIP","floor":30},{"not_picked":["ReplayTheSpireMod:Strike From Hell","Reckless Charge","Spot Weakness+1"],"picked":"SKIP","floor":31},{"not_picked":["Replay:Many Hands","Immolate"],"picked":"Double Tap","floor":33},{"not_picked":["ReplayTheSpireMod:Corrosion Curse","Run Through","Dual Wield+1"],"picked":"SKIP","floor":35},{"not_picked":["Iron Wave","True Grit","Burning Pact"],"picked":"SKIP","floor":36},{"not_picked":["True Grit","Carnage","Rupture+1"],"picked":"SKIP","floor":37},{"not_picked":["Disarm+1","Thunderclap","ReplayTheSpireMod:Muscle Training+1"],"picked":"SKIP","floor":39},{"not_picked":["Replay:Undeath\u0027s Touch","Twin Strike","Shrug It Off"],"picked":"SKIP","floor":40},{"not_picked":["Flex","Fire Breathing","Disarm"],"picked":"SKIP","floor":46},{"not_picked":["Spot Weakness","Flex+1","Rage"],"picked":"SKIP","floor":48},{"not_picked":["testmod-TradeIn","Transmutation"],"picked":"testmod-Reverberation","floor":54},{"not_picked":["Armaments+1","Sword Boomerang+1","Searing Blow+1"],"picked":"SKIP","floor":55}],"player_experience":1649265,"relics_obtained":[{"floor":6,"key":"Ccalipers"},{"floor":9,"key":"ReplayFunnel"},{"floor":11,"key":"Replay:WaspNest"},{"floor":14,"key":"Red Skull"},{"floor":23,"key":"CeramicFish"},{"floor":40,"key":"Nunchaku"},{"floor":43,"key":"Strawberry"},{"floor":46,"key":"ZombieArmy"},{"floor":48,"key":"testmod-Hope"}],"event_choices":[{"cards_removed":["Strike_R"],"damage_healed":0,"gold_gain":0,"player_choice":"Offered Basic","damage_taken":0,"max_hp_gain":0,"max_hp_loss":0,"event_name":"Bonfire Elementals","floor":3,"gold_loss":0},{"damage_healed":0,"gold_gain":0,"player_choice":"Take Damage","damage_taken":26,"relics_obtained":["Golden Idol"],"max_hp_gain":0,"max_hp_loss":0,"event_name":"Golden Idol","floor":12,"gold_loss":0},{"damage_healed":0,"gold_gain":0,"player_choice":"Ignored","damage_taken":0,"max_hp_gain":0,"max_hp_loss":0,"event_name":"The Mausoleum","floor":20,"gold_loss":0},{"cards_removed":["Strike_R"],"damage_healed":0,"gold_gain":0,"player_choice":"Gave Gold","damage_taken":0,"max_hp_gain":0,"max_hp_loss":0,"event_name":"Beggar","floor":21,"gold_loss":75},{"damage_healed":0,"gold_gain":0,"player_choice":"Cursed","damage_taken":0,"max_hp_gain":0,"max_hp_loss":0,"event_name":"Wheel of Change","floor":22,"gold_loss":0,"cards_obtained":["Decay"]},{"damage_healed":0,"gold_gain":0,"player_choice":"Obtain J.A.X.","damage_taken":0,"max_hp_gain":0,"max_hp_loss":0,"event_name":"Drug Dealer","floor":28,"gold_loss":0,"cards_obtained":["J.A.X."]},{"damage_healed":0,"gold_gain":400,"player_choice":"Sell","damage_taken":0,"max_hp_gain":0,"max_hp_loss":0,"event_name":"恩洛斯的盘子","floor":38,"relics_lost":["testmod-TestBox"],"gold_loss":0},{"damage_healed":0,"gold_gain":0,"player_choice":"Embrace Madness","damage_taken":14,"max_hp_gain":0,"max_hp_loss":0,"event_name":"Winding Halls","floor":42,"gold_loss":0,"cards_obtained":["Madness","Madness"]}],"is_beta":false,"boss_relics":[{"not_picked":["Snecko Eye","Runic Dome"],"picked":"Philosopher\u0027s Stone"},{"not_picked":["Replay:Drink Me","testmod-CardMagician"],"picked":"Runic Cube"}],"items_purged_floors":[4,27,44,45],"is_endless":false,"potions_floor_spawned":[5,8,14,23,24,30,37,39,46,55],"ascension_level":20}}