{"host":"sabve5zmqufxyc5o","time":1608355496,"event":{"mods":["2.2 Compatiblity","AchievementEnabler","Act Like it!","BaseMod","Block Reminder","Colored Map","Colored Powertips","DeckTracker","KOR Keyword Fix","Keyboard Shortcuts","Minty Spire (QoL Compilation)","Quick Restart","Rare Cards Sparkle","Relic Stats","StSLib","SuperFastMode"],"gold_per_floor":[111,131,141,141,33,45,45,73,149,149,178,24,24,49,49,126,126,144,155,155,3,17,17,50,50,73,99,115,133,22,34,34,34,34],"floor_reached":33,"playtime":735,"items_purged":[],"score":660,"play_id":"04dd8ad9-1fd5-4566-b6e2-17783aa16ce6","local_time":"20201219142456","is_ascension_mode":true,"campfire_choices":[{"data":"Fusion","floor":7.0,"key":"SMITH"},{"floor":10.0,"key":"REST"},{"floor":15.0,"key":"REST"},{"data":"Fusion","floor":23.0,"key":"SMITH"},{"data":"Coolheaded","floor":25.0,"key":"SMITH"},{"floor":32.0,"key":"REST"}],"circlet_count":0,"master_deck":["AscendersBane","Strike_B","Defend_B","Defend_B","Defend_B","Defend_B","Zap","Dualcast","Rainbow","BootSequence","Stack","Fusion+1","Compile Driver","Turbo","Conserve Battery","Rip and Tear","Coolheaded+1","All For One","FTL","Cold Snap","Electrodynamics","Aggregate","Streamline","Fusion+1","Self Repair","Echo Form","Stack","Capacitor","Rebound","Coolheaded","Stack+1","Self Repair","Hologram","Beam Cell"],"relics":["Cracked Core","FossilizedHelix","Cables","DataDisk","The Courier","Centennial Puzzle","Nuclear Battery","Shuriken","Boot","Bag of Preparation"],"acts_visited":["Exordium","TheCity"],"potions_floor_usage":[],"damage_taken":[{"damage":0.0,"enemies":"Cultist","floor":1.0,"turns":3.0},{"damage":0.0,"enemies":"2 Louse","floor":2.0,"turns":2.0},{"damage":0.0,"enemies":"Jaw Worm","floor":3.0,"turns":4.0},{"damage":2.0,"enemies":"Exordium Wildlife","floor":6.0,"turns":4.0},{"damage":28.0,"enemies":"3 Sentries","floor":8.0,"turns":8.0},{"damage":0.0,"enemies":"Lagavulin","floor":11.0,"turns":6.0},{"damage":28.0,"enemies":"Gremlin Nob","floor":14.0,"turns":4.0},{"damage":9.0,"enemies":"Hexaghost","floor":16.0,"turns":9.0},{"damage":0.0,"enemies":"2 Thieves","floor":18.0,"turns":2.0},{"damage":5.0,"enemies":"Shell Parasite","floor":19.0,"turns":4.0},{"damage":0.0,"enemies":"Centurion and Healer","floor":22.0,"turns":4.0},{"damage":17.0,"enemies":"Book of Stabbing","floor":24.0,"turns":5.0},{"damage":33.0,"enemies":"Slavers","floor":27.0,"turns":4.0},{"damage":5.0,"enemies":"Snake Plant","floor":28.0,"turns":4.0},{"damage":0.0,"enemies":"3 Cultists","floor":29.0,"turns":3.0},{"damage":10.0,"enemies":"Shelled Parasite and Fungi","floor":31.0,"turns":6.0},{"damage":0,"enemies":"Automaton","floor":33,"turns":1}],"seed_played":"-2931042010412101597","potions_obtained":[{"floor":3.0,"key":"FocusPotion"},{"floor":6.0,"key":"SkillPotion"},{"floor":11.0,"key":"Energy Potion"},{"floor":16.0,"key":"SteroidPotion"},{"floor":18.0,"key":"SpeedPotion"},{"floor":22.0,"key":"Dexterity Potion"},{"floor":27.0,"key":"Swift Potion"}],"is_trial":false,"path_per_floor":["M","M","M","?","$","M","R","E","T","R","E","$","T","E","R","B",null,"M","M","?","$","M","R","E","R","T","E","M","M","$","M","R","B"],"character_chosen":"DEFECT","items_purchased":["Compile Driver","Turbo","All For One","FTL","Self Repair","Echo Form","Self Repair","Hologram"],"campfire_rested":3,"item_purchase_floors":[5,5,12,12,21,21,30,30],"current_hp_per_floor":[64,64,64,64,64,62,62,34,34,55,55,55,55,27,48,39,63,63,58,58,58,65,65,55,55,55,29,31,31,31,35,56,56,56],"gold":34,"neow_bonus":"TRANSFORM_CARD","is_daily":false,"chose_seed":false,"campfire_upgraded":3,"win_rate":0.0,"timestamp":1608355496,"path_taken":["M","M","?","?","?","M","R","E","T","R","E","$","?","E","R","BOSS","M","M","?","$","M","R","E","R","T","E","?","M","$","M","R","BOSS"],"items_purchased_type":["Card","Card","Card","Card","Card","Card","Card","Card"],"build_version":"2020-12-13","purchased_purges":0,"victory":false,"max_hp_per_floor":[71,71,71,71,71,71,71,71,71,71,71,71,71,71,71,71,71,71,71,71,71,71,71,71,71,71,71,71,71,71,71,71,71,71],"relic_stats":{"Centennial Puzzle":[18],"counters":[17,73],"Shuriken":[3],"Bag of Preparation":[8],"Boot":[0],"obtain_stats":[{"DataDisk":11,"Centennial Puzzle":14,"Shuriken":24,"The Courier":13,"Bag of Preparation":27,"Cracked Core":0,"Boot":26,"FossilizedHelix":8,"Cables":9,"Nuclear Battery":17},{"DataDisk":6,"Centennial Puzzle":7,"Shuriken":12,"The Courier":6,"Bag of Preparation":13,"Cracked Core":0,"Boot":12,"FossilizedHelix":5,"Cables":5,"Nuclear Battery":8},{"DataDisk":27,"Centennial Puzzle":31,"Shuriken":55,"The Courier":27,"Bag of Preparation":59,"Cracked Core":0,"Boot":55,"FossilizedHelix":21,"Cables":21,"Nuclear Battery":40}],"Cables":[40,15,12,5,8]},"card_choices":[{"not_picked":["Hologram","Steam Power"],"picked":"BootSequence","floor":1.0},{"not_picked":["Lockon","Conserve Battery"],"picked":"Stack","floor":2.0},{"not_picked":["Redo","Steam"],"picked":"Fusion","floor":3.0},{"not_picked":["Genetic Algorithm","Rainbow"],"picked":"Conserve Battery","floor":6.0},{"not_picked":["Tempest","Redo"],"picked":"Rip and Tear","floor":8.0},{"not_picked":["Chaos","Consume"],"picked":"Coolheaded","floor":11.0},{"not_picked":["Rainbow","Go for the Eyes"],"picked":"Cold Snap","floor":14.0},{"not_picked":["Machine Learning","Fission"],"picked":"Electrodynamics","floor":16.0},{"not_picked":["Compile Driver","Scrape"],"picked":"Aggregate","floor":18.0},{"not_picked":["Leap","Force Field+1"],"picked":"Streamline","floor":19.0},{"not_picked":["Rip and Tear","Go for the Eyes"],"picked":"Stack","floor":22.0},{"not_picked":["Auto Shields","Chaos"],"picked":"Capacitor","floor":24.0},{"not_picked":["Gash","Barrage"],"picked":"Rebound","floor":27.0},{"not_picked":["Cold Snap","Auto Shields"],"picked":"Coolheaded","floor":28.0},{"not_picked":["Coolheaded","Leap"],"picked":"Stack+1","floor":29.0},{"not_picked":["Barrage","Rebound"],"picked":"Beam Cell","floor":31.0}],"player_experience":788006,"relics_obtained":[{"floor":8.0,"key":"FossilizedHelix"},{"floor":9.0,"key":"Cables"},{"floor":11.0,"key":"DataDisk"},{"floor":13.0,"key":"The Courier"},{"floor":14.0,"key":"Centennial Puzzle"},{"floor":24.0,"key":"Shuriken"},{"floor":26.0,"key":"Boot"},{"floor":27.0,"key":"Bag of Preparation"}],"event_choices":[{"cards_removed":["Strike_B"],"damage_healed":0.0,"max_hp_gain":0.0,"max_hp_loss":0.0,"gold_gain":0.0,"event_name":"Purifier","player_choice":"Purged","floor":4.0,"gold_loss":0.0,"damage_taken":0.0},{"damage_healed":0.0,"max_hp_gain":0.0,"max_hp_loss":0.0,"gold_gain":0.0,"cards_transformed":["Strike_B"],"event_name":"Transmorgrifier","player_choice":"Transformed","floor":20.0,"gold_loss":0.0,"damage_taken":0.0,"cards_obtained":["Fusion"]}],"is_beta":false,"boss_relics":[{"not_picked":["Pandora\u0027s Box","Velvet Choker"],"picked":"Nuclear Battery"}],"items_purged_floors":[],"is_endless":false,"potions_floor_spawned":[3,6,11,16,18,22,27,28],"killed_by":"Automaton","ascension_level":20}}