{"host":"2n2g1vowfllvjtvi","time":1608415465,"event":{"mods":["AchievementEnabler","BaseMod","Custom Start","GifTheSpireLib","Keyboard Shortcuts","Minty Spire (QoL Compilation)","Quick Restart","Rare Cards Sparkle","StSLib","SuperFastMode"],"gold_per_floor":[115,43,43,43,54,83,83,111,111,134,147,163,163,177,206,206,206,206],"floor_reached":17,"playtime":317,"items_purged":[],"score":288,"play_id":"be18dad8-5b76-44d6-a40b-e6832b742607","local_time":"20201220070425","is_ascension_mode":true,"campfire_choices":[{"data":"Dark Embrace","floor":7.0,"key":"SMITH"},{"floor":16,"key":"DIG"}],"circlet_count":0,"master_deck":["AscendersBane","Strike_R","Strike_R","Strike_R","Defend_R","Defend_R","Defend_R","Defend_R","Bash","Second Wind","Feed","Carnage","Dark Embrace+1","Disarm","Feel No Pain"],"relics":["Burning Blood","NeowsBlessing","Gambling Chip","Shovel","Ice Cream","Odd Mushroom","Ginger","Centennial Puzzle"],"acts_visited":["Exordium"],"potions_floor_usage":[14,17],"damage_taken":[{"damage":0.0,"enemies":"2 Louse","floor":1.0,"turns":1.0},{"damage":0.0,"enemies":"Jaw Worm","floor":5.0,"turns":1.0},{"damage":0.0,"enemies":"3 Sentries","floor":6.0,"turns":2.0},{"damage":24.0,"enemies":"Gremlin Nob","floor":8.0,"turns":4.0},{"damage":28.0,"enemies":"The Mushroom Lair","floor":10.0,"turns":5.0},{"damage":0.0,"enemies":"Small Slimes","floor":11.0,"turns":2.0},{"damage":4.0,"enemies":"Exordium Wildlife","floor":12.0,"turns":4.0},{"damage":10,"enemies":"Gremlin Gang","floor":14,"turns":6},{"damage":30,"enemies":"3 Sentries","floor":15,"turns":9},{"damage":12,"enemies":"The Guardian","floor":17,"turns":5}],"seed_played":"7110792313417981975","potions_obtained":[{"floor":1.0,"key":"ColorlessPotion"},{"floor":10.0,"key":"SteroidPotion"},{"floor":11.0,"key":"Explosive Potion"},{"floor":14,"key":"FearPotion"}],"is_trial":false,"path_per_floor":["M","$","?","?","M","E","R","E","T","?","M","M","M","M","E","R","B"],"character_chosen":"IRONCLAD","items_purchased":["Feed"],"campfire_rested":0,"item_purchase_floors":[2],"current_hp_per_floor":[74,74,74,67,76,81,81,63,63,44,53,58,58,57,36,36,24,24],"gold":206,"neow_bonus":"THREE_ENEMY_KILL","is_daily":false,"chose_seed":false,"campfire_upgraded":1,"win_rate":0.0,"timestamp":1608415465,"path_taken":["M","$","?","?","M","E","R","E","T","?","M","M","M","M","E","R","BOSS"],"items_purchased_type":["Card"],"build_version":"2020-12-13","purchased_purges":0,"victory":false,"max_hp_per_floor":[75,75,75,75,78,81,81,81,81,84,87,90,90,93,96,96,96,96],"card_choices":[{"not_picked":["Power Through","True Grit"],"picked":"Second Wind","floor":1.0},{"not_picked":["Disarm","Sword Boomerang"],"picked":"Carnage","floor":5.0},{"not_picked":["Fire Breathing","Sever Soul"],"picked":"Dark Embrace","floor":6.0},{"not_picked":["Spot Weakness","Rage"],"picked":"Disarm","floor":8.0},{"not_picked":["Second Wind","Body Slam","Sword Boomerang"],"picked":"SKIP","floor":11.0},{"not_picked":["Intimidate","Burning Pact","Dropkick"],"picked":"SKIP","floor":12.0},{"not_picked":["Twin Strike","Sever Soul","Dropkick"],"picked":"SKIP","floor":14},{"not_picked":["Perfected Strike","Searing Blow"],"picked":"Feel No Pain","floor":15}],"player_experience":435059,"relics_obtained":[{"floor":6.0,"key":"Gambling Chip"},{"floor":8.0,"key":"Shovel"},{"floor":9.0,"key":"Ice Cream"},{"floor":10.0,"key":"Odd Mushroom"},{"floor":15,"key":"Ginger"},{"floor":16,"key":"Centennial Puzzle"}],"event_choices":[{"cards_removed":["Strike_R"],"damage_healed":0.0,"max_hp_gain":0.0,"max_hp_loss":0.0,"gold_gain":0.0,"event_name":"Living Wall","player_choice":"Forget","floor":3.0,"gold_loss":0.0,"damage_taken":0.0},{"cards_removed":["Strike_R"],"damage_healed":0.0,"max_hp_gain":0.0,"max_hp_loss":0.0,"gold_gain":0.0,"event_name":"Golden Wing","player_choice":"Card Removal","floor":4.0,"gold_loss":0.0,"damage_taken":7.0},{"damage_healed":0.0,"max_hp_gain":0.0,"max_hp_loss":0.0,"gold_gain":0.0,"event_name":"Mushrooms","player_choice":"Fought Mushrooms","floor":10.0,"gold_loss":0.0,"damage_taken":0.0}],"is_beta":false,"boss_relics":[],"items_purged_floors":[],"is_endless":false,"potions_floor_spawned":[1,10,11,14],"killed_by":"The Guardian","ascension_level":15}}