{"host":"bznrw1tuv4hzt226","time":1608351907,"event":{"mods":["BaseMod","Colored Map","Friendly Minions","Highlight Path","Minty Spire (QoL Compilation)","Permanent Neow","Relic Stats","Slay-I","StSLib","SuperFastMode"],"gold_per_floor":[116,127,127,147,147,182,182,209,209,228,239,239,274,292,292,369,369,383,98,108,118,118,144,144,171,219,53,68,68,83,109,109,185,185,198,198,198,210,210,243,0,0,0,16,45,70,70,101,101,101],"floor_reached":51,"playtime":3761,"items_purged":["Strike_P"],"score":1643,"play_id":"ec61f336-0338-4747-8f61-2c59309b07ce","local_time":"20201219132507","is_ascension_mode":true,"campfire_choices":[{"data":"SashWhip","floor":7.0,"key":"SMITH"},{"data":"CrushJoints","floor":12.0,"key":"SMITH"},{"data":"Perseverance","floor":15.0,"key":"SMITH"},{"data":"Eruption","floor":24.0,"key":"SMITH"},{"data":"LikeWater","floor":29.0,"key":"SMITH"},{"data":"Wireheading","floor":32.0,"key":"SMITH"},{"floor":42.0,"key":"REST"},{"data":"Protect","floor":49,"key":"SMITH"}],"circlet_count":0,"master_deck":["AscendersBane","Strike_P+1","Defend_P+1","Defend_P+1","Defend_P+1","Eruption+1","Vigilance+1","CrushJoints+1","BowlingBash+1","SashWhip+1","Perseverance+1","Protect+1","Conclude+1","Vault+1","ClearTheMind+1","CarveReality+1","LessonLearned+1","ThirdEye+1","SandsOfTime+1","Blasphemy+1","Wireheading+1","LikeWater+1","InnerPeace+1","Adaptation+1","FlurryOfBlows+1","Flash of Steel+1","Protect+1","Indignation+1"],"relics":["PureWater","Molten Egg 2","Incense Burner","Ice Cream","Mummified Hand","Philosopher\u0027s Stone","Bag of Preparation","Bag of Marbles","Pen Nib","Orichalcum","Dream Catcher","Empty Cage","Frozen Egg 2","Red Mask","Pantograph","Strawberry","White Beast Statue"],"acts_visited":["Exordium","TheCity","TheBeyond"],"potions_floor_usage":[44,50],"damage_taken":[{"damage":0.0,"enemies":"Small Slimes","floor":1.0,"turns":2.0},{"damage":6.0,"enemies":"Jaw Worm","floor":2.0,"turns":4.0},{"damage":0.0,"enemies":"Cultist","floor":4.0,"turns":3.0},{"damage":8.0,"enemies":"Lagavulin","floor":6.0,"turns":8.0},{"damage":23.0,"enemies":"3 Sentries","floor":8.0,"turns":10.0},{"damage":9.0,"enemies":"Exordium Thugs","floor":10.0,"turns":9.0},{"damage":1.0,"enemies":"2 Fungi Beasts","floor":11.0,"turns":6.0},{"damage":0.0,"enemies":"Gremlin Nob","floor":13.0,"turns":4.0},{"damage":0.0,"enemies":"Blue Slaver","floor":14.0,"turns":9.0},{"damage":11.0,"enemies":"Hexaghost","floor":16.0,"turns":7.0},{"damage":13.0,"enemies":"3 Byrds","floor":18.0,"turns":8.0},{"damage":2.0,"enemies":"Chosen","floor":20.0,"turns":3.0},{"damage":1.0,"enemies":"Centurion and Healer","floor":21.0,"turns":6.0},{"damage":3.0,"enemies":"Slavers","floor":23.0,"turns":7.0},{"damage":0.0,"enemies":"Gremlin Leader","floor":25.0,"turns":4.0},{"damage":5.0,"enemies":"Shelled Parasite and Fungi","floor":28.0,"turns":7.0},{"damage":0.0,"enemies":"Snake Plant","floor":30.0,"turns":2.0},{"damage":0.0,"enemies":"Slavers","floor":31.0,"turns":6.0},{"damage":10.0,"enemies":"Automaton","floor":33.0,"turns":9.0},{"damage":0.0,"enemies":"3 Shapes","floor":35.0,"turns":5.0},{"damage":0.0,"enemies":"3 Darklings","floor":38.0,"turns":5.0},{"damage":0.0,"enemies":"Giant Head","floor":40.0,"turns":7.0},{"damage":0,"enemies":"Spire Growth","floor":44,"turns":5},{"damage":0,"enemies":"Reptomancer","floor":45,"turns":4},{"damage":0,"enemies":"Mind Bloom Boss Battle","floor":46,"turns":3},{"damage":2,"enemies":"Giant Head","floor":48,"turns":6},{"damage":5,"enemies":"Awakened One","floor":50,"turns":9}],"seed_played":"-7548454761889434474","potions_obtained":[{"floor":1.0,"key":"Weak Potion"},{"floor":10.0,"key":"FearPotion"},{"floor":13.0,"key":"Block Potion"},{"floor":16.0,"key":"SpeedPotion"},{"floor":21.0,"key":"Ancient Potion"},{"floor":25.0,"key":"Fire Potion"},{"floor":44,"key":"Dexterity Potion"},{"floor":46,"key":"BottledMiracle"}],"is_trial":false,"path_per_floor":["M","M","?","M","?","E","R","E","T","M","M","R","E","M","R","B",null,"M","$","M","M","?","E","R","E","T","$","M","R","M","E","R","B",null,"M","$","?","M","?","E","?","R","T","M","E","?","?","E","R","B",null],"character_chosen":"WATCHER","items_purchased":["Bag of Preparation","SandsOfTime+1","InnerPeace","Adaptation"],"campfire_rested":1,"item_purchase_floors":[19,19,27,27],"current_hp_per_floor":[61,55,55,55,60,52,52,29,29,20,19,19,19,19,19,8,57,44,44,42,41,56,53,53,53,53,53,48,48,48,48,48,38,64,64,64,64,64,54,54,54,69,69,69,76,76,76,74,74,71],"gold":101,"neow_bonus":"THREE_CARDS","is_daily":false,"chose_seed":false,"campfire_upgraded":7,"win_rate":0.0,"timestamp":1608351907,"path_taken":["M","M","?","M","?","E","R","E","T","?","?","R","E","M","R","BOSS","M","$","M","M","?","E","R","E","T","$","M","R","M","E","R","BOSS","M","$","?","M","?","E","?","R","T","M","E","?","?","E","R","BOSS"],"items_purchased_type":["Relic","Card","Card","Card"],"build_version":"2020-12-13","purchased_purges":1,"victory":true,"max_hp_per_floor":[68,68,68,68,73,73,73,73,73,73,73,73,73,73,73,73,73,73,73,73,73,73,73,73,73,73,73,73,73,73,73,73,73,73,73,73,69,69,69,69,69,69,69,69,76,76,76,76,76,76],"relic_stats":{"Dream Catcher":1,"counters":[27,158],"Mummified Hand":[55],"Pantograph":2,"Pen Nib":[16],"Bag of Preparation":[32],"Orichalcum":[108],"obtain_stats":[{"Ice Cream":9,"Pen Nib":25,"Incense Burner":8,"Bag of Preparation":19,"Orichalcum":26,"Frozen Egg 2":40,"Empty Cage":34,"White Beast Statue":48,"Dream Catcher":31,"Mummified Hand":13,"Pantograph":43,"Strawberry":45,"Molten Egg 2":6,"Philosopher\u0027s Stone":17,"Bag of Marbles":23,"Red Mask":41,"PureWater":0},{"Ice Cream":5,"Pen Nib":15,"Incense Burner":5,"Bag of Preparation":11,"Orichalcum":15,"Frozen Egg 2":22,"Empty Cage":19,"White Beast Statue":26,"Dream Catcher":18,"Mummified Hand":8,"Pantograph":22,"Strawberry":24,"Molten Egg 2":4,"Philosopher\u0027s Stone":10,"Bag of Marbles":14,"Red Mask":22,"PureWater":0},{"Ice Cream":27,"Pen Nib":90,"Incense Burner":27,"Bag of Preparation":70,"Orichalcum":90,"Frozen Egg 2":131,"Empty Cage":114,"White Beast Statue":149,"Dream Catcher":105,"Mummified Hand":46,"Pantograph":131,"Strawberry":140,"Molten Egg 2":17,"Philosopher\u0027s Stone":62,"Bag of Marbles":86,"Red Mask":131,"PureWater":0}]},"card_choices":[{"not_picked":["FlyingSleeves","FollowUp"],"picked":"CrushJoints","floor":0.0},{"not_picked":["Perseverance","Study"],"picked":"BowlingBash","floor":1.0},{"not_picked":["CrushJoints","PathToVictory"],"picked":"SashWhip","floor":2.0},{"not_picked":["FlyingSleeves","PathToVictory","Worship"],"picked":"SKIP","floor":4.0},{"not_picked":["Collect","Evaluate"],"picked":"Protect","floor":6.0},{"not_picked":["BowlingBash+1","Indignation"],"picked":"Conclude+1","floor":8.0},{"not_picked":["Weave+1","CrushJoints+1"],"picked":"Vault","floor":10.0},{"not_picked":["Crescendo","EmptyMind","Consecrate+1"],"picked":"SKIP","floor":11.0},{"not_picked":["WreathOfFlame","FollowUp+1"],"picked":"ClearTheMind","floor":13.0},{"not_picked":["SashWhip+1","ClearTheMind"],"picked":"CarveReality+1","floor":14.0},{"not_picked":["Alpha","Ragnarok+1"],"picked":"LessonLearned+1","floor":16.0},{"not_picked":["ReachHeaven+1","EmptyBody"],"picked":"ThirdEye","floor":18.0},{"not_picked":["PathToVictory","ClearTheMind"],"picked":"Blasphemy","floor":20.0},{"not_picked":["JustLucky+1","EmptyMind"],"picked":"Wireheading","floor":21.0},{"not_picked":["Worship","WindmillStrike+1","LikeWater"],"picked":"SKIP","floor":23.0},{"not_picked":["Worship","WindmillStrike+1"],"picked":"LikeWater","floor":23.0},{"not_picked":["Halt","CutThroughFate+1","Worship"],"picked":"SKIP","floor":25.0},{"not_picked":["Protect","FollowUp+1","BowlingBash+1"],"picked":"SKIP","floor":28.0},{"not_picked":["CutThroughFate+1","Crescendo"],"picked":"FlurryOfBlows+1","floor":30.0},{"not_picked":["Conclude+1","Study","DevaForm"],"picked":"SKIP","floor":31.0},{"not_picked":["Conclude+1","Study","DevaForm"],"picked":"SKIP","floor":31.0},{"not_picked":["Protect+1","Prostrate","CutThroughFate+1"],"picked":"SKIP","floor":35.0},{"not_picked":["Fasting2+1","BowlingBash+1","ClearTheMind+1"],"picked":"SKIP","floor":38.0},{"not_picked":["Deep Breath","Good Instincts"],"picked":"Flash of Steel+1","floor":39.0},{"not_picked":["FlyingSleeves+1","BowlingBash+1","Nirvana+1"],"picked":"SKIP","floor":40.0},{"not_picked":["EmptyBody","WheelKick+1"],"picked":"Protect","floor":44},{"not_picked":["Prostrate","EmptyFist+1"],"picked":"Indignation","floor":45},{"not_picked":["Pray","EmptyMind","SashWhip+1"],"picked":"SKIP","floor":48}],"player_experience":552549,"relics_obtained":[{"floor":6.0,"key":"Molten Egg 2"},{"floor":8.0,"key":"Incense Burner"},{"floor":9.0,"key":"Ice Cream"},{"floor":13.0,"key":"Mummified Hand"},{"floor":23.0,"key":"Bag of Marbles"},{"floor":25.0,"key":"Pen Nib"},{"floor":26.0,"key":"Orichalcum"},{"floor":31.0,"key":"Dream Catcher"},{"floor":40.0,"key":"Frozen Egg 2"},{"floor":43.0,"key":"Pantograph"},{"floor":45,"key":"Strawberry"},{"floor":48,"key":"White Beast Statue"}],"event_choices":[{"damage_healed":0.0,"max_hp_gain":0.0,"max_hp_loss":0.0,"gold_gain":0.0,"cards_transformed":["Strike_P"],"event_name":"Living Wall","player_choice":"Change","floor":3.0,"gold_loss":0.0,"damage_taken":0.0,"cards_obtained":["Perseverance"]},{"damage_healed":0.0,"max_hp_gain":5.0,"max_hp_loss":0.0,"gold_gain":0.0,"event_name":"Big Fish","player_choice":"Donut","floor":5.0,"gold_loss":0.0,"damage_taken":0.0},{"damage_healed":15.0,"max_hp_gain":0.0,"max_hp_loss":0.0,"gold_gain":0.0,"event_name":"The Library","player_choice":"Heal","floor":22.0,"gold_loss":0.0,"damage_taken":0.0},{"damage_healed":0.0,"max_hp_gain":0.0,"max_hp_loss":4.0,"gold_gain":0.0,"event_name":"Winding Halls","player_choice":"Max HP","floor":37.0,"gold_loss":0.0,"damage_taken":0.0},{"damage_healed":0.0,"max_hp_gain":0.0,"max_hp_loss":0.0,"gold_gain":0.0,"event_name":"SensoryStone","player_choice":"Memory 3","floor":39.0,"gold_loss":0.0,"damage_taken":10.0},{"damage_healed":0.0,"max_hp_gain":0.0,"max_hp_loss":0.0,"gold_gain":0.0,"event_name":"Tomb of Lord Red Mask","player_choice":"Paid","floor":41.0,"gold_loss":243.0,"damage_taken":0.0,"relics_obtained":["Red Mask"]},{"damage_healed":0,"gold_gain":0,"player_choice":"Fight","damage_taken":0,"max_hp_gain":0,"max_hp_loss":0,"event_name":"MindBloom","floor":46,"gold_loss":0},{"damage_healed":0,"gold_gain":0,"player_choice":"Ignored","damage_taken":0,"max_hp_gain":0,"max_hp_loss":0,"event_name":"Mysterious Sphere","floor":47,"gold_loss":0}],"is_beta":false,"boss_relics":[{"not_picked":["SacredBark","Velvet Choker"],"picked":"Philosopher\u0027s Stone"},{"not_picked":["Busted Crown","Calling Bell"],"picked":"Empty Cage"}],"items_purged_floors":[19],"is_endless":false,"potions_floor_spawned":[1,10,13,16,18,21,25,44,46,48],"ascension_level":16}}