{"host":"12piqfhmdln9x2la","time":1608394662,"event":{"mods":["2.2 Compatiblity","AchievementEnabler","BaseMod","BetterRewards","Colored Powertips","Minty Spire (QoL Compilation)","Quick Restart","SuperFastMode"],"gold_per_floor":[111,131,306,326,326,354,1,1,54,71,90,117,135,154,154,154,154],"floor_reached":16,"playtime":411,"items_purged":["Strike_B"],"score":114,"play_id":"f25103c1-10d7-4e2c-84a5-d01173d4a1fa","local_time":"20201220011742","is_ascension_mode":false,"campfire_choices":[{"data":"Storm","floor":8,"key":"SMITH"},{"data":"Static Discharge","floor":15,"key":"SMITH"}],"circlet_count":0,"master_deck":["Strike_B","Strike_B","Strike_B","Defend_B","Defend_B","Defend_B","Defend_B","Zap","Dualcast","Turbo","Compile Driver","Storm+1","FTL","Capacitor","Bandage Up","Static Discharge+1","Skim","Barrage","White Noise"],"relics":["Cracked Core","NeowsBlessing","Orichalcum","Membership Card","Omamori","MealTicket","Ice Cream"],"acts_visited":["Exordium"],"potions_floor_usage":[11,13],"damage_taken":[{"damage":0.0,"enemies":"Cultist","floor":1.0,"turns":1.0},{"damage":0.0,"enemies":"2 Louse","floor":2.0,"turns":1.0},{"damage":0.0,"enemies":"Jaw Worm","floor":4.0,"turns":1.0},{"damage":8.0,"enemies":"3 Sentries","floor":6.0,"turns":4.0},{"damage":8,"enemies":"2 Fungi Beasts","floor":10,"turns":4},{"damage":8,"enemies":"3 Louse","floor":11,"turns":3},{"damage":37,"enemies":"Gremlin Nob","floor":12,"turns":4},{"damage":12,"enemies":"Exordium Wildlife","floor":13,"turns":4},{"damage":12,"enemies":"Lots of Slimes","floor":14,"turns":3},{"damage":27,"enemies":"The Guardian","floor":16,"turns":2}],"seed_played":"-8601301816734149697","potions_obtained":[{"floor":2.0,"key":"PowerPotion"},{"floor":6.0,"key":"Fruit Juice"},{"floor":10,"key":"Swift Potion"},{"floor":12,"key":"Regen Potion"}],"is_trial":false,"path_per_floor":["M","M","?","M","?","E","$","R","T","M","M","E","M","M","R","B"],"character_chosen":"DEFECT","items_purchased":["Membership Card","Capacitor","Omamori","Bandage Up"],"campfire_rested":0,"item_purchase_floors":[7,7,7,7],"current_hp_per_floor":[75,75,75,75,75,72,72,72,72,68,64,31,35,27,27,0,0],"gold":154,"neow_bonus":"THREE_ENEMY_KILL","is_daily":false,"chose_seed":false,"campfire_upgraded":2,"win_rate":0.0,"timestamp":1608394662,"path_taken":["M","M","?","M","?","E","$","R","T","M","M","E","M","M","R","BOSS"],"items_purchased_type":["Relic","Card","Relic","Card"],"build_version":"2020-12-13","purchased_purges":1,"victory":false,"max_hp_per_floor":[75,75,75,75,75,80,80,80,80,80,80,80,80,80,80,80,80],"card_choices":[{"not_picked":["Beam Cell","Barrage"],"picked":"Turbo","floor":1.0},{"not_picked":["Undo","Beam Cell"],"picked":"Compile Driver","floor":2.0},{"not_picked":["Recycle","Sweeping Beam"],"picked":"Storm","floor":4.0},{"not_picked":["Coolheaded","Cold Snap"],"picked":"FTL","floor":6.0},{"not_picked":["Rebound","Leap"],"picked":"Static Discharge","floor":10},{"not_picked":["Rip and Tear","Leap"],"picked":"Skim","floor":11},{"not_picked":["Go for the Eyes","Cold Snap"],"picked":"Barrage","floor":12},{"not_picked":["Tempest","Amplify"],"picked":"White Noise","floor":13},{"not_picked":["Beam Cell","Steam Power","Sweeping Beam"],"picked":"SKIP","floor":14}],"player_experience":102089,"relics_obtained":[{"floor":6.0,"key":"Orichalcum"},{"floor":9,"key":"MealTicket"},{"floor":12,"key":"Ice Cream"}],"event_choices":[{"damage_healed":0.0,"max_hp_gain":0.0,"max_hp_loss":0.0,"gold_gain":175.0,"event_name":"Liars Game","player_choice":"AGREE","floor":3.0,"gold_loss":0.0,"damage_taken":0.0,"cards_obtained":["Doubt"]},{"cards_removed":["Doubt"],"damage_healed":0.0,"max_hp_gain":0.0,"max_hp_loss":0.0,"gold_gain":0.0,"event_name":"Purifier","player_choice":"Purged","floor":5.0,"gold_loss":0.0,"damage_taken":0.0}],"is_beta":false,"boss_relics":[],"items_purged_floors":[7],"is_endless":false,"potions_floor_spawned":[2,6,10,12],"killed_by":"The Guardian","ascension_level":0}}