{"host":"4myl0piycjadqnwl","time":1608411483,"event":{"mods":["BaseMod","Colored Map","Downfall","Minty Spire (QoL Compilation)","StSLib"],"gold_per_floor":[99,119,190,18,49,34,34,69,69,97,110,122,135,160,172,276,276,276,276,201,235,235,235,235],"floor_reached":23,"playtime":1750,"items_purged":[],"score":289,"play_id":"1a787490-717d-4aa4-b25d-10b86f4bbd90","local_time":"20201219215803","is_ascension_mode":true,"campfire_choices":[{"data":"champ:Taunt","floor":1,"key":"SMITH"},{"data":"champ:TornadoPunch","floor":9,"key":"SMITH"},{"floor":18,"key":"RECALL"},{"data":"champ:EnGarde","floor":20,"key":"SMITH"}],"circlet_count":0,"master_deck":["champ:Strike","champ:Strike","champ:Strike","champ:Defend","champ:Defend","champ:Defend","champ:Execute","champ:Taunt+1","champ:DefensiveShout","champ:BringItOn","champ:Duel","champ:EnragedBash","champ:BerserkersShout","champ:TornadoPunch+1","champ:Lariat","champ:ShieldSigil","champ:FaceSlap+1","champ:DeathBlow+1","champ:EnGarde+1","champ:FocusedBerserking","champ:Circumvent","champ:EnragedBash+1","champ:StrikeOfGenius+1","champ:FocusedDefense"],"relics":["champ:ChampionCrown","Darkstone Periapt","Letter Opener","Frozen Egg 2","Oddly Smooth Stone","Molten Egg 2","Odd Mushroom","Sozu","downfall:HeartBlessingRed","MealTicket"],"acts_visited":["Exordium","TheCity"],"potions_floor_usage":[14,23,23],"damage_taken":[{"damage":17,"enemies":"Cultist","floor":2,"turns":5},{"damage":13,"enemies":"downfall:FleeingMerchant","floor":4,"turns":4},{"damage":11,"enemies":"Gremlin Nob","floor":5,"turns":5},{"damage":10,"enemies":"downfall:FleeingMerchant","floor":6,"turns":4},{"damage":23,"enemies":"3 Sentries","floor":8,"turns":5},{"damage":2,"enemies":"Gremlin Nob","floor":10,"turns":3},{"damage":8,"enemies":"Jaw Worm","floor":11,"turns":3},{"damage":25,"enemies":"2 Louse","floor":12,"turns":1},{"damage":41,"enemies":"Large Slime","floor":13,"turns":4},{"damage":2,"enemies":"The Mushroom Lair","floor":14,"turns":3},{"damage":4,"enemies":"2 Fungi Beasts","floor":15,"turns":2},{"damage":41,"enemies":"downfall:Ironclad","floor":16,"turns":9},{"damage":45,"enemies":"Book of Stabbing","floor":21,"turns":6},{"damage":60,"enemies":"Slavers","floor":23,"turns":4}],"seed_played":"-7619243127351554485","potions_obtained":[{"floor":5,"key":"AttackPotion"},{"floor":8,"key":"DuplicationPotion"},{"floor":10,"key":"FearPotion"},{"floor":13,"key":"Swift Potion"},{"floor":14,"key":"BlessingOfTheForge"}],"is_trial":false,"path_per_floor":["R","M","T","$","E","$","T","E","R","E","M","M","M","?","M","B",null,"R","?","R","E","?","E"],"character_chosen":"THE_CHAMP","items_purchased":["champ:Duel","champ:EnragedBash","champ:BerserkersShout"],"campfire_rested":0,"item_purchase_floors":[4,4,4],"current_hp_per_floor":[81,77,77,77,77,77,77,68,68,68,68,68,63,63,59,36,81,81,81,81,49,49,0,0],"gold":235,"neow_bonus":"REMOVE_TWO","is_daily":false,"chose_seed":false,"campfire_upgraded":3,"win_rate":0.0,"timestamp":1608411483,"path_taken":["R","?","?","?","E","$","T","E","R","E","M","?","M","?","M","BOSS","R","?","R","E","?","E"],"items_purchased_type":["Card","Card","Card"],"build_version":"2020-12-13","purchased_purges":0,"victory":false,"max_hp_per_floor":[81,81,81,81,81,81,81,81,81,81,81,81,81,81,81,81,81,81,81,81,81,81,81,81],"card_choices":[{"not_picked":["champ:BerserkersShout","champ:SwordSigil"],"picked":"champ:DefensiveShout","floor":2},{"not_picked":["champ:EnragedBash","champ:FightOn"],"picked":"champ:BringItOn","floor":4},{"not_picked":["champ:BringItOn","champ:ShieldWall"],"picked":"champ:TornadoPunch","floor":5},{"not_picked":["champ:PerfectedStrike","champ:EnragedBash"],"picked":"champ:Lariat","floor":6},{"not_picked":["champ:RapidStrikes","champ:GladiatorStyle+1"],"picked":"champ:ShieldSigil","floor":8},{"not_picked":["champ:CrookedStrike+1","champ:FightOn"],"picked":"champ:FaceSlap+1","floor":10},{"not_picked":["champ:FaceSlap+1","champ:FocusedDefense"],"picked":"champ:DeathBlow+1","floor":11},{"not_picked":["champ:ShieldThrow+1","champ:FocusedDefense"],"picked":"champ:EnGarde","floor":12},{"not_picked":["champ:PerfectedStrike+1","champ:ArenaPreparation"],"picked":"champ:FocusedBerserking","floor":13},{"not_picked":["champ:SwordSigil","champ:BerserkersShout"],"picked":"champ:Circumvent","floor":14},{"not_picked":["champ:RageSigil","champ:GladiatorsShout"],"picked":"champ:EnragedBash+1","floor":15},{"not_picked":["champ:ShieldSlam+1","champ:HeavySlash+1"],"picked":"champ:StrikeOfGenius+1","floor":16},{"not_picked":["champ:ShieldSigil","champ:GladiatorsShout+1"],"picked":"champ:FocusedDefense","floor":21}],"player_experience":1357525,"relics_obtained":[{"floor":3,"key":"Darkstone Periapt"},{"floor":5,"key":"Letter Opener"},{"floor":7,"key":"Frozen Egg 2"},{"floor":8,"key":"Oddly Smooth Stone"},{"floor":10,"key":"Molten Egg 2"},{"floor":14,"key":"Odd Mushroom"},{"floor":21,"key":"MealTicket"}],"event_choices":[{"damage_healed":0,"gold_gain":0,"player_choice":"Fought Mushrooms","damage_taken":0,"max_hp_gain":0,"max_hp_loss":0,"event_name":"Mushrooms","floor":14,"gold_loss":0},{"damage_healed":0,"gold_gain":0,"player_choice":"Ignored","damage_taken":0,"max_hp_gain":0,"max_hp_loss":0,"event_name":"Ghosts","floor":19,"gold_loss":0}],"is_beta":false,"boss_relics":[{"not_picked":["Black Star","Fusion Hammer"],"picked":"Sozu"}],"items_purged_floors":[],"is_endless":false,"potions_floor_spawned":[5,8,10,13,14,16],"killed_by":"Slavers","ascension_level":1}}