{"host":"3srbdas3e7jgqz5l","time":1608407373,"event":{"mods":["BaseMod","Downfall","Minty Spire (QoL Compilation)","StSLib"],"gold_per_floor":[112,124,144,144,144,171,171,185,185,131,131,131,157,21,21,116,116,116,128,139,156,156,156,185,185,185,185,212,212,212,230,230,333,333,350,366,380,305,321,350,361,387,387,387,398,398,430,330,330,330,330,330,29,62,62],"floor_reached":56,"playtime":3468,"items_purged":["Strike_B","Strike_B"],"score":1841,"play_id":"83ca5e80-cba4-40a0-a644-b9455ef76f8c","local_time":"20201219194933","is_ascension_mode":true,"campfire_choices":[{"floor":7.0,"key":"REST"},{"floor":12.0,"key":"REST"},{"data":"Zap","floor":15.0,"key":"SMITH"},{"data":"Streamline","floor":23.0,"key":"SMITH"},{"floor":25.0,"key":"REST"},{"floor":29.0,"key":"REST"},{"floor":32.0,"key":"REST"},{"data":"Seek","floor":46,"key":"SMITH"},{"floor":49,"key":"RECALL"},{"data":"Chaos","floor":52,"key":"SMITH"}],"circlet_count":0,"master_deck":["Defend_B","Defend_B+1","Defend_B","Defend_B+1","Zap+1","Dualcast+1","Leap","Melter+1","Streamline+1","Go for the Eyes","Genetic Algorithm","Ball Lightning","Chill","Seek+1","Core Surge","Static Discharge","Necronomicurse","Coolheaded","Chaos+1","Glacier","Undo+1","Loop","Machine Learning","Coolheaded+1","White Noise+1","Consume+1","Capacitor+1","Turbo+1","Barrage","Redo+1","Stack+1","Amplify+1"],"relics":["Philosopher\u0027s Stone","CaptainsWheel","FossilizedHelix","White Beast Statue","Pocketwatch","expansioncontent:StudyCardRelic","Necronomicon","Matryoshka","Happy Flower","Pear","Toxic Egg 2","Inserter","InkBottle","Ancient Tea Set","DataDisk","War Paint","Nunchaku","Art of War"],"acts_visited":["Exordium","TheCity","TheBeyond","TheEnding"],"potions_floor_usage":[40,42,47,47,54,55,55,55],"damage_taken":[{"damage":0.0,"enemies":"Small Slimes","floor":1.0,"turns":4.0},{"damage":3.0,"enemies":"Jaw Worm","floor":2.0,"turns":4.0},{"damage":6.0,"enemies":"Cultist","floor":3.0,"turns":4.0},{"damage":38.0,"enemies":"Gremlin Nob","floor":6.0,"turns":4.0},{"damage":0.0,"enemies":"Exordium Wildlife","floor":8.0,"turns":3.0},{"damage":0.0,"enemies":"3 Sentries","floor":13.0,"turns":5.0},{"damage":22.0,"enemies":"Hexaghost","floor":16.0,"turns":9.0},{"damage":0.0,"enemies":"3 Byrds","floor":18.0,"turns":1.0},{"damage":5.0,"enemies":"2 Thieves","floor":19.0,"turns":3.0},{"damage":0.0,"enemies":"Snake Plant","floor":20.0,"turns":5.0},{"damage":6.0,"enemies":"Chosen and Byrds","floor":21.0,"turns":4.0},{"damage":23.0,"enemies":"Slavers","floor":24.0,"turns":6.0},{"damage":34.0,"enemies":"Gremlin Leader","floor":28.0,"turns":5.0},{"damage":0.0,"enemies":"Cultist and Chosen","floor":31.0,"turns":6.0},{"damage":49.0,"enemies":"Collector","floor":33.0,"turns":11.0},{"damage":0.0,"enemies":"Orb Walker","floor":35.0,"turns":4.0},{"damage":12.0,"enemies":"3 Shapes","floor":36.0,"turns":4.0},{"damage":3.0,"enemies":"3 Darklings","floor":37.0,"turns":7.0},{"damage":0.0,"enemies":"Spire Growth","floor":39.0,"turns":6.0},{"damage":0,"enemies":"Reptomancer","floor":40,"turns":8},{"damage":0,"enemies":"Writhing Mass","floor":41,"turns":8},{"damage":0,"enemies":"Giant Head","floor":42,"turns":10},{"damage":0,"enemies":"Maw","floor":45,"turns":7},{"damage":0,"enemies":"Reptomancer","floor":47,"turns":7},{"damage":0,"enemies":"Donu and Deca","floor":50,"turns":11},{"damage":0,"enemies":"Shield and Spear","floor":54,"turns":7},{"damage":22,"enemies":"The Heart","floor":55,"turns":12}],"seed_played":"5598602622696898527","potions_obtained":[{"floor":8.0,"key":"SmokeBomb"},{"floor":13.0,"key":"PotionOfCapacity"},{"floor":16.0,"key":"GamblersBrew"},{"floor":19.0,"key":"EssenceOfSteel"},{"floor":20.0,"key":"SteroidPotion"},{"floor":21.0,"key":"champ:CounterPotion"},{"floor":28.0,"key":"ColorlessPotion"},{"floor":31.0,"key":"SkillPotion"},{"floor":33.0,"key":"Weak Potion"},{"floor":35.0,"key":"SteroidPotion"},{"floor":36.0,"key":"AttackPotion"},{"floor":37.0,"key":"GamblersBrew"},{"floor":39.0,"key":"Guardian:BlockOnCardUsePotion"},{"floor":40,"key":"FocusPotion"},{"floor":42,"key":"ColorlessPotion"},{"floor":47,"key":"ColorlessPotion"},{"floor":54,"key":"Swift Potion"}],"is_trial":false,"path_per_floor":["M","M","M","?","?","E","R","M","T","$","T","R","E","$","R","B",null,"M","M","M","M","?","R","E","R","T","?","E","R","?","M","R","B",null,"M","M","M","$","M","E","M","E","T","?","M","R","E","$","R","B",null,"R","$","E","B",null],"character_chosen":"DEFECT","items_purchased":["Ball Lightning","Seek","Nunchaku","Slimebound:ThreeZeroPotion","Stack+1"],"campfire_rested":5,"item_purchase_floors":[10,14,53,53,53],"current_hp_per_floor":[68,65,59,44,44,6,28,28,28,28,28,50,50,50,50,28,63,63,58,58,52,36,36,13,35,45,45,11,36,36,36,61,12,67,67,55,52,52,52,52,52,52,52,85,85,85,85,85,85,85,85,85,85,85,63],"gold":62,"neow_bonus":"BOSS_RELIC","is_daily":false,"chose_seed":false,"campfire_upgraded":4,"win_rate":0.0,"timestamp":1608407373,"path_taken":["M","M","M","?","?","E","R","M","T","?","?","R","E","$","R","BOSS","M","M","?","M","?","R","E","R","T","?","E","R","?","M","R","BOSS","M","M","M","$","M","E","M","E","T","?","M","R","E","$","R","BOSS","R","$","E","BOSS"],"items_purchased_type":["Card","Card","Relic","Potion","Card"],"build_version":"2020-12-13","purchased_purges":2,"victory":true,"max_hp_per_floor":[75,75,75,75,75,75,75,75,75,75,75,75,75,75,75,75,75,75,75,75,75,75,75,75,75,85,85,85,85,85,85,85,85,85,85,85,85,85,85,85,85,85,85,85,85,85,85,85,85,85,85,85,85,85,85],"card_choices":[{"not_picked":["Steam","Beam Cell"],"picked":"Leap","floor":1.0},{"not_picked":["Sweeping Beam","Capacitor"],"picked":"Melter","floor":2.0},{"not_picked":["Aggregate","Turbo"],"picked":"Streamline","floor":3.0},{"not_picked":["Stack","Tempest"],"picked":"Go for the Eyes","floor":6.0},{"not_picked":["Coolheaded","Consume"],"picked":"Genetic Algorithm","floor":8.0},{"not_picked":["Thunder Strike","Cold Snap"],"picked":"Chill","floor":13.0},{"not_picked":["Multi-Cast","Rainbow"],"picked":"Core Surge","floor":16.0},{"not_picked":["Beam Cell","Turbo","Leap"],"picked":"SKIP","floor":19.0},{"not_picked":["Cold Snap","Compile Driver"],"picked":"Static Discharge","floor":20.0},{"not_picked":["Go for the Eyes+1","Storm","Streamline+1"],"picked":"SKIP","floor":21.0},{"not_picked":["Storm+1","Blizzard"],"picked":"Coolheaded","floor":24.0},{"not_picked":["Seek+1","Skim+1"],"picked":"Undo+1","floor":28.0},{"not_picked":["Coolheaded+1","Double Energy+1"],"picked":"Loop","floor":31.0},{"not_picked":["Core Surge","Hyperbeam"],"picked":"Machine Learning","floor":33.0},{"not_picked":["Auto Shields+1","Rebound+1"],"picked":"Coolheaded+1","floor":35.0},{"not_picked":["Streamline","Coolheaded+1"],"picked":"White Noise+1","floor":36.0},{"not_picked":["Skim+1","Auto Shields+1"],"picked":"Reprogram+1","floor":37.0},{"not_picked":["Beam Cell+1","BootSequence+1"],"picked":"Consume+1","floor":39.0},{"not_picked":["Creative AI","Stack+1"],"picked":"Capacitor+1","floor":40},{"not_picked":["Hologram+1","Conserve Battery+1"],"picked":"Turbo+1","floor":41},{"not_picked":["Consume+1","Hologram+1"],"picked":"Barrage","floor":42},{"not_picked":["Stack+1","Self Repair"],"picked":"Redo+1","floor":45},{"not_picked":["Coolheaded+1","Streamline","Sweeping Beam+1"],"picked":"SKIP","floor":47},{"not_picked":["Sweeping Beam","Cold Snap"],"picked":"Amplify+1","floor":54}],"player_experience":476531,"relics_obtained":[{"floor":6.0,"key":"CaptainsWheel"},{"floor":9.0,"key":"FossilizedHelix"},{"floor":11.0,"key":"White Beast Statue"},{"floor":13.0,"key":"Pocketwatch"},{"floor":22.0,"key":"Necronomicon"},{"floor":24.0,"key":"Matryoshka"},{"floor":26.0,"key":"Happy Flower"},{"floor":26.0,"key":"Pear"},{"floor":28.0,"key":"Toxic Egg 2"},{"floor":40,"key":"InkBottle"},{"floor":42,"key":"Ancient Tea Set"},{"floor":43,"key":"DataDisk"},{"floor":47,"key":"War Paint"},{"floor":54,"key":"Art of War"}],"event_choices":[{"damage_healed":0.0,"max_hp_gain":0.0,"max_hp_loss":0.0,"gold_gain":0.0,"event_name":"Shining Light","player_choice":"Entered Light","floor":4.0,"gold_loss":0.0,"damage_taken":15.0,"cards_upgraded":["Dualcast","Melter"]},{"damage_healed":0.0,"max_hp_gain":0.0,"max_hp_loss":0.0,"gold_gain":0.0,"event_name":"Liars Game","player_choice":"Ignored","floor":5.0,"gold_loss":0.0,"damage_taken":0.0},{"damage_healed":0.0,"max_hp_gain":0.0,"max_hp_loss":0.0,"gold_gain":0.0,"event_name":"Cursed Tome","player_choice":"Obtained Book","floor":22.0,"gold_loss":0.0,"damage_taken":16.0},{"damage_healed":0.0,"max_hp_gain":0.0,"max_hp_loss":0.0,"gold_gain":0.0,"cards_transformed":["Strike_B","Strike_B"],"event_name":"Drug Dealer","player_choice":"Became Test Subject","floor":27.0,"gold_loss":0.0,"damage_taken":0.0,"cards_obtained":["Chaos","Glacier"]},{"cards_removed":["Reprogram"],"damage_healed":33,"gold_gain":0,"player_choice":"Offered Uncommon","damage_taken":0,"max_hp_gain":0,"max_hp_loss":0,"event_name":"Bonfire Elementals","floor":44,"gold_loss":0}],"is_beta":false,"boss_relics":[{"not_picked":["Cursed Key","Busted Crown"],"picked":"expansioncontent:StudyCardRelic"},{"not_picked":["Snecko Eye","Runic Dome"],"picked":"Inserter"}],"items_purged_floors":[38,48],"is_endless":false,"potions_floor_spawned":[8,13,16,18,19,20,21,24,28,31,33,35,36,37,39,40,41,42,45,47,54],"ascension_level":7}}