{"host":"2lo6hma6kymb0g9i","time":1608372322,"event":{"mods":["BaseMod","Colored Map","DeckTracker","Minty Spire (QoL Compilation)"],"gold_per_floor":[18,18,18,68,78,78,91,91,161,178,195,220,237,254,254,332,332,349,349,264,189,201,201,201,201,201,218,237,137,137,155,155,229,229,244,244,119,134,134,134,161,161,216,227,241,266,77,89,89,89],"floor_reached":51,"playtime":3302,"items_purged":["Defend_G","Defend_G","After Image+1","Defend_G"],"score":1266,"play_id":"137f1392-e2ae-40d2-9de2-ba1bc268ff44","local_time":"20201219190522","is_ascension_mode":true,"campfire_choices":[{"data":"Neutralize","floor":6,"key":"SMITH"},{"data":"Quick Slash","floor":8,"key":"SMITH"},{"data":"Survivor","floor":15,"key":"SMITH"},{"data":"Noxious Fumes","floor":23,"key":"SMITH"},{"data":"PiercingWail","floor":25,"key":"SMITH"},{"floor":32,"key":"REST"},{"data":"Predator","floor":40,"key":"SMITH"},{"floor":49,"key":"REST"}],"circlet_count":0,"master_deck":["AscendersBane","Defend_G","Survivor+1","Neutralize+1","Quick Slash+1","Night Terror","Dagger Throw","Eviscerate","Concentrate","PiercingWail+1","Noxious Fumes+1","Grand Finale","Dagger Spray+1","Grand Finale+1","Heel Hook","Necronomicurse","Predator+1","Backflip","Phantasmal Killer+1","Quick Slash","Deflect+1","Terror+1","Adrenaline","Leg Sweep"],"relics":["Ring of the Snake","Question Card","The Specimen","Astrolabe","Necronomicon","Thread and Needle","Du-Vu Doll","Kunai","Sozu","Bag of Marbles","Lantern","Centennial Puzzle"],"acts_visited":["Exordium","TheCity","TheBeyond"],"potions_floor_usage":[12,14,14,22,28,50],"damage_taken":[{"damage":0,"enemies":"Small Slimes","floor":1,"turns":5},{"damage":2,"enemies":"Cultist","floor":5,"turns":5},{"damage":0,"enemies":"2 Louse","floor":7,"turns":2},{"damage":6,"enemies":"2 Fungi Beasts","floor":10,"turns":3},{"damage":1,"enemies":"Blue Slaver","floor":11,"turns":3},{"damage":31,"enemies":"3 Sentries","floor":12,"turns":11},{"damage":10,"enemies":"Looter","floor":13,"turns":4},{"damage":10,"enemies":"Lots of Slimes","floor":14,"turns":5},{"damage":9,"enemies":"Hexaghost","floor":16,"turns":15},{"damage":0,"enemies":"Chosen","floor":18,"turns":6},{"damage":0,"enemies":"3 Byrds","floor":22,"turns":3},{"damage":20,"enemies":"Snake Plant","floor":27,"turns":6},{"damage":11,"enemies":"Sentry and Sphere","floor":28,"turns":4},{"damage":0,"enemies":"Snecko","floor":31,"turns":3},{"damage":5,"enemies":"Collector","floor":33,"turns":6},{"damage":2,"enemies":"Orb Walker","floor":35,"turns":3},{"damage":10,"enemies":"3 Shapes","floor":38,"turns":3},{"damage":16,"enemies":"Giant Head","floor":41,"turns":7},{"damage":11,"enemies":"Sphere and 2 Shapes","floor":44,"turns":4},{"damage":17,"enemies":"3 Darklings","floor":45,"turns":3},{"damage":0,"enemies":"Nemesis","floor":46,"turns":3},{"damage":3,"enemies":"4 Shapes","floor":48,"turns":3},{"damage":37,"enemies":"Awakened One","floor":50,"turns":9}],"seed_played":"-5112575634297618329","potions_obtained":[{"floor":5,"key":"EssenceOfSteel"},{"floor":11,"key":"BlessingOfTheForge"},{"floor":12,"key":"Regen Potion"},{"floor":16,"key":"EssenceOfSteel"},{"floor":18,"key":"ColorlessPotion"},{"floor":27,"key":"SkillPotion"}],"is_trial":false,"path_per_floor":["M","?","?","?","M","R","M","R","T","M","M","E","M","M","R","B",null,"M","?","?","$","M","R","?","R","T","M","M","$","T","M","R","B",null,"M","?","$","M","$","R","E","?","T","M","M","E","$","M","R","B",null],"character_chosen":"THE_SILENT","items_purchased":["Leg Sweep"],"campfire_rested":2,"item_purchase_floors":[47],"current_hp_per_floor":[59,59,64,64,62,62,62,62,62,56,55,24,14,19,19,10,56,56,35,35,35,35,35,35,35,35,15,4,4,4,4,25,20,58,56,56,56,46,46,46,30,58,58,47,30,30,30,27,44,7],"gold":89,"neow_bonus":"REMOVE_TWO","is_daily":false,"chose_seed":false,"campfire_upgraded":6,"win_rate":0.0,"timestamp":1608372322,"path_taken":["M","?","?","?","M","R","?","R","T","?","M","E","M","M","R","BOSS","M","?","?","$","M","R","?","R","T","M","M","?","?","M","R","BOSS","M","?","$","?","$","R","E","?","T","M","M","E","$","M","R","BOSS"],"items_purchased_type":["Card"],"build_version":"2020-12-13","purchased_purges":4,"victory":true,"max_hp_per_floor":[66,66,71,71,71,71,71,71,71,71,71,71,71,71,71,71,71,71,71,71,71,71,71,71,71,71,71,71,71,71,71,71,71,71,71,71,71,71,71,71,71,58,58,58,58,58,58,58,58,58],"card_choices":[{"not_picked":["Backflip","Skewer"],"picked":"Quick Slash","floor":1},{"not_picked":["Slice","Deadly Poison"],"picked":"Dagger Throw","floor":5},{"not_picked":["Bane","Deadly Poison","Eviscerate"],"picked":"SKIP","floor":7},{"not_picked":["Bane","Deadly Poison"],"picked":"Eviscerate","floor":7},{"not_picked":["Venomology","Blade Dance","Sucker Punch"],"picked":"Concentrate","floor":10},{"not_picked":["Calculated Gamble","Cloak And Dagger","Sucker Punch"],"picked":"PiercingWail","floor":11},{"not_picked":["Infinite Blades","Deadly Poison","Calculated Gamble","Dodge and Roll"],"picked":"SKIP","floor":12},{"not_picked":["Unload","Accuracy","PiercingWail"],"picked":"Noxious Fumes","floor":13},{"not_picked":["Outmaneuver","Quick Slash","Dodge and Roll","Slice"],"picked":"SKIP","floor":14},{"not_picked":["Tools of the Trade","Glass Knife","Doppelganger"],"picked":"Grand Finale","floor":16},{"not_picked":["Quick Slash+1","Slice","Dagger Spray"],"picked":"Heel Hook","floor":18},{"not_picked":["Cloak And Dagger","Outmaneuver","Riddle With Holes","Deflect"],"picked":"SKIP","floor":22},{"not_picked":["Distraction","Dodge and Roll","Terror+1"],"picked":"Predator","floor":27},{"not_picked":["Accuracy","Sucker Punch+1","Endless Agony"],"picked":"Backflip","floor":28},{"not_picked":["Leg Sweep","PiercingWail","Bane","Cloak And Dagger"],"picked":"SKIP","floor":31},{"not_picked":["Bullet Time","Glass Knife","A Thousand Cuts"],"picked":"Phantasmal Killer","floor":33},{"not_picked":["Outmaneuver","Bane+1","Crippling Poison","Slice"],"picked":"SKIP","floor":35},{"not_picked":["Underhanded Strike","Quick Slash+1","Accuracy+1","Blade Dance"],"picked":"SKIP","floor":38},{"not_picked":["Grand Finale","Sucker Punch","Blade Dance+1"],"picked":"Quick Slash","floor":41},{"not_picked":["Prepared+1","Outmaneuver","PiercingWail"],"picked":"Deflect+1","floor":44},{"not_picked":["Calculated Gamble+1","Dagger Throw","Flying Knee"],"picked":"Terror+1","floor":45},{"not_picked":["Leg Sweep+1","Flechettes","Tactician"],"picked":"Adrenaline","floor":46},{"not_picked":["Sucker Punch","Deadly Poison","Choke","Outmaneuver"],"picked":"SKIP","floor":48}],"player_experience":831192,"relics_obtained":[{"floor":9,"key":"Question Card"},{"floor":12,"key":"The Specimen"},{"floor":19,"key":"Necronomicon"},{"floor":26,"key":"Du-Vu Doll"},{"floor":30,"key":"Kunai"},{"floor":41,"key":"Bag of Marbles"},{"floor":43,"key":"Lantern"},{"floor":46,"key":"Centennial Puzzle"}],"event_choices":[{"damage_healed":0,"gold_gain":0,"cards_transformed":["Strike_G"],"player_choice":"Change","damage_taken":0,"max_hp_gain":0,"max_hp_loss":0,"event_name":"Living Wall","floor":2,"gold_loss":0,"cards_obtained":["Night Terror"]},{"damage_healed":0,"gold_gain":0,"player_choice":"Donut","damage_taken":0,"max_hp_gain":5,"max_hp_loss":0,"event_name":"Big Fish","floor":3,"gold_loss":0},{"damage_healed":0,"gold_gain":50,"player_choice":"Pray","damage_taken":0,"max_hp_gain":0,"max_hp_loss":0,"event_name":"Golden Shrine","floor":4,"gold_loss":0},{"damage_healed":0,"gold_gain":0,"player_choice":"Obtained Book","damage_taken":21,"max_hp_gain":0,"max_hp_loss":0,"event_name":"Cursed Tome","floor":19,"gold_loss":0},{"damage_healed":0,"gold_gain":0,"player_choice":"Obtained Relic","damage_taken":0,"relics_obtained":["Thread and Needle"],"max_hp_gain":0,"max_hp_loss":0,"event_name":"Addict","floor":20,"gold_loss":85},{"damage_healed":0,"gold_gain":0,"player_choice":"Ignored","damage_taken":0,"max_hp_gain":0,"max_hp_loss":0,"event_name":"Vampires","floor":24,"gold_loss":0},{"damage_healed":0,"gold_gain":0,"player_choice":"Upgraded","damage_taken":0,"max_hp_gain":0,"max_hp_loss":0,"event_name":"Upgrade Shrine","floor":36,"gold_loss":0,"cards_upgraded":["Phantasmal Killer"]},{"damage_healed":58,"gold_gain":0,"player_choice":"Heal","damage_taken":0,"max_hp_gain":0,"max_hp_loss":13,"event_name":"The Moai Head","floor":42,"gold_loss":0}],"is_beta":false,"boss_relics":[{"not_picked":["Philosopher\u0027s Stone","Velvet Choker"],"picked":"Astrolabe"},{"not_picked":["HoveringKite","Coffee Dripper"],"picked":"Sozu"}],"items_purged_floors":[21,29,37,47],"is_endless":false,"potions_floor_spawned":[5,11,12,16,18,27,44,45],"ascension_level":15}}