{"host":"ek3xvuouaw6vk9if","time":1608407904,"event":{"mods":["BaseMod","Downfall","Minty Spire (QoL Compilation)","Permanent Neow","Quick Restart","Replay The Spire","StSLib"],"gold_per_floor":[114,124,137,153,163,163,188,188,240,272,31,31,31,51,51,126,126,139,139,151,164,164,164],"floor_reached":22,"playtime":654,"items_purged":["Zap"],"score":379,"play_id":"88be99a7-e7a9-43cf-b3fa-e688f411ebce","local_time":"20201219145824","is_ascension_mode":true,"campfire_choices":[{"data":"Hyperbeam","floor":6,"key":"SMITH"},{"floor":8,"key":"REST"},{"data":"Beam Cell","floor":15,"key":"SMITH"}],"circlet_count":0,"master_deck":["AscendersBane","Strike_B","Strike_B","Strike_B","Strike_B","Defend_B","Defend_B","Defend_B","Defend_B","Hyperbeam+1","Rebound","Skim","BootSequence","Steam","Beam Cell","Beam Cell+1","Hyperbeam","Gash","ReplayGash","Pain","Gash","Machine Learning","Genetic Algorithm","Leap"],"relics":["Cracked Core","Replay:Antivirus Software","Blue Doll","Sundial","ReplayTheSpireMod:DimensionalGlitch","Prayer Wheel","WarpedTongs"],"acts_visited":["Exordium","TheCity"],"potions_floor_usage":[7,20,20],"damage_taken":[{"damage":1,"enemies":"Cultist","floor":1,"turns":3},{"damage":0,"enemies":"Small Slimes","floor":2,"turns":1},{"damage":0,"enemies":"2 Louse","floor":3,"turns":2},{"damage":7,"enemies":"Looter","floor":4,"turns":3},{"damage":4,"enemies":"Red Slaver","floor":5,"turns":3},{"damage":18,"enemies":"Gremlin Nob","floor":7,"turns":3},{"damage":0,"enemies":"3 Sentries","floor":10,"turns":2},{"damage":0,"enemies":"Gremlin Gang","floor":14,"turns":2},{"damage":13,"enemies":"Fading Forest","floor":16,"turns":11},{"damage":23,"enemies":"Shell Parasite","floor":18,"turns":5},{"damage":31,"enemies":"3 Byrds","floor":20,"turns":5},{"damage":2,"enemies":"Centurion and Healer","floor":21,"turns":4},{"damage":8,"enemies":"Snake Plant","floor":22,"turns":2}],"seed_played":"17776230316806915","potions_obtained":[{"floor":1,"key":"PotionOfCapacity"},{"floor":5,"key":"Fire Potion"},{"floor":7,"key":"Guardian:BlockOnCardUsePotion"},{"floor":14,"key":"SpeedPotion"}],"is_trial":false,"path_per_floor":["M","M","M","M","M","R","E","R","T","E","$","?","?","M","R","B",null,"M","?","M","M","M"],"character_chosen":"DEFECT","items_purchased":["Beam Cell","Hyperbeam"],"campfire_rested":1,"item_purchase_floors":[11,11],"current_hp_per_floor":[45,45,45,38,34,34,16,37,37,37,37,30,30,30,30,25,60,37,37,6,4,0,0],"gold":164,"neow_bonus":"THREE_RARE_CARDS","is_daily":false,"chose_seed":false,"campfire_upgraded":2,"win_rate":0.0,"timestamp":1608407904,"path_taken":["M","M","M","M","?","R","E","R","T","E","$","?","?","M","R","BOSS","M","?","M","?","?"],"items_purchased_type":["Card","Card"],"build_version":"2020-12-13","purchased_purges":1,"victory":false,"max_hp_per_floor":[71,71,71,71,71,71,71,71,71,71,71,71,71,71,71,71,71,71,71,71,71,71,71],"card_choices":[{"not_picked":["Creative AI","Seek"],"picked":"Hyperbeam","floor":0},{"not_picked":["Panic Button","Hologram"],"picked":"Rebound","floor":1},{"not_picked":["Crystallizer","Coolheaded"],"picked":"Skim","floor":2},{"not_picked":["Tempest","Force Field","ReplayTheSpireMod:Calculation Training"],"picked":"SKIP","floor":3},{"not_picked":["Tempest","Double Energy"],"picked":"BootSequence","floor":4},{"not_picked":["Barrage","Tempest","Storm"],"picked":"SKIP","floor":5},{"not_picked":["Loop","Doom and Gloom"],"picked":"Steam","floor":7},{"not_picked":["Redo","BasicCrystalCard","ReplayTheSpireMod:System Scan"],"picked":"SKIP","floor":10},{"not_picked":["Sweeping Beam","Rebound"],"picked":"Gash","floor":14},{"not_picked":["Machine Learning","Hyperbeam"],"picked":"ReplayTheSpireMod:Fabricate Wheel","floor":16},{"not_picked":["Stack+1","Melter"],"picked":"ReplayGash","floor":18},{"not_picked":["Ball Lightning","Defragment","Tempest"],"picked":"SKIP","floor":18},{"not_picked":["Sweeping Beam","Coolheaded"],"picked":"Gash","floor":20},{"not_picked":["Conserve Battery","Ball Lightning+1"],"picked":"Machine Learning","floor":20},{"not_picked":["Steam","Conserve Battery"],"picked":"Genetic Algorithm","floor":21},{"not_picked":["Hologram","Sweeping Beam"],"picked":"Leap","floor":21}],"player_experience":692358,"relics_obtained":[{"floor":7,"key":"Replay:Antivirus Software"},{"floor":9,"key":"Blue Doll"},{"floor":10,"key":"Sundial"}],"event_choices":[{"cards_removed":["Dualcast"],"damage_healed":0,"gold_gain":0,"player_choice":"Card Removal","damage_taken":7,"max_hp_gain":0,"max_hp_loss":0,"event_name":"Golden Wing","floor":12,"gold_loss":0},{"damage_healed":0,"gold_gain":0,"player_choice":"Ignored","damage_taken":0,"max_hp_gain":0,"max_hp_loss":0,"event_name":"Golden Idol","floor":13,"gold_loss":0},{"damage_healed":0,"gold_gain":0,"player_choice":"Rummage","damage_taken":0,"relics_obtained":["WarpedTongs"],"max_hp_gain":0,"max_hp_loss":0,"event_name":"Accursed Blacksmith","floor":19,"gold_loss":0,"cards_obtained":["Pain"]}],"is_beta":false,"boss_relics":[{"not_picked":["Empty Cage","Ring of Chaos"],"picked":"ReplayTheSpireMod:DimensionalGlitch"}],"items_purged_floors":[11],"is_endless":false,"potions_floor_spawned":[1,5,7,14,16,18],"killed_by":"Snake Plant","ascension_level":14}}