{"host":"y0wkltgt9g64tmdy","time":1608397140,"event":{"mods":["BaseMod","Marisa£®ÏF”Í°°ƒß¿Ì…≥£©","Minty Spire (QoL Compilation)","Reimu£®≤©¿ˆ¡È√Œ£©","Remilia£®¿Ÿ√◊¿Ú—«£©","Replay The Spire","Shop Mod","StSLib","The Bug Knight","The Gatherer","Waifu the Spire","Youmu£®ªÍ∆«—˝√Œ£©","[µÿæ´ ◊¡Ï≈¿À˛]The Maniac"],"gold_per_floor":[119,119,139,139,156,156,168,168,239,239,263,176,176,197,197,321,321,334,274,274,292,292,327,327,287,287,25,25,25],"floor_reached":28,"playtime":649,"items_purged":["Gluttony_TH"],"score":237,"play_id":"30cd2da5-4b5d-4f2a-8484-432ab86836b5","local_time":"20201220005900","is_ascension_mode":true,"campfire_choices":[{"data":"StarBarrage","floor":6,"key":"SMITH"},{"floor":13,"key":"REST"},{"data":"MysteriousBeam","floor":15,"key":"SMITH"}],"circlet_count":0,"master_deck":["Strike_MRS","Strike_MRS+1","Strike_MRS","Defend_MRS+1","Defend_MRS","Defend_MRS","MasterSpark","UpSweep","SporeBomb","PowerUp+1","LuminesStrike","StarBarrage+1","PowerUp","DoubleSpark","PowerUp+1","MysteriousBeam+1","JA","StarBarrage","ManaConvection+1","AsteroidBelt+1"],"relics":["MiniHakkero","Black Star","Toxic Egg 2","MerchantsRug","Philosopher\u0027s Stone","Simple Rune","Boot","Juzu Bracelet","Replay:Bottled Flurry","ZunR:ReiMu","Replay:Bottled Steam","Replay:Ringing Soul"],"acts_visited":["Exordium","TheCity"],"potions_floor_usage":[16,23],"damage_taken":[{"damage":0,"enemies":"Jaw Worm","floor":1,"turns":4},{"damage":0,"enemies":"2 Louse","floor":3,"turns":2},{"damage":6,"enemies":"Cultist","floor":5,"turns":3},{"damage":0,"enemies":"3 Louse","floor":7,"turns":3},{"damage":2,"enemies":"Blue Slaver","floor":11,"turns":2},{"damage":0,"enemies":"Exordium Wildlife","floor":14,"turns":2},{"damage":46,"enemies":"The Guardian","floor":16,"turns":7},{"damage":6,"enemies":"Shell Parasite","floor":18,"turns":2},{"damage":6,"enemies":"Spheric Guardian","floor":21,"turns":3},{"damage":69,"enemies":"Book of Stabbing","floor":23,"turns":5},{"damage":6,"enemies":"Shelled Parasite and Fungi","floor":28,"turns":1}],"seed_played":"-2902513722151703430","potions_obtained":[{"floor":1,"key":"GrandPatriotsElixir:ReiMu"},{"floor":14,"key":"Cursed Concoction"},{"floor":21,"key":"SpeedPotion"}],"is_trial":false,"path_per_floor":["M","?","M","?","M","R","M","?","T","?","M","$","R","M","R","B",null,"M","?","?","M","?","E","?","?","T","$","M"],"character_chosen":"MARISA","items_purchased":["PowerUp+1","MerchantsRug","Replay:Ringing Soul"],"campfire_rested":1,"item_purchase_floors":[12,12,27],"current_hp_per_floor":[75,75,75,75,69,69,69,62,62,62,60,60,69,69,69,23,69,63,63,78,72,72,3,3,3,3,3,0,0],"gold":25,"neow_bonus":"DOUBLE_BOSS_RELIC","is_daily":false,"chose_seed":false,"campfire_upgraded":2,"win_rate":0.0,"timestamp":1608397140,"path_taken":["M","?","M","?","?","R","M","?","T","?","?","?","R","M","R","BOSS","M","?","?","M","?","E","?","?","T","$","M"],"items_purchased_type":["Card","Relic","Relic"],"build_version":"2020-12-13","purchased_purges":1,"victory":false,"max_hp_per_floor":[75,75,75,75,75,75,75,75,75,69,69,69,69,69,69,69,69,69,69,84,84,84,84,84,84,84,84,84,84],"card_choices":[{"not_picked":["BlazeAway","WitchLeyline"],"picked":"SporeBomb","floor":1},{"not_picked":["GalacticHalo","Acceleration"],"picked":"LuminesStrike","floor":3},{"not_picked":["EarthLightRay","ShootingEcho"],"picked":"StarBarrage","floor":5},{"not_picked":["IllusionStar","AsteroidBelt"],"picked":"PowerUp","floor":7},{"not_picked":["GalacticHalo+1","SatelliteIllusion"],"picked":"DoubleSpark","floor":11},{"not_picked":["WitchOfGreed","DoubleSpark"],"picked":"MysteriousBeam","floor":14},{"not_picked":["FinalSpark","BlazingStar"],"picked":"JA","floor":16},{"not_picked":["DC","IllusionStar+1"],"picked":"StarBarrage","floor":18},{"not_picked":["UnstableBomb","WitchLeyline"],"picked":"ManaConvection+1","floor":21},{"not_picked":["ManaConvection+1","CollectingQuirk"],"picked":"AsteroidBelt+1","floor":23}],"player_experience":91248,"relics_obtained":[{"floor":9,"key":"Toxic Egg 2"},{"floor":23,"key":"Boot"},{"floor":23,"key":"Juzu Bracelet"},{"floor":26,"key":"Replay:Bottled Steam"}],"event_choices":[{"damage_healed":0,"gold_gain":0,"cards_transformed":["Strike_MRS"],"player_choice":"Transformed","damage_taken":0,"max_hp_gain":0,"max_hp_loss":0,"event_name":"Transmorgrifier","floor":4,"gold_loss":0,"cards_obtained":["BigCrunch"]},{"cards_removed":["BigCrunch"],"damage_healed":0,"gold_gain":0,"player_choice":"Card Removal","damage_taken":7,"max_hp_gain":0,"max_hp_loss":0,"event_name":"Golden Wing","floor":8,"gold_loss":0},{"damage_healed":0,"gold_gain":0,"player_choice":"Lose Max HP","damage_taken":0,"relics_obtained":["Golden Idol"],"max_hp_gain":0,"max_hp_loss":6,"event_name":"Golden Idol","floor":10,"gold_loss":0},{"damage_healed":0,"gold_gain":0,"player_choice":"Gave Potion","damage_taken":0,"relics_obtained":["Simple Rune"],"max_hp_gain":0,"max_hp_loss":0,"event_name":"WeMeetAgain","floor":22,"gold_loss":0},{"damage_healed":0,"gold_gain":0,"player_choice":"π∫¬Ú…Òæ∆","damage_taken":0,"relics_obtained":["ZunR:ReiMu"],"max_hp_gain":0,"max_hp_loss":0,"event_name":"ZunEvent","floor":25,"gold_loss":40}],"is_beta":false,"boss_relics":[{"not_picked":["Painkiller Herb","Runic Dome"],"picked":"Philosopher\u0027s Stone"}],"items_purged_floors":[27],"is_endless":false,"potions_floor_spawned":[1,14,21],"killed_by":"Shelled Parasite and Fungi","ascension_level":1}}