{"host":"jb40sdn36ct36hhv","time":1608357619,"event":{"mods":["Act Like it!","BaseMod","Better Third Choice","Minty Spire (QoL Compilation)","StSLib","The Administrix"],"gold_per_floor":[367,367,381,456,89,89,121,121,145,160,180,213,213,213,213,308,308,325,325,20,46,46,78,78,112,193,226,226,226,242,260,260,364,364,384,1383,1383,562,610,610,645,61,85,85,85,0,26,42,42,42,42,42,42,67,67],"floor_reached":56,"playtime":5173,"items_purged":["Strike_G","Normality","Normality"],"score":1438,"play_id":"ee50bb61-822b-4a6d-9e2e-43099d2a0de6","local_time":"20201218220019","is_ascension_mode":false,"campfire_choices":[{"data":"Noxious Fumes","floor":6,"key":"SMITH"},{"data":"Malaise","floor":8,"key":"SMITH"},{"data":"Blade Dance","floor":13,"key":"SMITH"},{"data":"Dash","floor":15,"key":"SMITH"},{"data":"Concentrate","floor":29,"key":"SMITH"},{"data":"Cloak And Dagger","floor":32,"key":"SMITH"},{"data":"Neutralize","floor":40,"key":"SMITH"},{"floor":44,"key":"RECALL"},{"data":"Finisher","floor":45,"key":"SMITH"},{"data":"Doppelganger","floor":49,"key":"SMITH"},{"data":"After Image","floor":52,"key":"SMITH"}],"circlet_count":0,"master_deck":["Survivor","Neutralize+1","Noxious Fumes+1","Malaise+1","Blade Dance+1","Dash+1","Storm of Steel","Well Laid Plans","Doppelganger+1","Concentrate+1","Finisher+1","Quick Slash","After Image+1","Quick Slash","Cloak And Dagger+1","Well Laid Plans+1","Flash of Steel","Acrobatics+1","PiercingWail"],"relics":["Ring of the Snake","PreservedInsect","WingedGreaves","Centennial Puzzle","Tiny Chest","Shuriken","Pandora\u0027s Box","Ice Cream","Bag of Marbles","Nunchaku","Ninja Scroll","Question Card","Sozu","Letter Opener","HornCleat","Pear","TheAbacus","Bird Faced Urn","Art of War","InkBottle","TwistedFunnel","Red Mask","Singing Bowl","Anchor"],"acts_visited":["Exordium","TheCity","TheBeyond","TheEnding"],"potions_floor_usage":[7,55,55],"damage_taken":[{"damage":0,"enemies":"Jaw Worm","floor":1,"turns":4},{"damage":0,"enemies":"Small Slimes","floor":3,"turns":4},{"damage":4,"enemies":"Lagavulin","floor":7,"turns":9},{"damage":0,"enemies":"2 Louse","floor":10,"turns":3},{"damage":10,"enemies":"Exordium Thugs","floor":11,"turns":6},{"damage":4,"enemies":"Gremlin Nob","floor":12,"turns":5},{"damage":3,"enemies":"Hexaghost","floor":16,"turns":9},{"damage":2,"enemies":"Chosen","floor":18,"turns":5},{"damage":9,"enemies":"Book of Stabbing","floor":23,"turns":5},{"damage":8,"enemies":"Gremlin Leader","floor":25,"turns":5},{"damage":1,"enemies":"Slavers","floor":27,"turns":3},{"damage":7,"enemies":"2 Thieves","floor":30,"turns":3},{"damage":0,"enemies":"Shelled Parasite and Fungi","floor":31,"turns":4},{"damage":0,"enemies":"Automaton","floor":33,"turns":6},{"damage":3,"enemies":"3 Darklings","floor":35,"turns":4},{"damage":7,"enemies":"2 Orb Walkers","floor":39,"turns":2},{"damage":0,"enemies":"Reptomancer","floor":41,"turns":4},{"damage":0,"enemies":"Nemesis","floor":47,"turns":1},{"damage":0,"enemies":"3 Shapes","floor":48,"turns":2},{"damage":0,"enemies":"Time Eater","floor":50,"turns":6},{"damage":0,"enemies":"Shield and Spear","floor":54,"turns":4},{"damage":16,"enemies":"The Heart","floor":55,"turns":6}],"seed_played":"-4957114649387426663","potions_obtained":[{"floor":3,"key":"AttackPotion"},{"floor":7,"key":"BlessingOfTheForge"},{"floor":12,"key":"Strength Potion"},{"floor":16,"key":"Strength Potion"},{"floor":19,"key":"Block Potion"},{"floor":25,"key":"DuplicationPotion"}],"is_trial":false,"path_per_floor":["M","?","M","?","$","R","E","R","T","M","M","E","R","T","R","B",null,"M","?","$","T","?","E","$","E","T","E","?","R","M","M","R","B",null,"M","?","T","$","?","R","E","$","T","R","R","?","E","M","R","B",null,"R","$","E","B",null],"character_chosen":"THE_SILENT","items_purchased":["PreservedInsect","Malaise","Ice Cream","HornCleat","Pear","TheAbacus","Flash of Steel","PiercingWail","InkBottle","TwistedFunnel"],"campfire_rested":0,"item_purchase_floors":[5,5,20,38,38,38,38,42,42,42],"current_hp_per_floor":[49,54,54,43,43,43,39,39,39,39,29,25,25,25,25,22,75,73,73,73,73,73,64,64,56,56,55,55,55,48,48,48,48,75,72,72,72,82,75,75,83,83,83,83,83,83,85,89,89,89,89,89,89,91,75],"gold":67,"neow_bonus":"TWO_FIFTY_GOLD","is_daily":false,"chose_seed":false,"campfire_upgraded":10,"win_rate":0.0,"timestamp":1608357619,"path_taken":["M","?","M","?","?","R","E","R","T","M","M","E","R","?","R","BOSS","M","?","?","?","?","E","$","E","T","E","?","R","M","M","R","BOSS","M","?","?","$","?","R","E","$","T","R","R","?","E","?","R","BOSS","R","$","E","BOSS"],"items_purchased_type":["Relic","Card","Relic","Relic","Relic","Relic","Card","Card","Relic","Relic"],"build_version":"2020-12-13","purchased_purges":3,"victory":true,"max_hp_per_floor":[70,75,75,75,75,75,75,75,75,75,75,75,75,75,75,75,75,75,75,75,75,75,75,75,75,75,75,75,75,75,75,75,75,75,75,75,75,85,85,85,85,85,85,85,85,85,87,89,89,89,89,89,89,91,91],"card_choices":[{"not_picked":["Bane","Cloak And Dagger"],"picked":"Noxious Fumes","floor":1},{"not_picked":["Backflip","Prepared","Finisher"],"picked":"SKIP","floor":3},{"not_picked":["Dash","Quick Slash","All Out Attack"],"picked":"SKIP","floor":7},{"not_picked":["Flechettes","Cloak And Dagger"],"picked":"Blade Dance","floor":10},{"not_picked":["Backflip","Masterful Stab"],"picked":"Dash","floor":11},{"not_picked":["Quick Slash","Infinite Blades","Accuracy"],"picked":"SKIP","floor":12},{"not_picked":["Adrenaline","Envenom"],"picked":"Storm of Steel","floor":16},{"not_picked":["PiercingWail","Sucker Punch"],"picked":"Well Laid Plans+1","floor":18},{"not_picked":["Deadly Poison+1","Infinite Blades","Backstab"],"picked":"SKIP","floor":23},{"not_picked":["Tools of the Trade","Storm of Steel","Prepared"],"picked":"SKIP","floor":25},{"not_picked":["Underhanded Strike","Night Terror","Noxious Fumes"],"picked":"SKIP","floor":27},{"not_picked":["Dagger Spray","Poisoned Stab+1","Outmaneuver","Slice+1"],"picked":"SKIP","floor":30},{"not_picked":["Catalyst+1","Dodge and Roll","Flying Knee+1","Finisher"],"picked":"SKIP","floor":31},{"not_picked":["Leg Sweep+1","Deflect","Poisoned Stab","Prepared+1"],"picked":"SKIP","floor":35},{"not_picked":["Crippling Poison","Dagger Throw","Eviscerate+1"],"picked":"Acrobatics+1","floor":39},{"not_picked":["Well Laid Plans","Terror","Flying Knee","Eviscerate"],"picked":"SKIP","floor":41},{"not_picked":["Dagger Throw","Sucker Punch+1","Crippling Poison","Acrobatics+1"],"picked":"Singing Bowl","floor":47},{"not_picked":["Eviscerate","Distraction+1","Terror+1","Acrobatics+1"],"picked":"Singing Bowl","floor":48},{"not_picked":["Underhanded Strike","Dash","Dagger Throw+1","Eviscerate"],"picked":"Singing Bowl","floor":54}],"player_experience":964797,"relics_obtained":[{"floor":7,"key":"WingedGreaves"},{"floor":9,"key":"Centennial Puzzle"},{"floor":12,"key":"Tiny Chest"},{"floor":14,"key":"Shuriken"},{"floor":21,"key":"Bag of Marbles"},{"floor":25,"key":"Nunchaku"},{"floor":26,"key":"Ninja Scroll"},{"floor":27,"key":"Question Card"},{"floor":37,"key":"Letter Opener"},{"floor":39,"key":"Bird Faced Urn"},{"floor":41,"key":"Art of War"},{"floor":47,"key":"Singing Bowl"},{"floor":54,"key":"Anchor"}],"event_choices":[{"damage_healed":0,"gold_gain":0,"player_choice":"Donut","damage_taken":0,"max_hp_gain":5,"max_hp_loss":0,"event_name":"Big Fish","floor":2,"gold_loss":0},{"damage_healed":0,"gold_gain":75,"player_choice":"Gold","damage_taken":11,"max_hp_gain":0,"max_hp_loss":0,"event_name":"betterThird:BetterGoop","floor":4,"gold_loss":0},{"damage_healed":0,"gold_gain":0,"player_choice":"Got Potions","damage_taken":0,"max_hp_gain":0,"max_hp_loss":0,"event_name":"Lab","floor":19,"gold_loss":0},{"damage_healed":0,"gold_gain":0,"player_choice":"Ignored","damage_taken":0,"max_hp_gain":0,"max_hp_loss":0,"event_name":"Ghosts","floor":22,"gold_loss":0},{"cards_removed":["Flechettes"],"damage_healed":0,"gold_gain":0,"player_choice":"Elegance","damage_taken":0,"max_hp_gain":0,"max_hp_loss":0,"event_name":"betterThird:BetterWriting","floor":28,"gold_loss":0},{"damage_healed":0,"gold_gain":999,"player_choice":"Gold","damage_taken":0,"max_hp_gain":0,"max_hp_loss":0,"event_name":"MindBloom","floor":36,"gold_loss":0,"cards_obtained":["Normality","Normality"]},{"damage_healed":0,"gold_gain":0,"player_choice":"Fight","damage_taken":0,"max_hp_gain":0,"max_hp_loss":0,"event_name":"Mysterious Sphere","floor":39,"gold_loss":0},{"damage_healed":0,"gold_gain":0,"player_choice":"Paid","damage_taken":0,"relics_obtained":["Red Mask"],"max_hp_gain":0,"max_hp_loss":0,"event_name":"Tomb of Lord Red Mask","floor":46,"gold_loss":85}],"is_beta":false,"boss_relics":[{"not_picked":["Astrolabe","Velvet Choker"],"picked":"Pandora\u0027s Box"},{"not_picked":["Busted Crown","Calling Bell"],"picked":"Sozu"}],"items_purged_floors":[5,38,42],"is_endless":false,"potions_floor_spawned":[3,7,12,16,23,25,30,33,47],"ascension_level":0}}