{"host":"pbf6u3tyx46snqc7","time":1608392933,"event":{"mods":["AchievementEnabler","BaseMod","Colored Map","Marisa£¨Ùöéë¡¡Øª×âÞÞ£©","Minty Spire (QoL Compilation)","Rare Cards Sparkle","Shop Mod","SuperFastMode"],"gold_per_floor":[19,29,29,42,42,42,75,75,100,114,129,144,144,161,161,235,235,249,261,261,281,314,314,334,334,357,357,357],"floor_reached":27,"playtime":929,"items_purged":[],"score":380,"play_id":"f48d4566-8856-42f1-bffc-8004c50cca91","local_time":"20201220004853","is_ascension_mode":true,"campfire_choices":[{"data":"Doom and Gloom","floor":6,"key":"SMITH"},{"floor":8,"key":"REST"},{"floor":15,"key":"REST"},{"floor":23,"key":"REST"}],"circlet_count":0,"master_deck":["AscendersBane","Strike_B","Strike_B","Defend_B","Defend_B","Defend_B","Defend_B","Zap","Dualcast","Gash","Rebound","Sunder","Doom and Gloom+1","Conserve Battery","Streamline","Echo Form","Turbo","Fission","Beam Cell","Gash","Reprogram","Steam","Scrape+1","Reboot","Electrodynamics"],"relics":["Cracked Core","Du-Vu Doll","Mercury Hourglass","Cables","Bag of Preparation","Calipers","Philosopher\u0027s Stone","Red Mask","Potion Belt"],"acts_visited":["Exordium","TheCity"],"potions_floor_usage":[7,12,12,18,21,22,22],"damage_taken":[{"damage":4,"enemies":"Jaw Worm","floor":1,"turns":3},{"damage":1,"enemies":"Cultist","floor":2,"turns":3},{"damage":8,"enemies":"2 Louse","floor":4,"turns":2},{"damage":35,"enemies":"Lagavulin","floor":7,"turns":5},{"damage":0,"enemies":"Large Slime","floor":10,"turns":3},{"damage":0,"enemies":"3 Louse","floor":11,"turns":2},{"damage":0,"enemies":"Exordium Thugs","floor":12,"turns":1},{"damage":8,"enemies":"Blue Slaver","floor":14,"turns":2},{"damage":26,"enemies":"Slime Boss","floor":16,"turns":4},{"damage":3,"enemies":"2 Thieves","floor":18,"turns":2},{"damage":2,"enemies":"Chosen","floor":19,"turns":3},{"damage":20,"enemies":"Centurion and Healer","floor":21,"turns":6},{"damage":3,"enemies":"Masked Bandits","floor":22,"turns":3},{"damage":29,"enemies":"Snake Plant","floor":24,"turns":3},{"damage":24,"enemies":"Book of Stabbing","floor":27,"turns":2}],"seed_played":"-4090795040463153190","potions_obtained":[{"floor":2,"key":"FocusPotion"},{"floor":4,"key":"LiquidMemories"},{"floor":10,"key":"Explosive Potion"},{"floor":12,"key":"LiquidBronze"},{"floor":14,"key":"SkillPotion"},{"floor":19,"key":"SpeedPotion"},{"floor":21,"key":"EssenceOfSteel"}],"is_trial":false,"path_per_floor":["M","M","?","M","T","R","E","R","T","M","M","M","T","M","R","B",null,"M","M","?","M","?","R","M","?","T","E"],"character_chosen":"DEFECT","items_purchased":[],"campfire_rested":3,"item_purchase_floors":[],"current_hp_per_floor":[60,59,59,51,51,51,16,37,37,37,37,37,37,29,50,24,59,56,54,54,34,31,52,23,23,23,0,0],"gold":357,"neow_bonus":"ONE_RARE_RELIC","is_daily":false,"chose_seed":false,"campfire_upgraded":1,"win_rate":0.0,"timestamp":1608392933,"path_taken":["M","M","?","M","?","R","E","R","T","M","M","?","?","M","R","BOSS","M","M","?","M","?","R","M","?","T","E"],"items_purchased_type":[],"build_version":"2020-12-13","purchased_purges":0,"victory":false,"max_hp_per_floor":[71,71,71,71,71,71,71,71,71,71,71,71,71,71,71,71,71,71,71,71,71,71,71,71,71,71,71,71],"card_choices":[{"not_picked":["Coolheaded","Barrage"],"picked":"Gash","floor":1},{"not_picked":["Stack","Tempest"],"picked":"Rebound","floor":2},{"not_picked":["Recycle","Ball Lightning"],"picked":"Doom and Gloom","floor":4},{"not_picked":["Glacier","Cold Snap","Ball Lightning"],"picked":"SKIP","floor":7},{"not_picked":["Steam","Barrage"],"picked":"Conserve Battery","floor":10},{"not_picked":["Barrage","Recycle"],"picked":"Streamline","floor":11},{"not_picked":["Doom and Gloom","Auto Shields"],"picked":"Echo Form","floor":12},{"not_picked":["Compile Driver","Double Energy"],"picked":"Turbo","floor":14},{"not_picked":["Thunder Strike","Creative AI"],"picked":"Fission","floor":16},{"not_picked":["Force Field","Cold Snap"],"picked":"Beam Cell","floor":18},{"not_picked":["Turbo","Storm"],"picked":"Gash","floor":19},{"not_picked":["Beam Cell","Self Repair"],"picked":"Steam","floor":21},{"not_picked":["Ball Lightning+1","Stack"],"picked":"Scrape+1","floor":22},{"not_picked":["Conserve Battery+1","Hologram"],"picked":"Reboot","floor":24}],"player_experience":280935,"relics_obtained":[{"floor":5,"key":"Mercury Hourglass"},{"floor":7,"key":"Cables"},{"floor":9,"key":"Bag of Preparation"},{"floor":13,"key":"Calipers"},{"floor":22,"key":"Red Mask"},{"floor":26,"key":"Potion Belt"}],"event_choices":[{"damage_healed":0,"gold_gain":0,"cards_transformed":["Strike_B"],"player_choice":"Change","damage_taken":0,"max_hp_gain":0,"max_hp_loss":0,"event_name":"Living Wall","floor":3,"gold_loss":0,"cards_obtained":["Sunder"]},{"damage_healed":0,"gold_gain":0,"player_choice":"Read","damage_taken":0,"max_hp_gain":0,"max_hp_loss":0,"event_name":"The Library","floor":20,"gold_loss":0,"cards_obtained":["Reprogram"]},{"damage_healed":0,"gold_gain":0,"player_choice":"Fought Bandits","damage_taken":0,"max_hp_gain":0,"max_hp_loss":0,"event_name":"Masked Bandits","floor":22,"gold_loss":0},{"damage_healed":0,"gold_gain":0,"cards_transformed":["Strike_B"],"player_choice":"Transformed","damage_taken":0,"max_hp_gain":0,"max_hp_loss":0,"event_name":"Transmorgrifier","floor":25,"gold_loss":0,"cards_obtained":["Electrodynamics"]}],"is_beta":false,"boss_relics":[{"not_picked":["Ectoplasm","FrozenCore"],"picked":"Philosopher\u0027s Stone"}],"items_purged_floors":[],"is_endless":false,"potions_floor_spawned":[2,4,10,12,14,19,21],"killed_by":"Book of Stabbing","ascension_level":15}}