{"host":"ucrubczzhd6ttfof","time":1608407580,"event":{"mods":["Aspiration","BaseMod","Better Match","Better Note","Booster Modes","CapriCore","Card Forge","Conspire","Downfall","Energized Spire","GifTheSpireLib","Glutton Mod","Halation","Hermit","Hubris","Jorbs\u0027s Wanderer Trilogy","Koishi","Marisa????????","Marked Mod","Minty Spire (QoL Compilation)","Permanent Neow","Reimu??????","Remove Card Discount Mod","Replay The Spire","Retaliation","Reworked Bosses","Spicy Shops","Spikes Relics","StSLib","Stuff the Spire","Td1madao Mod","The Animator","The Blue Laboratory","The Bug Knight","The Cursed","The Hierophant","The Immortal","The Marked","The Mystic","The Valiant","TheBandit","TheSwordswoman","TheVacant","vexMod"],"gold_per_floor":[113,113,123,123,123,135,152,178,195,230,230,275,275,286,286,305,305,419,419,436,436,452,480,315,315,315,315,315,315,435,451,149,149,149,246,246,261,278,126,64,64,64,196,43,43,78,132,132,132,248,248,248],"floor_reached":53,"playtime":2820,"items_purged":["theMarked:MysticalArsenal","theMarked:DispelDoubt","theMarked:ElectricStrings","theMarked:BanishingWave","Doubt","theMarked:HeightenedSenses","theMarked:HeightenedSenses","theMarked:WardOff","theMarked:WardOff","Pain","theMarked:BanishingStrike"],"score":1051,"play_id":"a3c3cb07-7fda-4e0a-bcf4-fcf0e07debe3","local_time":"20201219115300","daily_mods":["SealedDeck","Heirloom"],"is_ascension_mode":false,"campfire_choices":[{"data":"theMarked:Seal","floor":13,"key":"SMITH"},{"data":"theMarked:HeritageOfTheMarked","floor":15,"key":"SMITH"},{"data":"theMarked:StartUp","floor":17,"key":"SMITH"},{"data":"theMarked:Indomitable","floor":25,"key":"SMITH"},{"data":"theMarked:TakeOffHeels","floor":27,"key":"SMITH"},{"data":"theMarked:DeterminationOfTheMarked","floor":29,"key":"SMITH"},{"data":"theMarked:WardOff","floor":34,"key":"SMITH"},{"data":"theMarked:BindingBlade","floor":42,"key":"SMITH"},{"data":"theMarked:HeritageOfTheMarked","floor":49,"key":"SMITH"},{"floor":51,"key":"DIG"}],"circlet_count":0,"master_deck":["theMarked:Seal+1","theMarked:Indomitable+1","theMarked:DeterminationOfTheMarked+1","theMarked:WardOff+1","theMarked:BindingBlade+1","theMarked:HeritageOfTheMarked+1","theMarked:StartUp+1","theMarked:TakeOffHeels+1","CurseOfTheBell","theMarked:WardOff+1","theMarked:WardOff+1","theMarked:WardOff+1","theMarked:BanishingStrike+1","theMarked:HeritageOfTheMarked+1","theMarked:EnhancedHearing+1"],"relics":["theMarked:ArtifactOfAir","Hammer of Thor","Seething Fire","Anvil of the Gods","Mango","ReplayFunnel","PureWhite:ReiMu","vexMod:ConsolationPrize","MealTicket","Calling Bell","Replay:Mystery Machine","Letter Opener","Durian","Shovel","Replay:Rubber Ducky","aspiration:SeaSaltIceCream","StuffTheSpire:TintedRock","BlackRope","Pen Nib","vexMod:Spyglass","vexMod:Dragonfruit","Orrery","Bag of Marbles","Question Card","Mastiff:ReiMu","theMarked:DemonDagger","RoseTintedShades","CatCart","Meat on the Bone","Golden Egg","StuffTheSpire:Mouthbags"],"acts_visited":["Exordium","TheCity","TheBeyond"],"potions_floor_usage":[3,3,7,14,18,23,30,46,52,52],"damage_taken":[{"damage":0,"enemies":"2 Louse","floor":1,"turns":2},{"damage":0,"enemies":"Cultist","floor":3,"turns":2},{"damage":1,"enemies":"Jaw Worm","floor":6,"turns":3},{"damage":0,"enemies":"Lots of Slimes","floor":7,"turns":2},{"damage":1,"enemies":"Replay:BlueRogue","floor":8,"turns":3},{"damage":1,"enemies":"Looter","floor":9,"turns":3},{"damage":0,"enemies":"Lagavulin","floor":10,"turns":4},{"damage":10,"enemies":"Gremlin Nob","floor":12,"turns":3},{"damage":0,"enemies":"Exordium Wildlife","floor":14,"turns":3},{"damage":0,"enemies":"Large Slime","floor":16,"turns":2},{"damage":14,"enemies":"Hexaghost","floor":18,"turns":6},{"damage":3,"enemies":"Spheric Guardian","floor":20,"turns":4},{"damage":0,"enemies":"conspire:FuzzyDice","floor":22,"turns":3},{"damage":1,"enemies":"conspire:MimicChest","floor":23,"turns":5},{"damage":0,"enemies":"conspire:SneckoGhost","floor":30,"turns":4},{"damage":1,"enemies":"Snake Plant","floor":31,"turns":3},{"damage":0,"enemies":"bossMod:newChamp","floor":35,"turns":7},{"damage":0,"enemies":"Orb Walker","floor":37,"turns":3},{"damage":0,"enemies":"3 Shapes","floor":38,"turns":2},{"damage":0,"enemies":"HollowMod:StalkingDevout","floor":43,"turns":7},{"damage":23,"enemies":"Transient","floor":46,"turns":5},{"damage":0,"enemies":"Orin","floor":47,"turns":6},{"damage":0,"enemies":"Nemesis","floor":50,"turns":3},{"damage":0,"enemies":"Time Eater","floor":52,"turns":5}],"seed_played":"-1939134350217386160","potions_obtained":[{"floor":1,"key":"Adrenaline Potion"},{"floor":2,"key":"blueLaboratory:FruitPunch"},{"floor":2,"key":"theMarked:ChargePotion"},{"floor":6,"key":"EssenceOfSteel"},{"floor":8,"key":"Milkshake"},{"floor":10,"key":"Guardian:BlockOnCardUsePotion"},{"floor":16,"key":"SmokeBomb"},{"floor":20,"key":"Block Potion"},{"floor":23,"key":"Adrenaline Potion"},{"floor":30,"key":"blueLaboratory:BottledHope"},{"floor":37,"key":"Block Potion"},{"floor":47,"key":"blueLaboratory:ImpenetrablePotion"}],"is_trial":true,"path_per_floor":["M","?","M","PTL","PTL","M","M","E","M","E","T","E","R","M","R","M","R","B",null,"M","?","M","?","$","R","T","R","T","R","E","M","$","$","R","B",null,"M","M","$","$","?","R","E","$","T","M","?","T","R","E","R","B",null],"character_chosen":"THE_DEFAULT","items_purchased":["Replay:Rubber Ducky","vexMod:Spyglass","vexMod:Dragonfruit","Orrery","Bag of Marbles","theMarked:DemonDagger"],"campfire_rested":0,"item_purchase_floors":[24,32,32,39,40,44],"current_hp_per_floor":[84,84,86,86,86,85,85,84,83,83,83,73,73,73,73,73,73,59,91,88,88,88,87,91,91,91,91,91,91,91,90,96,96,96,96,96,96,96,96,96,96,96,96,96,96,73,73,73,73,73,73,73],"gold":248,"neow_bonus":"","is_daily":false,"chose_seed":false,"campfire_upgraded":9,"win_rate":0.0,"timestamp":1608407580,"path_taken":["M","?","M","PTL","PTL","?","M","E","M","E","T","E","R","M","R","?","R","BOSS","M","?","?","?","$","R","?","R","T","R","E","M","$","?","R","BOSS","M","M","?","$","?","R","E","$","T","?","?","?","R","E","R","BOSS"],"items_purchased_type":["Relic","Relic","Relic","Relic","Relic","Relic"],"build_version":"2020-12-13","purchased_purges":11,"victory":true,"max_hp_per_floor":[84,84,86,86,86,86,86,86,86,86,86,86,86,86,86,86,86,86,91,91,91,91,91,91,91,91,91,91,91,91,91,96,96,96,96,96,96,96,96,96,96,96,96,96,96,96,96,96,96,96,96,96],"card_choices":[{"not_picked":["theMarked:TunnelVision","theMarked:Parkour"],"picked":"theMarked:WardOff","floor":1},{"not_picked":["theMarked:ResourceFulStrike","theMarked:Static","theMarked:Parkour"],"picked":"SKIP","floor":3},{"not_picked":["theMarked:Reabsorb","theMarked:RepellingDischarge","theMarked:ShockingTouch"],"picked":"SKIP","floor":6},{"not_picked":["theMarked:ChainLightning","theMarked:Frustration"],"picked":"theMarked:BanishingWave","floor":7},{"not_picked":["theMarked:BanishingWave","theMarked:WastefulDefense"],"picked":"theMarked:BindingBlade","floor":8},{"not_picked":["theMarked:MaelstromOfLightning","theMarked:TakeCover"],"picked":"theMarked:HeritageOfTheMarked","floor":9},{"not_picked":["theMarked:Panic","theMarked:Frustration","theMarked:MagicAdept"],"picked":"SKIP","floor":10},{"not_picked":["theMarked:BanishingStrike","theMarked:Panic","theMarked:HeightenedSenses"],"picked":"SKIP","floor":12},{"not_picked":["theMarked:Parkour","theMarked:ResourceFulStrike"],"picked":"theMarked:WardOff","floor":14},{"not_picked":["theMarked:MysticalArsenal","theMarked:DeterminationOfTheMarked"],"picked":"theMarked:StartUp","floor":16},{"not_picked":["theMarked:SoldierForm","theMarked:Defy"],"picked":"theMarked:TakeOffHeels","floor":18},{"not_picked":["theMarked:Convert+1","theMarked:Panic","theMarked:LightningStrikesTwice"],"picked":"SKIP","floor":20},{"not_picked":["theMarked:Improvise","theMarked:ThrowWeapon","theMarked:Panic"],"picked":"SKIP","floor":22},{"not_picked":["theMarked:Parkour+1","theMarked:Electrify+1","theMarked:MysticalArsenal"],"picked":"SKIP","floor":30},{"not_picked":["theMarked:ChainLightning","theMarked:BanishingStrike"],"picked":"theMarked:WardOff+1","floor":31},{"not_picked":["theMarked:ResourceFulStrike+1","theMarked:BanishingStrike+1"],"picked":"theMarked:EnhancedHearing+1","floor":37},{"not_picked":["theMarked:MysticalArsenal","theMarked:Convert","theMarked:ChainLightning+1"],"picked":"SKIP","floor":38},{"not_picked":["theMarked:HeightenedSenses","theMarked:Convert+1"],"picked":"theMarked:WardOff+1","floor":39},{"not_picked":["theMarked:ChainLightning","theMarked:MaelstromOfLightning+1"],"picked":"theMarked:WardOff+1","floor":39},{"not_picked":["theMarked:WardOff+1","theMarked:Aftermath+1","theMarked:Defy"],"picked":"theMarked:BanishingStrike+1","floor":43},{"not_picked":["theMarked:GodGivenPower+1","theMarked:BanishingStrike","theMarked:HeritageOfTheMarked","theMarked:TwofoldDefense"],"picked":"SKIP","floor":46},{"not_picked":["theMarked:GodGivenPower+1","theMarked:BanishingStrike","theMarked:TwofoldDefense"],"picked":"theMarked:HeritageOfTheMarked","floor":46},{"not_picked":["theMarked:ResourceFulStrike+1","theMarked:Polarize","theMarked:Electrocute+1","theMarked:Parkour"],"picked":"SKIP","floor":50}],"player_experience":746508,"relics_obtained":[{"floor":8,"key":"ReplayFunnel"},{"floor":10,"key":"PureWhite:ReiMu"},{"floor":11,"key":"vexMod:ConsolationPrize"},{"floor":12,"key":"MealTicket"},{"floor":19,"key":"Replay:Mystery Machine"},{"floor":19,"key":"Letter Opener"},{"floor":19,"key":"Durian"},{"floor":23,"key":"Shovel"},{"floor":26,"key":"aspiration:SeaSaltIceCream"},{"floor":28,"key":"BlackRope"},{"floor":30,"key":"Pen Nib"},{"floor":43,"key":"Mastiff:ReiMu"},{"floor":45,"key":"RoseTintedShades"},{"floor":47,"key":"CatCart"},{"floor":48,"key":"Meat on the Bone"},{"floor":50,"key":"Golden Egg"},{"floor":51,"key":"StuffTheSpire:Mouthbags"}],"event_choices":[{"damage_healed":0,"gold_gain":0,"player_choice":"Got Potions","damage_taken":0,"max_hp_gain":0,"max_hp_loss":0,"event_name":"Lab","floor":2,"gold_loss":0},{"damage_healed":0,"gold_gain":0,"player_choice":"Ignored","damage_taken":0,"max_hp_gain":0,"max_hp_loss":0,"event_name":"betterNote:BetterNote","floor":21,"gold_loss":0,"cards_obtained":["HollowMod:theNailsmith"]},{"damage_healed":0,"gold_gain":0,"player_choice":"Fight","damage_taken":0,"max_hp_gain":0,"max_hp_loss":0,"event_name":"OrinTheCat","floor":47,"gold_loss":0}],"is_beta":false,"boss_relics":[{"not_picked":["Velvet Choker","Ring of Chaos"],"picked":"Calling Bell"},{"not_picked":["Kintsugi","hubris:GrandSneckoEye","halation:PinkAlligatorPlush"]}],"items_purged_floors":[24,24,24,24,32,32,32,39,39,40,44],"is_endless":false,"potions_floor_spawned":[1,6,8,10,16,20,23,30,37,43,47],"ascension_level":0}}