{"host":"ipcfr4ajj2jkxvg7","time":1608369709,"event":{"mods":["BaseMod","Colored Powertips","GifTheSpireLib","Marisa（F雨　魔理沙）","Minty Spire (QoL Compilation)","Quick Restart","Remilia（蕾米莉亚）","Replay The Spire","RumiaBox-露米娅的神秘盒子","StSLib"],"gold_per_floor":[111,111,4,179,179,179,205,205,205,221,233,106,159,176,176,275,275,291,291,310,349,349,410,410,443,443,499,544,296,343,343,343,477,477,493,289,300,300,312,312,409,438,438,438,484,484,495,509,509,509],"floor_reached":51,"playtime":1039,"items_purged":["Doubt","Defend_MRS","Defend_MRS"],"score":1115,"play_id":"65a4dce1-1f92-4c29-b667-8e69a8a2d35d","local_time":"20201219172149","is_ascension_mode":true,"campfire_choices":[{"data":"OrrerysSun","floor":6.0,"key":"SMITH"},{"data":"PropBag","floor":8.0,"key":"SMITH"},{"data":"MilkyWay","floor":15.0,"key":"SMITH"},{"floor":24.0,"key":"REST"},{"floor":32.0,"key":"REST"},{"floor":40.0,"key":"REST"},{"data":"MilkyWay","floor":44.0,"key":"SMITH"},{"data":"PowerUp","floor":46.0,"key":"SMITH"},{"floor":49,"key":"REST"}],"circlet_count":0,"master_deck":["AscendersBane","Strike_MRS","Strike_MRS+1","Strike_MRS","Strike_MRS","Defend_MRS+1","Defend_MRS","MasterSpark","UpSweep","MilkyWay+1","PropBag+1","OrrerysSun+1","WitchOfGreed","StarBarrage","AlicesGift","MilkyWay+1","UltimateShortwave","PowerUp+1","MilkyWay+1","FairyDestructionRay","AbeCurse","DeepEcoloBomb","DeepEcoloBomb+1","Acceleration","Acceleration+1","PowerUp+1"],"relics":["MiniHakkero","NeowsBlessing","AddBug","SecretRecord","SecretRecord","SecretRecord","SecretRecord","SecretRecord","SecretRecord","SecretRecord","SecretRecord","SecretRecord","SecretRecord","SecretRecord","SecretRecord"],"acts_visited":["Exordium","TheCity","TheBeyond"],"potions_floor_usage":[47,47,50,50,50],"damage_taken":[{"damage":0.0,"enemies":"Small Slimes","floor":1.0,"turns":2.0},{"damage":2.0,"enemies":"Gremlin Nob","floor":7.0,"turns":3.0},{"damage":0.0,"enemies":"Jaw Worm","floor":10.0,"turns":1.0},{"damage":7.0,"enemies":"2 Louse","floor":11.0,"turns":2.0},{"damage":2.0,"enemies":"Lagavulin","floor":13.0,"turns":4.0},{"damage":3.0,"enemies":"Looter","floor":14.0,"turns":2.0},{"damage":0.0,"enemies":"Slime Boss","floor":16.0,"turns":4.0},{"damage":0.0,"enemies":"Spheric Guardian","floor":18.0,"turns":1.0},{"damage":0.0,"enemies":"2 Thieves","floor":20.0,"turns":2.0},{"damage":16.0,"enemies":"Snake Plant","floor":21.0,"turns":3.0},{"damage":39.0,"enemies":"Slavers","floor":23.0,"turns":4.0},{"damage":0.0,"enemies":"Book of Stabbing","floor":25.0,"turns":1.0},{"damage":0.0,"enemies":"Gremlin Leader","floor":27.0,"turns":4.0},{"damage":14.0,"enemies":"3 Cultists","floor":28.0,"turns":4.0},{"damage":0.0,"enemies":"Centurion and Healer","floor":30.0,"turns":3.0},{"damage":37.0,"enemies":"Pondfish","floor":33.0,"turns":7.0},{"damage":0.0,"enemies":"Orb Walker","floor":35.0,"turns":2.0},{"damage":32.0,"enemies":"3 Darklings","floor":37.0,"turns":2.0},{"damage":9.0,"enemies":"Writhing Mass","floor":39.0,"turns":2.0},{"damage":0.0,"enemies":"Mind Bloom Boss Battle","floor":41.0,"turns":2.0},{"damage":0.0,"enemies":"Nemesis","floor":42.0,"turns":1.0},{"damage":13,"enemies":"4 Shapes","floor":47,"turns":2},{"damage":0,"enemies":"Transient","floor":48,"turns":1},{"damage":17,"enemies":"Donu and Deca","floor":50,"turns":2}],"seed_played":"-5565826686781243968","potions_obtained":[{"floor":10.0,"key":"Cursed Concoction"},{"floor":11.0,"key":"DuplicationPotion"},{"floor":13.0,"key":"Adrenaline Potion"},{"floor":21.0,"key":"Cursed Concoction"},{"floor":21.0,"key":"AttackPotion"},{"floor":27.0,"key":"SteroidPotion"},{"floor":28.0,"key":"Weak Potion"},{"floor":39.0,"key":"Energy Potion"},{"floor":41.0,"key":"DistilledChaos"},{"floor":45.0,"key":"LifebloodPotion"},{"floor":47,"key":"LiquidBronze"},{"floor":48,"key":"Energy Potion"}],"is_trial":false,"path_per_floor":["M","?","$","?","?","R","E","R","T","M","M","$","E","M","R","B",null,"M","T","M","M","?","E","R","E","T","E","M","$","M","?","R","B",null,"M","$","M","?","M","R","?","E","T","R","?","R","M","M","R","B",null],"character_chosen":"MARISA","items_purchased":["PropBag","OrrerysSun","MilkyWay","ReplayFunnel","DeepEcoloBomb"],"campfire_rested":4,"item_purchase_floors":[3,3,12,29,36],"current_hp_per_floor":[68,53,53,53,53,53,51,51,51,51,44,44,42,39,39,39,66,66,66,66,50,50,11,33,33,33,33,19,19,19,19,41,4,57,57,57,25,25,16,38,38,38,38,38,20,20,7,7,29,12],"gold":509,"neow_bonus":"THREE_ENEMY_KILL","is_daily":false,"chose_seed":false,"campfire_upgraded":5,"win_rate":0.0,"timestamp":1608369709,"path_taken":["M","?","$","?","?","R","E","R","T","M","M","$","E","M","R","BOSS","M","?","M","M","?","E","R","E","T","E","?","$","M","?","R","BOSS","M","$","M","?","M","R","?","E","T","R","?","R","?","M","R","BOSS"],"items_purchased_type":["Card","Card","Card","Relic","Card"],"build_version":"2020-12-13","purchased_purges":3,"victory":true,"max_hp_per_floor":[75,75,75,75,75,75,75,75,75,75,75,75,75,75,75,75,75,75,75,75,75,75,75,75,75,75,75,75,75,75,75,75,75,75,75,75,75,75,75,75,75,75,75,75,75,75,75,75,75,75],"card_choices":[{"not_picked":["MysteriousBeam","LuminesStrike"],"picked":"MilkyWay","floor":1.0},{"not_picked":["GasGiant","SporeBomb"],"picked":"WitchOfGreed","floor":7.0},{"not_picked":["OneTimeOff","WitchLeyline"],"picked":"StarBarrage","floor":10.0},{"not_picked":["DoubleSpark","SprinkleStarSeal"],"picked":"AlicesGift","floor":11.0},{"not_picked":["FairyDestructionRay","StarlightTyphoon","BlazeAway"],"picked":"SKIP","floor":13.0},{"not_picked":["ChargeUpSpray","MeteoricShower","GravityBeat"],"picked":"SKIP","floor":14.0},{"not_picked":["BinaryStars","EscapeVelocity"],"picked":"UltimateShortwave","floor":16.0},{"not_picked":["IllusionStar","AlicesGift","SprinkleStarSeal+1"],"picked":"SKIP","floor":18.0},{"not_picked":["MysteriousBeam+1","AsteroidBelt","ShootingEcho"],"picked":"SKIP","floor":20.0},{"not_picked":["EnergyRecoil","SporeBomb"],"picked":"PowerUp","floor":21.0},{"not_picked":["UnstableBomb","GalacticHalo"],"picked":"MilkyWay","floor":23.0},{"not_picked":["DoubleSpark","MillisecondPulsars","OpenUniverse"],"picked":"SKIP","floor":25.0},{"not_picked":["MysteriousBeam+1","DoubleSpark"],"picked":"FairyDestructionRay","floor":27.0},{"not_picked":["WitchLeyline","LuminesStrike","RefractionSpark+1"],"picked":"SKIP","floor":28.0},{"not_picked":["EventHorizon+1","6A","GalacticHalo+1"],"picked":"SKIP","floor":30.0},{"not_picked":["WitchLeyline+1","AsteroidBelt","IllusionStar+1"],"picked":"SKIP","floor":35.0},{"not_picked":["GalacticHalo","DC"],"picked":"DeepEcoloBomb+1","floor":37.0},{"not_picked":["GasGiant","DC"],"picked":"Acceleration","floor":39.0},{"not_picked":["EnergyRecoil","NonDirectionalLaser+1"],"picked":"Acceleration+1","floor":41.0},{"not_picked":["EnergyRecoil","DC","WitchLeyline+1"],"picked":"SKIP","floor":42.0},{"not_picked":["6A+1","WitchLeyline+1"],"picked":"PowerUp+1","floor":47},{"not_picked":["SuperNova","DragonMeteor","GrandCross+1"],"picked":"SKIP","floor":48}],"player_experience":401653,"relics_obtained":[{"floor":1.0,"key":"AddBug"},{"floor":7.0,"key":"Replay:Bottled Steam"},{"floor":9.0,"key":"Quantum Egg"},{"floor":10.0,"key":"SecretRecord"},{"floor":13.0,"key":"Meat on the Bone"},{"floor":14.0,"key":"SecretRecord"},{"floor":18.0,"key":"SecretRecord"},{"floor":19.0,"key":"LastBattle"},{"floor":21.0,"key":"SecretRecord"},{"floor":23.0,"key":"MagicDraw2"},{"floor":25.0,"key":"GodSword4"},{"floor":26.0,"key":"MagicDraw3"},{"floor":27.0,"key":"SecretRecord"},{"floor":27.0,"key":"Mirror"},{"floor":30.0,"key":"SecretRecord"},{"floor":33.0,"key":"SecretRecord"},{"floor":37.0,"key":"SecretRecord"},{"floor":39.0,"key":"SecretRecord"},{"floor":41.0,"key":"StoneCalendar"},{"floor":41.0,"key":"SecretRecord"},{"floor":42.0,"key":"GodSword5"},{"floor":43.0,"key":"Garlic"},{"floor":45.0,"key":"Centennial Puzzle"},{"floor":47,"key":"SecretRecord"}],"event_choices":[{"damage_healed":0.0,"max_hp_gain":0.0,"max_hp_loss":0.0,"gold_gain":0.0,"event_name":"Shining Light","player_choice":"Entered Light","floor":2.0,"gold_loss":0.0,"damage_taken":15.0,"cards_upgraded":["Strike_MRS","Defend_MRS"]},{"damage_healed":0.0,"max_hp_gain":0.0,"max_hp_loss":0.0,"gold_gain":175.0,"event_name":"Liars Game","player_choice":"AGREE","floor":4.0,"gold_loss":0.0,"damage_taken":0.0,"cards_obtained":["Doubt"]},{"damage_healed":0.0,"max_hp_gain":0.0,"max_hp_loss":0.0,"gold_gain":0.0,"event_name":"Upgrade Shrine","player_choice":"Upgraded","floor":5.0,"gold_loss":0.0,"damage_taken":0.0,"cards_upgraded":["MilkyWay"]},{"damage_healed":0.0,"max_hp_gain":0.0,"max_hp_loss":0.0,"gold_gain":0.0,"event_name":"Lab","player_choice":"Got Potions","floor":22.0,"gold_loss":0.0,"damage_taken":0.0},{"damage_healed":0.0,"max_hp_gain":0.0,"max_hp_loss":0.0,"gold_gain":0.0,"event_name":"Cursed Tome","player_choice":"Ignored","floor":31.0,"gold_loss":0.0,"damage_taken":0.0},{"damage_healed":0.0,"max_hp_gain":0.0,"max_hp_loss":0.0,"gold_gain":0.0,"event_name":"Mysterious Sphere","player_choice":"Ignored","floor":38.0,"gold_loss":0.0,"damage_taken":0.0},{"damage_healed":0.0,"max_hp_gain":0.0,"max_hp_loss":0.0,"gold_gain":0.0,"event_name":"MindBloom","player_choice":"Fight","floor":41.0,"gold_loss":0.0,"damage_taken":0.0}],"is_beta":false,"boss_relics":[{"not_picked":["RampagingMagicTools","SoulBox"],"picked":"Calling Bell"},{"not_picked":["Busted Crown","Replay:Grab Bag"],"picked":"Honey Jar"}],"items_purged_floors":[12,29,36],"is_endless":false,"potions_floor_spawned":[10,11,21,23,28,33,35,39,41,47,48],"ascension_level":10}}