{"host":"1mxf43y0hzpoj3pg","time":1608370082,"event":{"mods":["AchievementEnabler","BaseMod","BetterRewards","Colored Map","Conspire","Downfall","Hubris","Minty Spire (QoL Compilation)","Permanent Neow","Replay The Spire","Shop Mod","StSLib","The Jungle"],"gold_per_floor":[99,129,39,39,39,39,39,69,69,69,84,99,199,199,214,314,314,239,254,269,269,59,74,74,74,74,74],"floor_reached":26,"playtime":1889,"items_purged":["hexamod:NecessarySacrifice"],"score":262,"play_id":"475be88e-6033-4f6e-99f2-6c01e6e7346d","local_time":"20201219042802","daily_mods":["Insanity","Diverse","Binary"],"is_ascension_mode":false,"campfire_choices":[{"floor":1,"key":"RECALL"},{"floor":4,"key":"REST"},{"floor":10,"key":"REST"},{"data":"Guardian:DecasProtection","floor":18,"key":"SMITH"}],"circlet_count":0,"master_deck":["Slimebound:LeechEnergy","Cloak And Dagger","Halt","Heavy Blade","Sweeping Beam","Slimebound:GoopTackle","FlurryOfBlows","Whirlwind","Bane","Tantrum","Guardian:CrystalBeam","Perfected Strike","Slimebound:SplitLeeching","CrushJoints","Pommel Strike","Slimebound:LeechingTouch","champ:GladiatorsShout","Heavy Blade","conspire:Charge","ClearTheMind","Replay:Undeath\u0027s Touch","hexamod:AdvancingGuard","hexamod:Haunt","hubris:ReadiedAction","Slimebound:SplitBruiser","Beam Cell","sneckomod:WideSting","hexamod:Firestarter","hexamod:HeatShield","Slimebound:Schlurp","Sucker Punch","Guardian:Repulse","Blood for Blood","sneckomod:IronFang","conspire:Charge","Protect","Rupture","champ:Haymaker","Slimebound:HauntingLick","Guardian:VentSteam","EmptyBody","Cold Snap","Consecrate","Leap","Slimebound:ComboTackle","Slimebound:BestDefense","sneckomod:WideSting","champ:GladiatorStyle","Caltrops","Slimebound:SplitMire","Guardian:DecasProtection+1","ConjureBlade","Pommel Strike","RitualDagger","Slimebound:DivideAndConquer","Transmutation","ThirdEye"],"relics":["Slimebound:AbsorbEndCombat","conspire:GiftBox","Replay:Towering Pillar of Hats","Counterbalance","Prayer Wheel","Slimebound:SlimedTailRelic","conspire:RoyalGoblet","downfall:HeartBlessingRed","Pantograph"],"acts_visited":["Exordium","TheCity"],"potions_floor_usage":[16,16,16,22,22,26],"damage_taken":[{"damage":20,"enemies":"Gremlin Nob","floor":2,"turns":3},{"damage":14,"enemies":"downfall:FleeingMerchant","floor":3,"turns":4},{"damage":15,"enemies":"Lagavulin","floor":8,"turns":6},{"damage":0,"enemies":"Small Slimes","floor":11,"turns":2},{"damage":0,"enemies":"2 Louse","floor":12,"turns":2},{"damage":4,"enemies":"Jaw Worm","floor":15,"turns":3},{"damage":33,"enemies":"downfall:Silent","floor":16,"turns":6},{"damage":24,"enemies":"Spheric Guardian","floor":19,"turns":4},{"damage":12,"enemies":"Snake Plant","floor":20,"turns":3},{"damage":15,"enemies":"downfall:FleeingMerchant","floor":22,"turns":4},{"damage":0,"enemies":"Centurion and Healer","floor":23,"turns":3},{"damage":33,"enemies":"Slavers","floor":26,"turns":2}],"seed_played":"-2908382401684788831","potions_obtained":[{"floor":12,"key":"Energy Potion"},{"floor":15,"key":"Weak Potion"},{"floor":16,"key":"Cursed Concoction"},{"floor":19,"key":"Energy Potion"},{"floor":23,"key":"LiquidBronze"}],"is_trial":false,"path_per_floor":["R","E","$","R","?","?","T","E","$","R","M","M","?","?","M","B",null,"R","M","M","?","$","M","T","?","E"],"character_chosen":"SLIMEBOUND","items_purchased":["DistilledChaos","Slimebound:SlimedTailRelic","Transmutation"],"campfire_rested":2,"item_purchase_floors":[3,9,22],"current_hp_per_floor":[60,40,34,52,52,45,45,38,13,31,31,31,31,36,32,15,65,65,53,45,39,24,28,28,28,0,0],"gold":74,"neow_bonus":"","is_daily":true,"chose_seed":false,"campfire_upgraded":1,"win_rate":0.0,"timestamp":1608370082,"path_taken":["R","E","$","R","?","?","T","E","?","R","?","M","?","?","M","BOSS","R","M","M","?","$","M","T","?","E"],"items_purchased_type":["Potion","Relic","Card"],"build_version":"2020-12-13","purchased_purges":1,"victory":false,"max_hp_per_floor":[60,60,60,60,60,60,60,60,60,60,60,60,60,65,65,65,65,65,65,65,65,65,65,65,65,65,65],"card_choices":[{"not_picked":["Guardian:Gem_Red"],"picked":"champ:GladiatorStyle","floor":2},{"not_picked":["hexamod:SwordOfDarkness"],"picked":"Caltrops","floor":3},{"not_picked":["hexamod:ShieldOfDarkness","hexamod:InspiringFlames"],"picked":"SKIP","floor":8},{"not_picked":["sneckomod:UnknownUncommonPower"],"picked":"Slimebound:SplitMire","floor":11},{"not_picked":["hexamod:BacktrackSmack","Slimebound:ForwardTackle"],"picked":"SKIP","floor":11},{"not_picked":["ReachHeaven","Dagger Throw"],"picked":"SKIP","floor":12},{"not_picked":["Slimebound:ProtectTheBoss","champ:FocusedDefense"],"picked":"SKIP","floor":12},{"not_picked":["sneckomod:QuickMove"],"picked":"Guardian:DecasProtection","floor":15},{"not_picked":["Guardian:VentSteam","sneckomod:DiceBlock"],"picked":"SKIP","floor":15},{"not_picked":["champ:VampiricStrike"],"picked":"ConjureBlade","floor":16},{"not_picked":["Slimebound:SplitMire","Barrage+1"],"picked":"SKIP","floor":19},{"not_picked":["Consume","sneckomod:QuickMove+1"],"picked":"SKIP","floor":19},{"not_picked":["Cleave"],"picked":"Pommel Strike","floor":20},{"not_picked":["JustLucky","champ:CrookedStrike+1"],"picked":"SKIP","floor":20},{"not_picked":["Sword Boomerang"],"picked":"Slimebound:DivideAndConquer","floor":22},{"not_picked":["hexamod:SwordOfDarkness"],"picked":"ThirdEye","floor":23},{"not_picked":["sneckomod:UnknownWeak+1","champ:FaceSlap+1"],"picked":"SKIP","floor":23}],"player_experience":198272,"relics_obtained":[{"floor":2,"key":"conspire:GiftBox"},{"floor":7,"key":"Counterbalance"},{"floor":8,"key":"Prayer Wheel"},{"floor":24,"key":"Pantograph"}],"event_choices":[{"damage_healed":0,"gold_gain":0,"player_choice":"Disagree","damage_taken":0,"max_hp_gain":0,"max_hp_loss":0,"event_name":"conspire:LoneGhost","floor":5,"gold_loss":0},{"damage_healed":0,"gold_gain":0,"player_choice":"Success","damage_taken":7,"relics_obtained":["Replay:Towering Pillar of Hats"],"max_hp_gain":0,"max_hp_loss":0,"event_name":"Scrap Ooze","floor":6,"gold_loss":0},{"damage_healed":0,"gold_gain":0,"player_choice":"Donut","damage_taken":0,"max_hp_gain":5,"max_hp_loss":0,"event_name":"Big Fish","floor":14,"gold_loss":0},{"damage_healed":0,"gold_gain":0,"player_choice":"Ignored","damage_taken":0,"max_hp_gain":0,"max_hp_loss":0,"event_name":"Ghosts","floor":25,"gold_loss":0}],"is_beta":false,"boss_relics":[{"not_picked":["Snecko Eye","conspire:SeveredTorchhead"],"picked":"conspire:RoyalGoblet"}],"items_purged_floors":[9],"is_endless":false,"potions_floor_spawned":[12,15,16,19,23],"killed_by":"Slavers","ascension_level":0}}