{"host":"0vd2boh2oi7jm085","time":1608367390,"event":{"mods":["BaseMod","Colored Map","Colored Powertips","Highlight Path","Minty Spire (QoL Compilation)","Quick Restart","StSLib","The IronCluck"],"gold_per_floor":[14,14,32,32,52,52,80,80,80,96,108,108,125,125,125,203,203,218,236,73,90,9,9,0,0,24,24,35,46,46,46,46,46,46],"floor_reached":33,"playtime":626,"items_purged":[],"score":469,"play_id":"8c653095-54b0-4047-bbd9-89bb76ecb104","local_time":"20201219004310","is_ascension_mode":true,"campfire_choices":[{"data":"Whirlwind","floor":6.0,"key":"SMITH"},{"floor":12.0,"key":"REST"},{"floor":15.0,"key":"REST"},{"floor":23.0,"key":"REST"},{"floor":25.0,"key":"REST"},{"data":"Bludgeon","floor":30.0,"key":"SMITH"},{"floor":32.0,"key":"REST"}],"circlet_count":0,"master_deck":["AscendersBane","Strike_R","Strike_R","Strike_R","Strike_R","Strike_R","Defend_R","Defend_R","Defend_R","Defend_R","Bash","Reaper","Carnage+1","Whirlwind+1","Heavy Blade","Bludgeon+1","Double Tap","Carnage"],"relics":["Burning Blood","Question Card","Paper Frog","Snecko Eye","Toolbox","Regal Pillow"],"acts_visited":["Exordium","TheCity"],"potions_floor_usage":[],"damage_taken":[{"damage":12.0,"enemies":"2 Louse","floor":1.0,"turns":3.0},{"damage":1.0,"enemies":"Cultist","floor":3.0,"turns":3.0},{"damage":16.0,"enemies":"Small Slimes","floor":5.0,"turns":4.0},{"damage":35.0,"enemies":"Lagavulin","floor":7.0,"turns":5.0},{"damage":6.0,"enemies":"2 Fungi Beasts","floor":10.0,"turns":2.0},{"damage":13.0,"enemies":"Red Slaver","floor":11.0,"turns":3.0},{"damage":16.0,"enemies":"Blue Slaver","floor":13.0,"turns":3.0},{"damage":42.0,"enemies":"Slime Boss","floor":16.0,"turns":9.0},{"damage":28.0,"enemies":"2 Thieves","floor":18.0,"turns":3.0},{"damage":12.0,"enemies":"Chosen","floor":19.0,"turns":3.0},{"damage":19.0,"enemies":"Snake Plant","floor":21.0,"turns":2.0},{"damage":33.0,"enemies":"Shelled Parasite and Fungi","floor":28.0,"turns":4.0},{"damage":0.0,"enemies":"3 Cultists","floor":29.0,"turns":3.0},{"damage":67,"enemies":"Automaton","floor":33,"turns":6}],"seed_played":"-6630353152803709966","potions_obtained":[{"floor":1.0,"key":"LiquidBronze"},{"floor":10.0,"key":"Energy Potion"},{"floor":16.0,"key":"Weak Potion"},{"floor":21.0,"key":"Block Potion"}],"is_trial":false,"path_per_floor":["M","?","M","?","M","R","E","$","T","M","M","R","M","$","R","B",null,"M","M","$","M","$","R","?","R","T","?","M","M","R","?","R","B"],"character_chosen":"IRONCLAD","items_purchased":["Toolbox","Double Tap"],"campfire_rested":5,"item_purchase_floors":[20,22],"current_hp_per_floor":[70,70,75,75,65,65,36,36,36,36,29,51,44,44,66,36,65,49,50,50,37,37,59,59,75,75,85,58,64,64,39,81,14,14],"gold":46,"neow_bonus":"THREE_RARE_CARDS","is_daily":false,"chose_seed":false,"campfire_upgraded":2,"win_rate":0.0,"timestamp":1608367390,"path_taken":["M","?","M","?","M","R","E","$","T","?","?","R","M","$","R","BOSS","M","M","$","M","$","R","?","R","T","?","?","M","R","?","R","BOSS"],"items_purchased_type":["Relic","Card"],"build_version":"2020-12-13","purchased_purges":0,"victory":false,"max_hp_per_floor":[75,75,75,75,75,75,75,75,75,75,75,75,75,75,75,75,75,75,75,75,75,75,75,75,75,75,85,85,85,85,90,90,90,90],"card_choices":[{"not_picked":["Impervious","Corruption"],"picked":"Reaper","floor":0.0},{"not_picked":["Ghostly Armor","Armaments"],"picked":"Carnage","floor":1.0},{"not_picked":["Rage","Heavy Blade"],"picked":"Whirlwind","floor":3.0},{"not_picked":["Anger","Pommel Strike"],"picked":"Heavy Blade","floor":5.0},{"not_picked":["Warcry","True Grit","Iron Wave"],"picked":"SKIP","floor":7.0},{"not_picked":["Uppercut","Pommel Strike","Disarm"],"picked":"Bludgeon","floor":10.0},{"not_picked":["Thunderclap","Feel No Pain","Warcry","Pommel Strike"],"picked":"SKIP","floor":11.0},{"not_picked":["Power Through","Perfected Strike","Clothesline","Shockwave"],"picked":"SKIP","floor":13.0},{"not_picked":["Feed","Impervious","Brutality"],"picked":"Limit Break","floor":16.0},{"not_picked":["Blood for Blood","Dual Wield+1","Armaments","Whirlwind+1"],"picked":"SKIP","floor":18.0},{"not_picked":["Flame Barrier","Clash","True Grit","Battle Trance+1"],"picked":"SKIP","floor":19.0},{"not_picked":["Iron Wave","Fire Breathing","Power Through+1","Reckless Charge"],"picked":"SKIP","floor":21.0},{"not_picked":["Shrug It Off","Anger","Perfected Strike"],"picked":"Carnage","floor":28.0},{"not_picked":["Impervious","Shrug It Off","Dual Wield","Wild Strike"],"picked":"SKIP","floor":29.0}],"player_experience":90767,"relics_obtained":[{"floor":7.0,"key":"Question Card"},{"floor":9.0,"key":"Paper Frog"},{"floor":26.0,"key":"Regal Pillow"}],"event_choices":[{"damage_healed":0.0,"max_hp_gain":0.0,"max_hp_loss":0.0,"gold_gain":0.0,"event_name":"Living Wall","player_choice":"Grow","floor":2.0,"gold_loss":0.0,"damage_taken":0.0,"cards_upgraded":["Carnage"]},{"damage_healed":0.0,"max_hp_gain":0.0,"max_hp_loss":0.0,"gold_gain":0.0,"event_name":"Purifier","player_choice":"Ignored","floor":4.0,"gold_loss":0.0,"damage_taken":0.0},{"damage_healed":0.0,"max_hp_gain":0.0,"max_hp_loss":0.0,"gold_gain":0.0,"event_name":"Masked Bandits","player_choice":"Paid Fearfully","floor":24.0,"gold_loss":9.0,"damage_taken":0.0},{"cards_removed":["Limit Break"],"damage_healed":0.0,"max_hp_gain":10.0,"max_hp_loss":0.0,"gold_gain":0.0,"event_name":"Bonfire Elementals","player_choice":"Offered Rare","floor":27.0,"gold_loss":0.0,"damage_taken":0.0},{"damage_healed":0.0,"max_hp_gain":5.0,"max_hp_loss":0.0,"gold_gain":0.0,"event_name":"Forgotten Altar","player_choice":"Shed Blood","floor":31.0,"gold_loss":0.0,"damage_taken":30.0}],"is_beta":false,"boss_relics":[{"not_picked":["Coffee Dripper","Busted Crown"],"picked":"Snecko Eye"}],"items_purged_floors":[],"is_endless":false,"potions_floor_spawned":[1,10,16,21],"killed_by":"Automaton","ascension_level":18}}