{"host":"bux1pdxjwq4dkad9","time":1608358668,"event":{"mods":["ATMod(阿瑾Mod)","BaseMod","Colored Map","Minty Spire (QoL Compilation)","Quick Restart","Robot Space Explorer","StSLib","SuperFastMode","【功能Mod】精心准备","【遗物Mod】简单游戏"],"gold_per_floor":[110,110,128,142,156,184,184,209,209,209,209,236,236,4,4,78,78,93,93,111,130,130,160,160,177,225,257,257,317,337,364,364,438,488,505,530,530,541,557,585,585,475,502,514,527,566,566,589,589,589,589,589,589,49,83,83],"floor_reached":57,"playtime":1569,"items_purged":["RobotSpaceExplorer:Strike","RobotSpaceExplorer:Defend+1"],"score":3564,"play_id":"9fe9b252-2988-4ea2-b099-cdd1a463c370","local_time":"20201219141748","is_ascension_mode":true,"campfire_choices":[{"data":"RobotSpaceExplorer:PowerGlove","floor":13.0,"key":"SMITH"},{"data":"RobotSpaceExplorer:MiniLasers","floor":15.0,"key":"SMITH"},{"floor":24.0,"key":"RECALL"},{"data":"AT_RealColorLess","floor":28.0,"key":"SMITH"},{"data":"RobotSpaceExplorer:SwiftStep","floor":32.0,"key":"SMITH"},{"data":"RobotSpaceExplorer:MiniBoosters","floor":41.0,"key":"SMITH"},{"data":"RobotSpaceExplorer:PowerCollector","floor":47.0,"key":"SMITH"},{"data":"RobotSpaceExplorer:ExhaustFan","floor":49.0,"key":"SMITH"},{"data":"RobotSpaceExplorer:FreezeRay","floor":53.0,"key":"SMITH"}],"circlet_count":0,"master_deck":["AscendersBane","RobotSpaceExplorer:Defend+1","RobotSpaceExplorer:Defend+1","RobotSpaceExplorer:Scan","RobotSpaceExplorer:MiniLasers+1","AT_RealColorLess+1","RobotSpaceExplorer:PowerCollector+1","RobotSpaceExplorer:PowerGlove+1","RobotSpaceExplorer:PowerCollector+1","RobotSpaceExplorer:SwiftStep+1","RobotSpaceExplorer:Multitool+1","RobotSpaceExplorer:MiniBoosters+1","RobotSpaceExplorer:FreezeRay+1","RobotSpaceExplorer:GlueShot+1","RobotSpaceExplorer:ExhaustFan+1"],"relics":["RobotSpaceExplorer:RoboCore","AT_ATBox","ImprovedEquipment","Tiny Chest","RobotSpaceExplorer:FoglandsKnife","Blue Candle","Vajra","Boot","AT_ChloranthyRing","Philosopher\u0027s Stone","Bronze Scales","Centennial Puzzle","Potion Belt","RobotSpaceExplorer:RingOfTheNewt","Tiny House","Turnip","AT_SunfireAegis","AT_SilvercatRing","Oddly Smooth Stone","CeramicFish","Medical Kit","HornCleat","Art of War"],"acts_visited":["Exordium","TheCity","TheBeyond","TheEnding"],"potions_floor_usage":[56,56,56],"damage_taken":[{"damage":0.0,"enemies":"Cultist","floor":1.0,"turns":1.0},{"damage":0.0,"enemies":"Small Slimes","floor":3.0,"turns":2.0},{"damage":0.0,"enemies":"2 Louse","floor":4.0,"turns":2.0},{"damage":0.0,"enemies":"2 Fungi Beasts","floor":5.0,"turns":1.0},{"damage":0.0,"enemies":"Gremlin Nob","floor":6.0,"turns":3.0},{"damage":0.0,"enemies":"Lagavulin","floor":8.0,"turns":2.0},{"damage":0.0,"enemies":"The Guardian","floor":16.0,"turns":2.0},{"damage":0.0,"enemies":"Spheric Guardian","floor":18.0,"turns":1.0},{"damage":0.0,"enemies":"3 Byrds","floor":20.0,"turns":3.0},{"damage":0.0,"enemies":"Sentry and Sphere","floor":21.0,"turns":1.0},{"damage":0.0,"enemies":"Book of Stabbing","floor":23.0,"turns":1.0},{"damage":0.0,"enemies":"Cultist and Chosen","floor":25.0,"turns":1.0},{"damage":0.0,"enemies":"Slavers","floor":27.0,"turns":1.0},{"damage":0.0,"enemies":"3 Cultists","floor":29.0,"turns":1.0},{"damage":1.0,"enemies":"Centurion and Healer","floor":30.0,"turns":1.0},{"damage":0.0,"enemies":"Gremlin Leader","floor":31.0,"turns":2.0},{"damage":0.0,"enemies":"Automaton","floor":33.0,"turns":1.0},{"damage":2.0,"enemies":"3 Darklings","floor":35.0,"turns":1.0},{"damage":0.0,"enemies":"Mind Bloom Boss Battle","floor":36.0,"turns":2.0},{"damage":0.0,"enemies":"Orb Walker","floor":38.0,"turns":2.0},{"damage":0.0,"enemies":"Maw","floor":39.0,"turns":2.0},{"damage":0.0,"enemies":"Giant Head","floor":40.0,"turns":2.0},{"damage":0.0,"enemies":"Writhing Mass","floor":44.0,"turns":1.0},{"damage":0.0,"enemies":"Jaw Worm Horde","floor":45.0,"turns":2.0},{"damage":0.0,"enemies":"Nemesis","floor":46.0,"turns":1.0},{"damage":0.0,"enemies":"Transient","floor":48.0,"turns":1.0},{"damage":0.0,"enemies":"Time Eater","floor":50.0,"turns":2.0},{"damage":0.0,"enemies":"Awakened One","floor":51.0,"turns":3.0},{"damage":0,"enemies":"Shield and Spear","floor":55,"turns":1},{"damage":0,"enemies":"The Heart","floor":56,"turns":4}],"seed_played":"-897897817779762069","potions_obtained":[{"floor":3.0,"key":"DuplicationPotion"},{"floor":4.0,"key":"Strength Potion"},{"floor":27.0,"key":"Block Potion"},{"floor":29.0,"key":"GamblersBrew"},{"floor":45.0,"key":"FearPotion"}],"is_trial":false,"path_per_floor":["M","?","M","M","M","E","?","E","T","?","?","T","R","$","R","B",null,"M","?","M","M","?","E","R","M","T","E","R","M","M","E","R","B",null,"M","?","T","M","M","E","R","?","T","M","M","E","R","M","R","B","B",null,"R","$","E","B",null],"character_chosen":"RobotSpaceExplorer","items_purchased":["AT_ChloranthyRing","Medical Kit","HornCleat"],"campfire_rested":0,"item_purchase_floors":[14,54,54],"current_hp_per_floor":[46,41,41,41,41,41,41,41,41,20,25,25,25,25,25,25,63,63,63,63,63,63,63,63,63,63,63,63,63,62,62,62,62,78,76,76,76,76,76,76,76,76,76,76,76,76,76,76,76,76,76,80,80,80,80,80],"gold":83,"neow_bonus":"REMOVE_TWO","is_daily":false,"chose_seed":false,"campfire_upgraded":8,"win_rate":0.0,"timestamp":1608358668,"path_taken":["M","?","M","M","M","E","?","E","T","?","?","?","R","$","R","BOSS","M","?","M","M","?","E","R","M","T","E","R","M","M","E","R","BOSS","M","?","?","M","?","E","R","?","T","M","M","E","R","M","R","BOSS","BOSS","R","$","E","BOSS"],"items_purchased_type":["Relic","Relic","Relic"],"build_version":"2020-12-13","purchased_purges":2,"victory":true,"max_hp_per_floor":[71,71,71,71,71,71,71,71,71,71,76,76,76,76,76,76,76,76,76,76,76,76,76,76,76,76,76,76,76,76,76,76,76,81,81,81,81,81,81,81,81,81,81,81,81,81,81,81,81,81,81,81,81,81,81,81],"card_choices":[{"not_picked":["RobotSpaceExplorer:TurboDodge","RobotSpaceExplorer:ScrapMissile","RobotSpaceExplorer:ShovelStrike"],"picked":"SKIP","floor":1.0},{"not_picked":["RobotSpaceExplorer:Pulsar","RobotSpaceExplorer:FrostMissile"],"picked":"RobotSpaceExplorer:PowerCollector","floor":3.0},{"not_picked":["RobotSpaceExplorer:ScrapToss","RobotSpaceExplorer:ShovelStrike","RobotSpaceExplorer:FranticSearch"],"picked":"SKIP","floor":4.0},{"not_picked":["RobotSpaceExplorer:ImprovisedAttack","RobotSpaceExplorer:ShovelStrike"],"picked":"RobotSpaceExplorer:PowerGlove","floor":5.0},{"not_picked":["RobotSpaceExplorer:HighVoltage","RobotSpaceExplorer:Probe","RobotSpaceExplorer:Jetpack"],"picked":"SKIP","floor":6.0},{"not_picked":["RobotSpaceExplorer:Counterblock","RobotSpaceExplorer:ImprovisedAttack","RobotSpaceExplorer:ShovelStrike"],"picked":"SKIP","floor":8.0},{"not_picked":["RobotSpaceExplorer:Explosion","RobotSpaceExplorer:Comet"],"picked":"RobotSpaceExplorer:Exploration","floor":16.0},{"not_picked":["RobotSpaceExplorer:FranticSearch","RobotSpaceExplorer:SlimeMissile","RobotSpaceExplorer:Counterblock"],"picked":"SKIP","floor":18.0},{"not_picked":["RobotSpaceExplorer:SurgingStrike","RobotSpaceExplorer:FrostMissile","RobotSpaceExplorer:SurgingShield"],"picked":"SKIP","floor":20.0},{"not_picked":["RobotSpaceExplorer:GearShield","RobotSpaceExplorer:Pulsar","RobotSpaceExplorer:Counterblock"],"picked":"SKIP","floor":21.0},{"not_picked":["RobotSpaceExplorer:SurgingStrike","RobotSpaceExplorer:Explosion","RobotSpaceExplorer:Autoloader"],"picked":"SKIP","floor":23.0},{"not_picked":["RobotSpaceExplorer:GearShield","RobotSpaceExplorer:ImprovisedAttack","RobotSpaceExplorer:FranticSearch"],"picked":"SKIP","floor":25.0},{"not_picked":["RobotSpaceExplorer:FreezingShield","RobotSpaceExplorer:DoubleBlock","RobotSpaceExplorer:DualCore"],"picked":"SKIP","floor":27.0},{"not_picked":["RobotSpaceExplorer:Probe","RobotSpaceExplorer:SurgingShield"],"picked":"RobotSpaceExplorer:PowerCollector","floor":29.0},{"not_picked":["RobotSpaceExplorer:Calculate","RobotSpaceExplorer:ScrapShield","RobotSpaceExplorer:Probe"],"picked":"SKIP","floor":30.0},{"not_picked":["RobotSpaceExplorer:Probe+1","RobotSpaceExplorer:SlimeMissile"],"picked":"RobotSpaceExplorer:SwiftStep","floor":31.0},{"not_picked":["RobotSpaceExplorer:TrailblazerForm","RobotSpaceExplorer:ChargingLaser"],"picked":"RobotSpaceExplorer:Multitool","floor":33.0},{"not_picked":["RobotSpaceExplorer:SwiftStep","RobotSpaceExplorer:StunGrenade+1"],"picked":"RobotSpaceExplorer:MiniBoosters","floor":34.0},{"not_picked":["RobotSpaceExplorer:PowerGlove+1","RobotSpaceExplorer:DoubleFind","RobotSpaceExplorer:Electropulse"],"picked":"SKIP","floor":35.0},{"not_picked":["RobotSpaceExplorer:MetalStrike","RobotSpaceExplorer:StarDust","RobotSpaceExplorer:MiniBoosters"],"picked":"SKIP","floor":38.0},{"not_picked":["RobotSpaceExplorer:ToxicBomb","RobotSpaceExplorer:StunGrenade","RobotSpaceExplorer:Probe+1"],"picked":"SKIP","floor":39.0},{"not_picked":["RobotSpaceExplorer:SlimeMissile","RobotSpaceExplorer:ShockKick"],"picked":"RobotSpaceExplorer:FreezeRay","floor":40.0},{"not_picked":["RobotSpaceExplorer:SurgingShield","RobotSpaceExplorer:ImprovisedAttack","RobotSpaceExplorer:SurgingStrike"],"picked":"SKIP","floor":44.0},{"not_picked":["RobotSpaceExplorer:Ammunition","RobotSpaceExplorer:LaserBurst","RobotSpaceExplorer:ShovelStrike"],"picked":"SKIP","floor":45.0},{"not_picked":["RobotSpaceExplorer:Reload","RobotSpaceExplorer:Electropulse"],"picked":"RobotSpaceExplorer:GlueShot","floor":46.0},{"not_picked":["RobotSpaceExplorer:Smokescreen","RobotSpaceExplorer:ShockKick"],"picked":"RobotSpaceExplorer:ExhaustFan","floor":48.0},{"not_picked":["RobotSpaceExplorer:Blaster","RobotSpaceExplorer:PlasmaMissile+1","RobotSpaceExplorer:Counterblock"],"picked":"SKIP","floor":55}],"player_experience":2344839,"relics_obtained":[{"floor":6.0,"key":"RobotSpaceExplorer:FoglandsKnife"},{"floor":8.0,"key":"Blue Candle"},{"floor":9.0,"key":"Vajra"},{"floor":12.0,"key":"Boot"},{"floor":20.0,"key":"Bronze Scales"},{"floor":23.0,"key":"Centennial Puzzle"},{"floor":27.0,"key":"Potion Belt"},{"floor":31.0,"key":"RobotSpaceExplorer:RingOfTheNewt"},{"floor":36.0,"key":"Turnip"},{"floor":37.0,"key":"AT_SunfireAegis"},{"floor":40.0,"key":"AT_SilvercatRing"},{"floor":43.0,"key":"Oddly Smooth Stone"},{"floor":46.0,"key":"CeramicFish"},{"floor":55,"key":"Art of War"}],"event_choices":[{"damage_healed":0.0,"max_hp_gain":0.0,"max_hp_loss":0.0,"gold_gain":0.0,"event_name":"Scrap Ooze","player_choice":"Success","floor":2.0,"gold_loss":0.0,"damage_taken":5.0,"relics_obtained":["Tiny Chest"]},{"cards_removed":["RobotSpaceExplorer:Strike"],"damage_healed":0.0,"max_hp_gain":0.0,"max_hp_loss":0.0,"gold_gain":0.0,"event_name":"Living Wall","player_choice":"Forget","floor":7.0,"gold_loss":0.0,"damage_taken":0.0},{"damage_healed":0.0,"max_hp_gain":0.0,"max_hp_loss":0.0,"gold_gain":0.0,"event_name":"Shining Light","player_choice":"Entered Light","floor":10.0,"gold_loss":0.0,"damage_taken":21.0,"cards_upgraded":["RobotSpaceExplorer:PowerCollector","RobotSpaceExplorer:Defend"]},{"damage_healed":0.0,"max_hp_gain":5.0,"max_hp_loss":0.0,"gold_gain":0.0,"event_name":"Big Fish","player_choice":"Donut","floor":11.0,"gold_loss":0.0,"damage_taken":0.0},{"damage_healed":0.0,"max_hp_gain":0.0,"max_hp_loss":0.0,"gold_gain":0.0,"event_name":"Vampires","player_choice":"Ignored","floor":19.0,"gold_loss":0.0,"damage_taken":0.0},{"damage_healed":0.0,"max_hp_gain":0.0,"max_hp_loss":0.0,"gold_gain":0.0,"event_name":"The Mausoleum","player_choice":"Ignored","floor":22.0,"gold_loss":0.0,"damage_taken":0.0},{"damage_healed":0.0,"max_hp_gain":0.0,"max_hp_loss":0.0,"gold_gain":0.0,"event_name":"MindBloom","player_choice":"Fight","floor":36.0,"gold_loss":0.0,"damage_taken":0.0},{"cards_removed":["RobotSpaceExplorer:Strike"],"damage_healed":0.0,"max_hp_gain":0.0,"max_hp_loss":0.0,"gold_gain":0.0,"event_name":"Designer","player_choice":"Upgrade and Remove","floor":42.0,"gold_loss":110.0,"damage_taken":0.0,"cards_upgraded":["RobotSpaceExplorer:Defend"]}],"is_beta":false,"boss_relics":[{"not_picked":["RobotSpaceExplorer:TurboCore","Velvet Choker"],"picked":"Philosopher\u0027s Stone"},{"not_picked":["Sozu","Busted Crown"],"picked":"Tiny House"}],"items_purged_floors":[14,54],"is_endless":false,"potions_floor_spawned":[3,4,6,16,20,23,27,29,30,33,36,38,39,40,45,46],"ascension_level":20}}