{"host":"2lo6hma6kymb0g9i","time":1608361156,"event":{"mods":["BaseMod","Colored Map","DeckTracker","Minty Spire (QoL Compilation)"],"gold_per_floor":[113,113,113,132,132,158,178,178,178,210,223,323,350,378,378,466,466,495,514,439,460,460,460,497,397,421,436,458,458,498,217,217,297,351,367,367,367,381,82,82,111,145,222,72,94,34,62,83,83,83],"floor_reached":51,"playtime":4525,"items_purged":["Strike_G","Strike_G","Strike_G","Blade Dance"],"score":1389,"play_id":"82a5813a-c34c-4432-9983-89e0a467d5f1","local_time":"20201219155916","is_ascension_mode":true,"campfire_choices":[{"data":"Noxious Fumes","floor":8.0,"key":"SMITH"},{"data":"Footwork","floor":15.0,"key":"SMITH"},{"data":"A Thousand Cuts","floor":23.0,"key":"SMITH"},{"data":"Acrobatics","floor":29.0,"key":"SMITH"},{"data":"Acrobatics","floor":32.0,"key":"SMITH"},{"data":"Backstab","floor":40,"key":"SMITH"},{"data":"Flechettes","floor":49,"key":"SMITH"}],"circlet_count":0,"master_deck":["AscendersBane","Survivor","Neutralize","Noxious Fumes+1","Footwork+1","Escape Plan","Escape Plan","Flechettes+1","Tactician","Unload","Acrobatics+1","Acrobatics+1","A Thousand Cuts+1","Burst","Tactician","Corpse Explosion","Concentrate","Leg Sweep","Acrobatics","Backstab+1","Tactician","Backflip","Eviscerate"],"relics":["Ring of the Snake","NeowsBlessing","WarpedTongs","Spirit Poop","Bottled Tornado","Omamori","Blood Vial","CeramicFish","Coffee Dripper","War Paint","Dream Catcher","Strawberry","Snake Skull","Lantern","Pandora\u0027s Box","ClockworkSouvenir","Happy Flower","Akabeko","Calipers","Blue Candle","Potion Belt"],"acts_visited":["Exordium","TheCity","TheBeyond"],"potions_floor_usage":[50,50,50],"damage_taken":[{"damage":0.0,"enemies":"Cultist","floor":1.0,"turns":1.0},{"damage":0.0,"enemies":"Jaw Worm","floor":4.0,"turns":1.0},{"damage":0.0,"enemies":"Gremlin Nob","floor":6.0,"turns":1.0},{"damage":0.0,"enemies":"Small Slimes","floor":7.0,"turns":3.0},{"damage":12.0,"enemies":"Lagavulin","floor":10.0,"turns":7.0},{"damage":0.0,"enemies":"Red Slaver","floor":11.0,"turns":4.0},{"damage":12.0,"enemies":"3 Sentries","floor":13.0,"turns":7.0},{"damage":0.0,"enemies":"3 Louse","floor":14.0,"turns":3.0},{"damage":5.0,"enemies":"Hexaghost","floor":16.0,"turns":10.0},{"damage":0.0,"enemies":"2 Thieves","floor":18.0,"turns":4.0},{"damage":6.0,"enemies":"Shell Parasite","floor":19.0,"turns":5.0},{"damage":2.0,"enemies":"Snecko","floor":21.0,"turns":6.0},{"damage":9.0,"enemies":"Book of Stabbing","floor":24.0,"turns":5.0},{"damage":2.0,"enemies":"Centurion and Healer","floor":27.0,"turns":6.0},{"damage":7.0,"enemies":"Shelled Parasite and Fungi","floor":28.0,"turns":5.0},{"damage":9.0,"enemies":"Slavers","floor":30.0,"turns":3.0},{"damage":27.0,"enemies":"Collector","floor":33.0,"turns":7.0},{"damage":17,"enemies":"3 Darklings","floor":35,"turns":2},{"damage":0,"enemies":"3 Shapes","floor":38,"turns":2},{"damage":3,"enemies":"Giant Head","floor":41,"turns":6},{"damage":0,"enemies":"Mind Bloom Boss Battle","floor":42,"turns":5},{"damage":33,"enemies":"Jaw Worm Horde","floor":45,"turns":2},{"damage":0,"enemies":"Nemesis","floor":47,"turns":3},{"damage":0,"enemies":"Maw","floor":48,"turns":1},{"damage":11,"enemies":"Time Eater","floor":50,"turns":9}],"seed_played":"-5831354866650452806","potions_obtained":[{"floor":1.0,"key":"AttackPotion"},{"floor":6.0,"key":"LiquidBronze"},{"floor":13.0,"key":"LiquidMemories"},{"floor":18.0,"key":"Block Potion"},{"floor":19.0,"key":"CunningPotion"},{"floor":24.0,"key":"Energy Potion"},{"floor":27.0,"key":"Strength Potion"},{"floor":33.0,"key":"Strength Potion"},{"floor":41,"key":"Regen Potion"},{"floor":42,"key":"PowerPotion"},{"floor":47,"key":"Dexterity Potion"}],"is_trial":false,"path_per_floor":["M","?","?","M","?","E","M","R","T","E","M","?","E","M","R","B",null,"M","M","$","M","?","R","E","$","T","M","M","R","E","$","R","B",null,"M","?","?","M","$","R","E","?","T","$","M","?","E","M","R","B",null],"character_chosen":"THE_SILENT","items_purchased":["Lantern","ClockworkSouvenir","Happy Flower"],"campfire_rested":0,"item_purchase_floors":[31,39,39],"current_hp_per_floor":[59,59,59,59,59,59,59,59,59,47,49,49,39,41,41,38,59,61,57,57,57,57,57,50,50,57,57,52,52,45,45,45,20,60,45,45,45,47,47,47,46,48,48,48,17,17,19,21,21,12],"gold":83,"neow_bonus":"THREE_ENEMY_KILL","is_daily":false,"chose_seed":false,"campfire_upgraded":7,"win_rate":0.0,"timestamp":1608361156,"path_taken":["M","?","?","?","?","E","M","R","T","E","?","?","E","M","R","BOSS","M","?","?","M","?","R","E","$","T","?","M","R","E","?","R","BOSS","M","?","?","?","$","R","E","?","T","$","M","?","E","?","R","BOSS"],"items_purchased_type":["Relic","Relic","Relic"],"build_version":"2020-12-13","purchased_purges":4,"victory":true,"max_hp_per_floor":[66,66,66,66,66,66,66,66,66,66,66,66,66,66,66,66,66,66,66,66,66,66,66,66,66,73,73,73,73,73,73,73,73,73,73,73,73,73,73,73,73,73,73,73,73,73,73,73,73,73],"card_choices":[{"not_picked":["Deflect","Slice"],"picked":"Noxious Fumes","floor":1.0},{"not_picked":["Riddle With Holes","Catalyst"],"picked":"Escape Plan","floor":4.0},{"not_picked":["Cloak And Dagger","Poisoned Stab"],"picked":"Blade Dance","floor":6.0},{"not_picked":["Bane","PiercingWail"],"picked":"Escape Plan","floor":7.0},{"not_picked":["Crippling Poison","Heel Hook"],"picked":"Flechettes","floor":10.0},{"not_picked":["Sucker Punch","Setup","Flying Knee"],"picked":"SKIP","floor":11.0},{"not_picked":["All Out Attack","Choke","Envenom"],"picked":"SKIP","floor":13.0},{"not_picked":["Slice","Cloak And Dagger"],"picked":"Tactician","floor":14.0},{"not_picked":["Venomology","Night Terror"],"picked":"Unload","floor":16.0},{"not_picked":["Flying Knee","Prepared"],"picked":"Acrobatics","floor":18.0},{"not_picked":["Deadly Poison","Sucker Punch"],"picked":"Acrobatics","floor":19.0},{"not_picked":["Distraction","Deadly Poison"],"picked":"A Thousand Cuts","floor":21.0},{"not_picked":["Setup","Deflect"],"picked":"Burst","floor":24.0},{"not_picked":["Sucker Punch","Noxious Fumes","Deadly Poison"],"picked":"SKIP","floor":27.0},{"not_picked":["Flying Knee","Accuracy"],"picked":"Tactician","floor":28.0},{"not_picked":["Finisher","Sucker Punch"],"picked":"Infinite Blades","floor":30.0},{"not_picked":["Malaise","Doppelganger"],"picked":"Corpse Explosion","floor":33.0},{"not_picked":["Deadly Poison","Quick Slash","Sucker Punch"],"picked":"SKIP","floor":35},{"not_picked":["Cloak And Dagger","Eviscerate","Bouncing Flask"],"picked":"SKIP","floor":38},{"not_picked":["Burst","Setup+1","Acrobatics"],"picked":"SKIP","floor":41},{"not_picked":["Choke","Sucker Punch"],"picked":"Tactician","floor":42},{"not_picked":["Cloak And Dagger","Footwork+1"],"picked":"Backflip","floor":45},{"not_picked":["Blade Dance","Underhanded Strike","Dagger Throw"],"picked":"SKIP","floor":47},{"not_picked":["Backflip","PiercingWail"],"picked":"Eviscerate","floor":48}],"player_experience":821654,"relics_obtained":[{"floor":6.0,"key":"Bottled Tornado"},{"floor":9.0,"key":"Omamori"},{"floor":10.0,"key":"Blood Vial"},{"floor":13.0,"key":"CeramicFish"},{"floor":24.0,"key":"Dream Catcher"},{"floor":26.0,"key":"Strawberry"},{"floor":30.0,"key":"Snake Skull"},{"floor":41,"key":"Akabeko"},{"floor":42,"key":"Calipers"},{"floor":43,"key":"Blue Candle"},{"floor":47,"key":"Potion Belt"}],"event_choices":[{"damage_healed":0.0,"max_hp_gain":0.0,"max_hp_loss":0.0,"gold_gain":0.0,"cards_transformed":["Strike_G"],"event_name":"Living Wall","player_choice":"Change","floor":2.0,"gold_loss":0.0,"damage_taken":0.0,"cards_obtained":["Footwork"]},{"damage_healed":0.0,"max_hp_gain":0.0,"max_hp_loss":0.0,"gold_gain":0.0,"event_name":"Accursed Blacksmith","player_choice":"Rummage","floor":3.0,"gold_loss":0.0,"damage_taken":0.0,"relics_obtained":["WarpedTongs"],"cards_obtained":["Pain"]},{"cards_removed":["Pain"],"damage_healed":0.0,"max_hp_gain":0.0,"max_hp_loss":0.0,"gold_gain":0.0,"event_name":"Bonfire Elementals","player_choice":"Offered Curse","floor":5.0,"gold_loss":0.0,"damage_taken":0.0,"relics_obtained":["Spirit Poop"]},{"damage_healed":0.0,"max_hp_gain":0.0,"max_hp_loss":0.0,"gold_gain":100.0,"event_name":"Golden Shrine","player_choice":"Pray","floor":12.0,"gold_loss":0.0,"damage_taken":0.0},{"damage_healed":0.0,"max_hp_gain":0.0,"max_hp_loss":0.0,"gold_gain":0.0,"event_name":"The Mausoleum","player_choice":"Opened","floor":22.0,"gold_loss":0.0,"damage_taken":0.0,"relics_obtained":["War Paint"]},{"cards_removed":["Prepared"],"damage_healed":0,"gold_gain":0,"player_choice":"Removed Skill","damage_taken":0,"max_hp_gain":0,"max_hp_loss":0,"event_name":"Falling","floor":36,"gold_loss":0},{"cards_removed":["Infinite Blades"],"damage_healed":0,"gold_gain":0,"player_choice":"Card Removal","damage_taken":0,"max_hp_gain":0,"max_hp_loss":0,"event_name":"Wheel of Change","floor":37,"gold_loss":0},{"damage_healed":0,"gold_gain":0,"player_choice":"Fight","damage_taken":0,"max_hp_gain":0,"max_hp_loss":0,"event_name":"MindBloom","floor":42,"gold_loss":0},{"cards_removed":["Burst"],"damage_healed":0,"gold_gain":0,"player_choice":"Single Remove","damage_taken":0,"max_hp_gain":0,"max_hp_loss":0,"event_name":"Designer","floor":46,"gold_loss":60}],"is_beta":false,"boss_relics":[{"not_picked":["Cursed Key","Runic Pyramid"],"picked":"Coffee Dripper"},{"not_picked":["Empty Cage","Velvet Choker"],"picked":"Pandora\u0027s Box"}],"items_purged_floors":[20,25,31,44],"is_endless":false,"potions_floor_spawned":[1,6,13,18,19,24,27,28,33,41,42,47],"ascension_level":14}}