{"host":"z60ck2mpr6goyib8","time":1608368818,"event":{"mods":["BaseMod","Best Route Mod","Bestiary","Better Third Choice","Block Reminder","Colored Map","Colored Powertips","Googly Eyes","Minty Spire (QoL Compilation)","Quick Restart","Relic Stats","Slay-I","StSLib","everything is the same but u backflip on backflip"],"gold_per_floor":[15,33,51,51,51,76,76,96,147,72,72,91,91,104,104,104,104],"floor_reached":16,"playtime":655,"items_purged":["Strike_R"],"score":153,"play_id":"52e85203-b568-451f-9171-12b3af771475","local_time":"20201219090658","is_ascension_mode":true,"campfire_choices":[{"floor":7.0,"key":"RECALL"},{"data":"Metallicize","floor":11,"key":"SMITH"},{"data":"Feel No Pain","floor":13,"key":"SMITH"},{"data":"Havoc","floor":15,"key":"SMITH"}],"circlet_count":0,"master_deck":["AscendersBane","Strike_R","Strike_R","Strike_R","Defend_R","Defend_R","Defend_R","Defend_R","Bash","Shrug It Off","Thunderclap","Metallicize+1","Havoc+1","Feel No Pain+1","Sever Soul","Bloodletting"],"relics":["Burning Blood","Calipers","FaceOfCleric","Self Forming Clay","Anchor"],"acts_visited":["Exordium"],"potions_floor_usage":[8,8,16,16,16,16],"damage_taken":[{"damage":4.0,"enemies":"Small Slimes","floor":1.0,"turns":5.0},{"damage":1.0,"enemies":"2 Louse","floor":2.0,"turns":4.0},{"damage":10.0,"enemies":"Cultist","floor":3.0,"turns":4.0},{"damage":60.0,"enemies":"Lagavulin","floor":6.0,"turns":10.0},{"damage":4,"enemies":"Red Slaver","floor":8,"turns":8},{"damage":2,"enemies":"3 Louse","floor":12,"turns":4},{"damage":1,"enemies":"Exordium Wildlife","floor":14,"turns":6},{"damage":51,"enemies":"Hexaghost","floor":16,"turns":11}],"seed_played":"-8774012341419532344","potions_obtained":[{"floor":3.0,"key":"PowerPotion"},{"floor":6.0,"key":"Regen Potion"},{"floor":12,"key":"EntropicBrew"}],"is_trial":false,"path_per_floor":["M","M","M","?","?","E","R","M","T","$","R","M","R","M","R","B"],"character_chosen":"IRONCLAD","items_purchased":[],"campfire_rested":0,"item_purchase_floors":[],"current_hp_per_floor":[74,79,75,68,68,15,15,33,33,33,33,38,38,44,44,0,0],"gold":104,"neow_bonus":"ONE_RARE_RELIC","is_daily":false,"chose_seed":false,"campfire_upgraded":3,"win_rate":0.0,"timestamp":1608368818,"path_taken":["M","M","M","?","?","E","R","?","T","?","R","M","R","M","R","BOSS"],"items_purchased_type":[],"build_version":"2020-12-13","purchased_purges":1,"victory":false,"max_hp_per_floor":[80,80,80,80,80,81,81,82,82,82,82,83,83,84,84,84,84],"relic_stats":{"FaceOfCleric":4,"counters":[8,52],"Self Forming Clay":[42],"obtain_stats":[{"Anchor":9,"Calipers":0,"FaceOfCleric":5,"Self Forming Clay":6,"Burning Blood":0},{"Anchor":5,"Calipers":0,"FaceOfCleric":3,"Self Forming Clay":4,"Burning Blood":0},{"Anchor":31,"Calipers":0,"FaceOfCleric":13,"Self Forming Clay":23,"Burning Blood":0}],"Burning Blood":42},"card_choices":[{"not_picked":["Clash","Feel No Pain"],"picked":"Shrug It Off","floor":1.0},{"not_picked":["Headbutt","Second Wind"],"picked":"Thunderclap","floor":2.0},{"not_picked":["Body Slam","Headbutt"],"picked":"Metallicize","floor":3.0},{"not_picked":["Warcry","Wild Strike"],"picked":"Havoc","floor":6.0},{"not_picked":["Clothesline","Wild Strike"],"picked":"Feel No Pain","floor":8},{"not_picked":["Dual Wield","Ghostly Armor"],"picked":"Sever Soul","floor":12},{"not_picked":["Hemokinesis","Anger"],"picked":"Bloodletting","floor":14}],"player_experience":504222,"relics_obtained":[{"floor":6.0,"key":"Self Forming Clay"},{"floor":9,"key":"Anchor"}],"event_choices":[{"cards_removed":["Strike_R"],"damage_healed":0.0,"max_hp_gain":0.0,"max_hp_loss":0.0,"gold_gain":0.0,"event_name":"Golden Wing","player_choice":"Card Removal","floor":4.0,"gold_loss":0.0,"damage_taken":7.0},{"damage_healed":0.0,"max_hp_gain":0.0,"max_hp_loss":0.0,"gold_gain":0.0,"event_name":"FaceTrader","player_choice":"Trade","floor":5.0,"gold_loss":0.0,"damage_taken":0.0,"relics_obtained":["FaceOfCleric"]}],"is_beta":false,"boss_relics":[],"items_purged_floors":[10],"is_endless":false,"potions_floor_spawned":[3,6,12],"killed_by":"Hexaghost","ascension_level":10}}