{"host":"aqym1xxr3lb31d9m","time":1608399612,"event":{"mods":["BaseMod","Block Reminder","Colored Map","Colored Powertips","DeckTracker","Highlight Path","Minty Spire (QoL Compilation)","Practice Mode","Quick Restart","Random Character Button","StSLib","SuperFastMode"],"gold_per_floor":[112,112,112,126,139,165,165,193,193,193,210,210,228,28,28,105,105,125,135,135,135,147,181,181,214,214,233,233,251,251,264,264,335,335,354,369,591,607,607,607,607,633,704,716,716,726,726,194,194,194,194,194,194,42,76,76],"floor_reached":57,"playtime":3490,"items_purged":["Decay","Strike_B"],"score":2674,"play_id":"1bcd8fb5-ae52-4514-a72b-a61bc4012dbe","local_time":"20201220024012","is_ascension_mode":true,"campfire_choices":[{"data":"Sweeping Beam","floor":7.0,"key":"SMITH"},{"data":"Defragment","floor":10.0,"key":"SMITH"},{"data":"Streamline","floor":12.0,"key":"SMITH"},{"data":"Loop","floor":15.0,"key":"SMITH"},{"floor":24.0,"key":"REST"},{"data":"Zap","floor":28.0,"key":"SMITH"},{"data":"Dualcast","floor":30.0,"key":"SMITH"},{"data":"Skim","floor":32.0,"key":"SMITH"},{"data":"Biased Cognition","floor":40,"key":"SMITH"},{"floor":45,"key":"RECALL"},{"data":"Barrage","floor":47,"key":"SMITH"},{"data":"Defend_B","floor":49,"key":"SMITH"},{"data":"Creative AI","floor":53,"key":"SMITH"}],"circlet_count":0,"master_deck":["AscendersBane","Defend_B","Defend_B+1","Defend_B+1","Defend_B+1","Zap+1","Dualcast+1","Cold Snap","Skim+1","Defragment+1","Sweeping Beam+1","Cold Snap","Streamline+1","Loop+1","Ball Lightning","Multi-Cast+1","Sweeping Beam+1","Sunder+1","Chill+1","Skim+1","Barrage+1","Turbo+1","Recycle+1","Undo+1","Steam+1","Biased Cognition+1","Beam Cell+1","Barrage+1","Madness+1","Madness+1","Chaos+1","Creative AI+1","Skim+1","Hologram+1","Stack+1"],"relics":["Cracked Core","NeowsBlessing","Potion Belt","Toxic Egg 2","Ancient Tea Set","Runic Capacitor","SlaversCollar","Red Mask","Eternal Feather","Cursed Key","White Beast Statue","StrikeDummy","ClockworkSouvenir","Kunai","Mercury Hourglass"],"acts_visited":["Exordium","TheCity","TheBeyond","TheEnding"],"potions_floor_usage":[42,55,56,56,56,56],"damage_taken":[{"damage":0.0,"enemies":"Jaw Worm","floor":1.0,"turns":1.0},{"damage":0.0,"enemies":"2 Louse","floor":4.0,"turns":1.0},{"damage":0.0,"enemies":"Cultist","floor":5.0,"turns":1.0},{"damage":10.0,"enemies":"Lagavulin","floor":6.0,"turns":7.0},{"damage":15.0,"enemies":"3 Sentries","floor":8.0,"turns":7.0},{"damage":2.0,"enemies":"Exordium Thugs","floor":11.0,"turns":5.0},{"damage":0.0,"enemies":"Large Slime","floor":13.0,"turns":4.0},{"damage":6.0,"enemies":"Hexaghost","floor":16.0,"turns":8.0},{"damage":4.0,"enemies":"Chosen","floor":18.0,"turns":6.0},{"damage":27.0,"enemies":"Shell Parasite","floor":19.0,"turns":5.0},{"damage":0.0,"enemies":"Centurion and Healer","floor":22.0,"turns":7.0},{"damage":7.0,"enemies":"Masked Bandits","floor":23.0,"turns":4.0},{"damage":11.0,"enemies":"Gremlin Leader","floor":25.0,"turns":6.0},{"damage":0.0,"enemies":"3 Cultists","floor":27.0,"turns":3.0},{"damage":7.0,"enemies":"Shelled Parasite and Fungi","floor":29.0,"turns":6.0},{"damage":0.0,"enemies":"Chosen and Byrds","floor":31.0,"turns":5.0},{"damage":41.0,"enemies":"Champ","floor":33.0,"turns":15.0},{"damage":4,"enemies":"Orb Walker","floor":35,"turns":3},{"damage":0,"enemies":"3 Shapes","floor":36,"turns":6},{"damage":0,"enemies":"3 Darklings","floor":38,"turns":4},{"damage":16,"enemies":"Nemesis","floor":42,"turns":9},{"damage":0,"enemies":"Sphere and 2 Shapes","floor":44,"turns":5},{"damage":0,"enemies":"4 Shapes","floor":46,"turns":7},{"damage":19,"enemies":"Awakened One","floor":50,"turns":11},{"damage":30,"enemies":"Donu and Deca","floor":51,"turns":8},{"damage":0,"enemies":"Shield and Spear","floor":55,"turns":7},{"damage":44,"enemies":"The Heart","floor":56,"turns":11}],"seed_played":"-639400755717745105","potions_obtained":[{"floor":1.0,"key":"PowerPotion"},{"floor":4.0,"key":"Ancient Potion"},{"floor":11.0,"key":"PowerPotion"},{"floor":16.0,"key":"Energy Potion"},{"floor":18.0,"key":"PowerPotion"},{"floor":22.0,"key":"FocusPotion"},{"floor":23.0,"key":"ColorlessPotion"},{"floor":29.0,"key":"LiquidMemories"},{"floor":36,"key":"LiquidMemories"},{"floor":44,"key":"Weak Potion"},{"floor":55,"key":"Fire Potion"}],"is_trial":false,"path_per_floor":["M","?","?","M","M","E","R","E","T","R","M","R","M","$","R","B",null,"M","M","?","?","M","?","R","E","T","M","R","M","R","M","R","B",null,"M","M","?","M","?","R","?","E","T","M","R","M","R","$","R","B","B",null,"R","$","E","B",null],"character_chosen":"DEFECT","items_purchased":["Runic Capacitor","Ball Lightning","ClockworkSouvenir","Kunai","Hologram+1"],"campfire_rested":1,"item_purchase_floors":[14,14,48,48,54],"current_hp_per_floor":[64,43,43,43,43,33,33,18,18,18,16,16,16,16,16,10,56,52,25,25,25,25,18,39,28,28,28,40,33,48,48,63,22,59,55,55,55,55,42,60,60,44,44,44,62,62,71,71,71,52,22,59,71,71,71,27],"gold":76,"neow_bonus":"THREE_ENEMY_KILL","is_daily":false,"chose_seed":false,"campfire_upgraded":11,"win_rate":0.0,"timestamp":1608399612,"path_taken":["M","?","?","?","M","E","R","E","T","R","M","R","M","$","R","BOSS","M","M","?","?","M","?","R","E","T","M","R","M","R","M","R","BOSS","M","M","?","M","?","R","?","E","T","M","R","M","R","$","R","BOSS","BOSS","R","$","E","BOSS"],"items_purchased_type":["Relic","Card","Relic","Relic","Card"],"build_version":"2020-12-13","purchased_purges":2,"victory":true,"max_hp_per_floor":[71,71,71,71,71,71,71,71,71,71,71,71,71,71,71,71,71,71,71,71,71,71,71,71,71,71,71,71,71,71,71,71,71,71,71,71,71,71,71,71,71,71,71,71,71,71,71,71,71,71,71,71,71,71,71,71],"card_choices":[{"not_picked":["Loop","Fusion"],"picked":"Cold Snap","floor":1.0},{"not_picked":["Rebound","Turbo"],"picked":"Skim","floor":4.0},{"not_picked":["Go for the Eyes","Rebound"],"picked":"Defragment","floor":5.0},{"not_picked":["Gash","Blizzard"],"picked":"Sweeping Beam","floor":6.0},{"not_picked":["Self Repair","Conserve Battery+1"],"picked":"Cold Snap","floor":8.0},{"not_picked":["Beam Cell","Turbo+1"],"picked":"Streamline","floor":11.0},{"not_picked":["Storm","Self Repair"],"picked":"Loop","floor":13.0},{"not_picked":["Hyperbeam","Thunder Strike"],"picked":"Multi-Cast+1","floor":16.0},{"not_picked":["Go for the Eyes","Streamline"],"picked":"Sweeping Beam+1","floor":18.0},{"not_picked":["Compile Driver","Force Field+1"],"picked":"Sunder+1","floor":19.0},{"not_picked":["Hyperbeam","Cold Snap"],"picked":"Barrage","floor":22.0},{"not_picked":["Coolheaded+1","Scrape"],"picked":"Turbo+1","floor":23.0},{"not_picked":["Rebound","Compile Driver"],"picked":"Recycle+1","floor":25.0},{"not_picked":["Streamline+1","Rip and Tear","Ball Lightning"],"picked":"SKIP","floor":27.0},{"not_picked":["Chaos+1","White Noise+1"],"picked":"Undo+1","floor":29.0},{"not_picked":["Compile Driver","Turbo+1"],"picked":"Steam+1","floor":31.0},{"not_picked":["Core Surge","Multi-Cast+1"],"picked":"Biased Cognition","floor":33.0},{"not_picked":["Reprogram+1","Loop"],"picked":"Beam Cell+1","floor":35},{"not_picked":["Tempest+1","Compile Driver","Turbo+1"],"picked":"SKIP","floor":36},{"not_picked":["Capacitor+1","Steam+1"],"picked":"Barrage+1","floor":38},{"not_picked":["Leap+1","Beam Cell"],"picked":"Chaos+1","floor":42},{"not_picked":["Barrage","Reprogram+1"],"picked":"Creative AI","floor":44},{"not_picked":["Force Field+1","Reprogram+1"],"picked":"Skim+1","floor":46},{"not_picked":["Rebound","Streamline"],"picked":"Stack+1","floor":55}],"player_experience":3885152,"relics_obtained":[{"floor":6.0,"key":"Potion Belt"},{"floor":8.0,"key":"Toxic Egg 2"},{"floor":9.0,"key":"Ancient Tea Set"},{"floor":23.0,"key":"Red Mask"},{"floor":25.0,"key":"Eternal Feather"},{"floor":42,"key":"White Beast Statue"},{"floor":43,"key":"StrikeDummy"},{"floor":55,"key":"Mercury Hourglass"}],"event_choices":[{"damage_healed":0.0,"max_hp_gain":0.0,"max_hp_loss":0.0,"gold_gain":0.0,"event_name":"Shining Light","player_choice":"Entered Light","floor":2.0,"gold_loss":0.0,"damage_taken":21.0,"cards_upgraded":["Defend_B","Defend_B"]},{"cards_removed":["Strike_B"],"damage_healed":0.0,"max_hp_gain":0.0,"max_hp_loss":0.0,"gold_gain":0.0,"event_name":"Bonfire Elementals","player_choice":"Offered Basic","floor":3.0,"gold_loss":0.0,"damage_taken":0.0},{"damage_healed":0.0,"max_hp_gain":0.0,"max_hp_loss":0.0,"gold_gain":0.0,"cards_transformed":["Strike_B","Strike_B"],"event_name":"Drug Dealer","player_choice":"Became Test Subject","floor":20.0,"gold_loss":0.0,"damage_taken":0.0,"cards_obtained":["Chill","Skim"]},{"damage_healed":0.0,"max_hp_gain":0.0,"max_hp_loss":0.0,"gold_gain":0.0,"event_name":"The Mausoleum","player_choice":"Ignored","floor":21.0,"gold_loss":0.0,"damage_taken":0.0},{"damage_healed":0.0,"max_hp_gain":0.0,"max_hp_loss":0.0,"gold_gain":0.0,"event_name":"Masked Bandits","player_choice":"Fought Bandits","floor":23.0,"gold_loss":0.0,"damage_taken":0.0},{"damage_healed":0,"gold_gain":222,"player_choice":"Wore Mask","damage_taken":0,"max_hp_gain":0,"max_hp_loss":0,"event_name":"Tomb of Lord Red Mask","floor":37,"gold_loss":0},{"damage_healed":0,"gold_gain":0,"player_choice":"Embrace Madness","damage_taken":13,"max_hp_gain":0,"max_hp_loss":0,"event_name":"Winding Halls","floor":39,"gold_loss":0,"cards_obtained":["Madness","Madness"]},{"damage_healed":0,"gold_gain":0,"player_choice":"Got Potions","damage_taken":0,"max_hp_gain":0,"max_hp_loss":0,"event_name":"Lab","floor":41,"gold_loss":0}],"is_beta":false,"boss_relics":[{"not_picked":["Tiny House","Sozu"],"picked":"SlaversCollar"},{"not_picked":["Empty Cage","Velvet Choker"],"picked":"Cursed Key"}],"items_purged_floors":[48,54],"is_endless":false,"potions_floor_spawned":[1,4,11,16,18,22,23,29,36,44,46,55],"ascension_level":20}}