{"host":"ssahdsoo349p0ms1","time":1608421927,"event":{"mods":["AchievementEnabler","BaseMod","Colored Powertips","Downfall","Minty Spire (QoL Compilation)","StSLib"],"gold_per_floor":[99,249,279,293,293,308,308,308,320,350,363,393,412,245,256,353,353,353,385,310,310,328,328,328,343,328,358,122,122,147,166,186,287,287,212,224,243,229,258,271,271,281,206,237,237,247,261,277,297,297,297,332,130,130,130],"floor_reached":56,"playtime":3856,"items_purged":["Slimebound:Icky","champ:Strike","champ:Strike"],"score":2111,"play_id":"0ecde387-07e4-4191-b988-a20d83eb3732","local_time":"20201219175207","is_ascension_mode":false,"campfire_choices":[{"data":"champ:DefensiveShout","floor":1.0,"key":"SMITH"},{"floor":8.0,"key":"REST"},{"floor":18.0,"key":"RECALL"},{"data":"champ:CalledShot","floor":20.0,"key":"SMITH"},{"data":"champ:SkillfulDodge","floor":23.0,"key":"SMITH"},{"data":"champ:Taunt","floor":35.0,"key":"SMITH"},{"data":"champ:CalledShot","floor":43.0,"key":"SMITH"},{"data":"champ:PerfectForm","floor":54,"key":"SMITH"}],"circlet_count":0,"master_deck":["champ:Strike","champ:Defend","champ:Defend","champ:Defend","champ:Defend","champ:Execute","champ:Taunt+1","champ:DefensiveShout+1","champ:Duel","champ:PerfectedStrike","champ:Circumvent","champ:IronFortress","champ:Shatter","champ:ArenaPreparation","champ:DefensiveShout","champ:CalledShot+1","champ:IronFortress","champ:ShieldWall","champ:SkillfulDodge+1","champ:FocusedDefense+1","champ:LastStand","champ:RecklessLeap","champ:BringItOn+1","Necronomicurse","champ:IgnorePain+1","champ:Circumvent+1","champ:ShieldThrow","champ:FalseCounter+1","champ:EnGarde+1","champ:DefensiveStyle","champ:DefensiveStyle","champ:CalledShot+1","champ:PerfectForm+1","champ:FalseCounter+1","champ:Circumvent+1","champ:CrookedStrike+1","champ:HoldFirm+1"],"relics":["champ:ChampionCrown","MealTicket","Tiny Chest","Mercury Hourglass","Happy Flower","Bird Faced Urn","Orrery","champ:ChampionCrownUpgraded","Mummified Hand","downfall:HeartBlessingRed","White Beast Statue","Matryoshka","HornCleat","Oddly Smooth Stone","Necronomicon","Toxic Egg 2","Orichalcum","Coffee Dripper","downfall:HeartBlessingGreen","Bronze Scales","Molten Egg 2","Bag of Preparation","downfall:HeartBlessingBlue","Pear","Bag of Marbles"],"acts_visited":["Exordium","TheCity","TheBeyond","TheEnding"],"potions_floor_usage":[55],"damage_taken":[{"damage":49.0,"enemies":"3 Sentries","floor":3.0,"turns":10.0},{"damage":6.0,"enemies":"Jaw Worm","floor":4.0,"turns":2.0},{"damage":8.0,"enemies":"2 Louse","floor":6.0,"turns":2.0},{"damage":0.0,"enemies":"Small Slimes","floor":9.0,"turns":3.0},{"damage":2.0,"enemies":"Gremlin Nob","floor":10.0,"turns":4.0},{"damage":0.0,"enemies":"2 Fungi Beasts","floor":11.0,"turns":2.0},{"damage":8.0,"enemies":"Gremlin Gang","floor":13.0,"turns":3.0},{"damage":22.0,"enemies":"downfall:FleeingMerchant","floor":14.0,"turns":4.0},{"damage":9.0,"enemies":"Red Slaver","floor":15.0,"turns":2.0},{"damage":44.0,"enemies":"downfall:Ironclad","floor":16.0,"turns":9.0},{"damage":53.0,"enemies":"Book of Stabbing","floor":19.0,"turns":6.0},{"damage":15.0,"enemies":"Spheric Guardian","floor":22.0,"turns":2.0},{"damage":5.0,"enemies":"Shell Parasite","floor":25.0,"turns":4.0},{"damage":38.0,"enemies":"downfall:FleeingMerchant","floor":26.0,"turns":4.0},{"damage":88.0,"enemies":"Gremlin Leader","floor":27.0,"turns":12.0},{"damage":35.0,"enemies":"downfall:FleeingMerchant","floor":28.0,"turns":4.0},{"damage":50.0,"enemies":"Snecko","floor":31.0,"turns":2.0},{"damage":39.0,"enemies":"Snake Plant","floor":32.0,"turns":2.0},{"damage":44.0,"enemies":"downfall:Silent","floor":33.0,"turns":4.0},{"damage":48.0,"enemies":"Orb Walker","floor":36.0,"turns":2.0},{"damage":56.0,"enemies":"3 Shapes","floor":37.0,"turns":2.0},{"damage":0.0,"enemies":"downfall:FleeingMerchant","floor":38.0,"turns":1.0},{"damage":67.0,"enemies":"Reptomancer","floor":39.0,"turns":5.0},{"damage":64.0,"enemies":"Transient","floor":40.0,"turns":5.0},{"damage":30.0,"enemies":"3 Darklings","floor":42.0,"turns":5.0},{"damage":31.0,"enemies":"Nemesis","floor":44.0,"turns":5.0},{"damage":18.0,"enemies":"4 Shapes","floor":46.0,"turns":5.0},{"damage":17.0,"enemies":"Jaw Worm Horde","floor":47.0,"turns":4.0},{"damage":26.0,"enemies":"Writhing Mass","floor":48.0,"turns":4.0},{"damage":53.0,"enemies":"Sphere and 2 Shapes","floor":49.0,"turns":2.0},{"damage":55.0,"enemies":"downfall:Defect","floor":50.0,"turns":6.0},{"damage":87,"enemies":"downfall:CharBossMerchant","floor":52,"turns":7},{"damage":119,"enemies":"downfall:NeowBoss","floor":55,"turns":23}],"seed_played":"3617744541980287051","potions_obtained":[{"floor":3.0,"key":"Explosive Potion"},{"floor":6.0,"key":"Weak Potion"},{"floor":13.0,"key":"Guardian:BlockOnCardUsePotion"},{"floor":22.0,"key":"AttackPotion"},{"floor":26.0,"key":"Dexterity Potion"},{"floor":27.0,"key":"Ancient Potion"},{"floor":28.0,"key":"FairyPotion"},{"floor":33.0,"key":"Strength Potion"},{"floor":38.0,"key":"champ:OpenerPotion"},{"floor":42.0,"key":"EntropicBrew"}],"is_trial":false,"path_per_floor":["R","?","E","M","?","M","T","R","M","E","M","?","M","$","M","B",null,"R","E","R","?","M","R","T","M","$","E","$","?","T","M","M","B",null,"R","M","M","$","E","M","T","M","R","E","?","M","M","M","M","B",null,"E","$","R","B",null],"character_chosen":"THE_CHAMP","items_purchased":["Orrery","Oddly Smooth Stone","champ:EnGarde+1","champ:DefensiveStyle","Bronze Scales","champ:HoldFirm+1"],"campfire_rested":1,"item_purchase_floors":[14,28,38,38,38,53],"current_hp_per_floor":[90,90,54,48,45,37,37,64,64,62,62,62,54,63,59,40,90,90,67,67,67,69,69,69,75,90,55,78,62,62,68,70,78,90,90,86,88,90,81,77,77,90,100,110,102,110,110,86,90,104,110,101,110,110,84],"gold":130,"neow_bonus":"TRANSFORM_CARD","is_daily":false,"chose_seed":false,"campfire_upgraded":6,"win_rate":0.0,"timestamp":1608421927,"path_taken":["R","?","E","M","?","M","T","R","M","E","M","?","M","$","M","BOSS","R","E","R","?","M","R","T","M","$","E","$","?","?","M","M","BOSS","R","M","M","$","E","?","T","M","R","E","?","?","M","M","M","BOSS","E","$","R","BOSS"],"items_purchased_type":["Relic","Relic","Card","Card","Relic","Card"],"build_version":"2020-12-13","purchased_purges":3,"victory":true,"max_hp_per_floor":[90,90,90,90,90,90,90,90,90,90,90,90,90,90,90,90,90,90,90,90,90,90,90,90,90,90,90,90,90,90,90,90,90,90,90,90,90,90,90,90,90,90,100,110,110,110,110,110,110,110,110,110,110,110,110],"card_choices":[{"not_picked":["champ:FanOfKnives","champ:FocusedDefense"],"picked":"champ:Duel","floor":3.0},{"not_picked":["champ:StanceDance","champ:FocusedGladiator"],"picked":"champ:PerfectedStrike","floor":4.0},{"not_picked":["champ:Encircle","champ:DefensiveShout"],"picked":"champ:Circumvent","floor":6.0},{"not_picked":["champ:Haymaker","champ:GladiatorsShout"],"picked":"champ:IronFortress","floor":9.0},{"not_picked":["champ:Haymaker","champ:IronFortress"],"picked":"champ:Shatter","floor":10.0},{"not_picked":["champ:EndlessRage","champ:SwordThrow"],"picked":"champ:ArenaPreparation","floor":11.0},{"not_picked":["champ:FanOfKnives","champ:PerfectedStrike"],"picked":"champ:DefensiveShout","floor":13.0},{"not_picked":["champ:StanceDance","champ:BerserkersShout"],"picked":"champ:CalledShot","floor":14.0},{"not_picked":["champ:BringItOn","champ:Shatter"],"picked":"champ:IronFortress","floor":14.0},{"not_picked":["champ:DefensiveStyle","champ:Encircle"],"picked":"champ:ShieldWall","floor":14.0},{"not_picked":["champ:PerfectedStrike","champ:BladeFlurry"],"picked":"champ:SkillfulDodge","floor":14.0},{"not_picked":["champ:Backstep","champ:GladiatorsShout"],"picked":"champ:FocusedDefense","floor":14.0},{"not_picked":["champ:GutPunch","champ:ShieldSlam","champ:FanOfKnives"],"picked":"SKIP","floor":15.0},{"not_picked":["champ:SwordThrow","champ:MurderStrike"],"picked":"champ:LastStand","floor":16.0},{"not_picked":["champ:AdrenalArmor","champ:ViciousMockery","champ:Haymaker"],"picked":"SKIP","floor":19.0},{"not_picked":["champ:TornadoPunch","champ:PreciseThrust"],"picked":"champ:RecklessLeap","floor":22.0},{"not_picked":["champ:PerfectedStrike","champ:FocusedGladiator+1","champ:FocusedBerserking+1"],"picked":"SKIP","floor":25.0},{"not_picked":["champ:Backstep+1","champ:FanOfKnives+1"],"picked":"champ:BringItOn","floor":26.0},{"not_picked":["champ:RisingSlash","champ:ShieldWall","champ:AdrenalArmor"],"picked":"SKIP","floor":27.0},{"not_picked":["champ:CrookedStrike","champ:BringItOn","champ:FightOn"],"picked":"SKIP","floor":28.0},{"not_picked":["champ:PreciseThrust","champ:Lariat+1"],"picked":"champ:IgnorePain+1","floor":31.0},{"not_picked":["champ:Riposte+1","champ:Backstep+1"],"picked":"champ:Circumvent+1","floor":32.0},{"not_picked":["champ:StrikeOfGenius","champ:DancingMaster"],"picked":"champ:ShieldThrow","floor":33.0},{"not_picked":["champ:FanOfKnives+1","champ:TornadoPunch"],"picked":"champ:FalseCounter+1","floor":36.0},{"not_picked":["champ:BladeFlurry+1","champ:DefensiveShout+1","champ:BerserkersShout+1"],"picked":"SKIP","floor":37.0},{"not_picked":["champ:AdrenalArmor+1","champ:PreciseThrust+1","champ:BringItOn+1"],"picked":"SKIP","floor":38.0},{"not_picked":["champ:FocusedGladiator+1","champ:FlashCut+1"],"picked":"champ:DefensiveStyle","floor":39.0},{"not_picked":["champ:SwordThrow+1","champ:CrookedStrike+1","champ:BladeFlurry+1"],"picked":"SKIP","floor":40.0},{"not_picked":["champ:CrookedStrike+1","champ:Backstep+1"],"picked":"champ:CalledShot","floor":42.0},{"not_picked":["champ:BringItOn+1","champ:AdrenalArmor+1"],"picked":"champ:PerfectForm","floor":44.0},{"not_picked":["champ:HeartStrike+1","champ:CalledShot+1"],"picked":"champ:FalseCounter+1","floor":46.0},{"not_picked":["champ:BladeFlurry+1","champ:FlashCut+1","champ:FocusedBerserking+1"],"picked":"SKIP","floor":47.0},{"not_picked":["champ:Haymaker+1","champ:DefensiveShout+1","champ:HeartStrike+1"],"picked":"SKIP","floor":48.0},{"not_picked":["champ:FightOn","champ:DefensiveShout+1"],"picked":"champ:Circumvent+1","floor":49.0},{"not_picked":["champ:PerfectedStrike+1","champ:DefensiveShout+1"],"picked":"champ:CrookedStrike+1","floor":52}],"player_experience":598576,"relics_obtained":[{"floor":3.0,"key":"MealTicket"},{"floor":7.0,"key":"Mercury Hourglass"},{"floor":10.0,"key":"Happy Flower"},{"floor":19.0,"key":"Mummified Hand"},{"floor":24.0,"key":"Matryoshka"},{"floor":27.0,"key":"HornCleat"},{"floor":29.0,"key":"Necronomicon"},{"floor":30.0,"key":"Toxic Egg 2"},{"floor":30.0,"key":"Orichalcum"},{"floor":39.0,"key":"Molten Egg 2"},{"floor":41.0,"key":"Bag of Preparation"},{"floor":44.0,"key":"Pear"},{"floor":52,"key":"Bag of Marbles"}],"event_choices":[{"damage_healed":0.0,"max_hp_gain":0.0,"max_hp_loss":0.0,"gold_gain":0.0,"event_name":"Scrap Ooze","player_choice":"Success","floor":5.0,"gold_loss":0.0,"damage_taken":3.0,"relics_obtained":["Tiny Chest"]}],"is_beta":false,"boss_relics":[{"not_picked":["Velvet Choker","Philosopher\u0027s Stone"],"picked":"champ:ChampionCrownUpgraded"},{"not_picked":["SacredBark","Runic Dome"],"picked":"Coffee Dripper"}],"items_purged_floors":[28,38,53],"is_endless":false,"potions_floor_spawned":[3,6,13,15,19,22,25,26,27,28,31,32,33,36,37,38,39,40,42,44,46,47,48,49,52],"ascension_level":0}}