{"host":"oy4pyvr762z5n0bb","time":1608418487,"event":{"mods":["AchievementEnabler","BaseMod","Colored Map","Colored Powertips","Googly Eyes","Key Reminder","Minty Spire (QoL Compilation)","Quick Restart","Relic Sorter","StSLib","SuperFastMode","Unceasing Turn Reminder","slay the spire mod where everything is the same but ironclad has a cowboy hat"],"gold_per_floor":[114,128,140,140,49,82,82,115,115,141,141,20,38,69,69,171,171,191,207,217,230,230,230,256,272,272,272,298,0,17,37,37,135,135,153,163,63,63,77,112,112,112,112],"floor_reached":42,"playtime":1345,"items_purged":["Strike_G","Strike_G"],"score":685,"play_id":"f142aadc-6305-42fb-897b-bb8138b15aea","local_time":"20201219145447","is_ascension_mode":true,"campfire_choices":[{"data":"Dash","floor":7,"key":"SMITH"},{"floor":11,"key":"REST"},{"floor":15,"key":"REST"},{"floor":23,"key":"REST"},{"floor":27,"key":"REST"},{"floor":32,"key":"REST"},{"floor":41,"key":"REST"}],"circlet_count":0,"master_deck":["Strike_G","Defend_G","Defend_G","Defend_G","Defend_G","Defend_G","Survivor","Neutralize","Slice","Dash+1","Flechettes","Blade Dance","Quick Slash","PiercingWail","Predator","Riddle With Holes","Prepared","Poisoned Stab","Flying Knee","Bane","Tools of the Trade","Noxious Fumes","Eviscerate","PiercingWail","Endless Agony+1","Deadly Poison","Backflip+1","Caltrops","A Thousand Cuts","Noxious Fumes+1","Footwork","Writhe","Acrobatics"],"relics":["Ring of the Snake","NeowsBlessing","PreservedInsect","FossilizedHelix","Ornamental Fan","Mercury Hourglass","keyreminder:keyreminder","Happy Flower","Fusion Hammer","Oddly Smooth Stone","White Beast Statue","Sundial","Anchor","Lantern","Empty Cage","Bag of Preparation"],"acts_visited":["Exordium","TheCity","TheBeyond"],"potions_floor_usage":[20],"damage_taken":[{"damage":0,"enemies":"Small Slimes","floor":1,"turns":1},{"damage":0,"enemies":"Cultist","floor":2,"turns":1},{"damage":0,"enemies":"Jaw Worm","floor":3,"turns":1},{"damage":31,"enemies":"Gremlin Nob","floor":6,"turns":5},{"damage":15,"enemies":"3 Sentries","floor":8,"turns":4},{"damage":0,"enemies":"Gremlin Nob","floor":10,"turns":4},{"damage":0,"enemies":"3 Louse","floor":13,"turns":2},{"damage":0,"enemies":"Lagavulin","floor":14,"turns":4},{"damage":30,"enemies":"The Guardian","floor":16,"turns":12},{"damage":0,"enemies":"Chosen","floor":18,"turns":4},{"damage":0,"enemies":"3 Byrds","floor":19,"turns":5},{"damage":5,"enemies":"Cultist and Chosen","floor":20,"turns":6},{"damage":10,"enemies":"3 Cultists","floor":21,"turns":5},{"damage":25,"enemies":"Book of Stabbing","floor":24,"turns":5},{"damage":0,"enemies":"Snake Plant","floor":25,"turns":5},{"damage":7,"enemies":"Slavers","floor":28,"turns":4},{"damage":13,"enemies":"Centurion and Healer","floor":30,"turns":4},{"damage":0,"enemies":"Snecko","floor":31,"turns":4},{"damage":102,"enemies":"Collector","floor":33,"turns":11},{"damage":0,"enemies":"3 Shapes","floor":35,"turns":3},{"damage":0,"enemies":"Orb Walker","floor":36,"turns":3},{"damage":52,"enemies":"Writhing Mass","floor":39,"turns":6},{"damage":21,"enemies":"Nemesis","floor":40,"turns":7},{"damage":71,"enemies":"Reptomancer","floor":42,"turns":5}],"seed_played":"4079382495438730757","potions_obtained":[{"floor":3,"key":"FairyPotion"},{"floor":6,"key":"FairyPotion"},{"floor":8,"key":"SkillPotion"},{"floor":20,"key":"SpeedPotion"},{"floor":31,"key":"FairyPotion"},{"floor":33,"key":"SteroidPotion"},{"floor":40,"key":"SneckoOil"}],"is_trial":false,"path_per_floor":["M","M","M","?","$","E","R","E","T","E","R","$","M","E","R","B",null,"M","M","M","M","?","R","E","M","T","R","E","$","M","M","R","B",null,"M","M","$","?","M","E","R","E"],"character_chosen":"THE_SILENT","items_purchased":["Quick Slash","PiercingWail","Poisoned Stab","Anchor","Lantern"],"campfire_rested":6,"item_purchase_floors":[5,5,12,29,29],"current_hp_per_floor":[70,70,70,70,70,39,39,24,24,24,45,45,45,45,66,36,62,62,62,57,47,47,68,43,43,43,64,57,57,44,44,65,10,55,55,55,55,70,18,21,42,0,0],"gold":112,"neow_bonus":"THREE_ENEMY_KILL","is_daily":false,"chose_seed":false,"campfire_upgraded":1,"win_rate":0.0,"timestamp":1608418487,"path_taken":["M","M","M","?","$","E","R","E","T","E","R","$","M","E","R","BOSS","M","M","M","?","?","R","E","M","T","R","E","$","?","M","R","BOSS","M","M","$","?","M","E","R","E"],"items_purchased_type":["Card","Card","Card","Relic","Relic"],"build_version":"2020-12-13","purchased_purges":2,"victory":false,"max_hp_per_floor":[70,70,70,70,70,70,70,70,70,70,70,70,70,70,70,70,70,70,70,70,70,70,70,70,70,70,70,70,70,70,70,70,70,70,70,70,70,70,70,70,70,70,70],"card_choices":[{"not_picked":["Backflip","Dodge and Roll"],"picked":"Slice","floor":1},{"not_picked":["Predator","Slice"],"picked":"Dash","floor":2},{"not_picked":["Underhanded Strike","Setup"],"picked":"Flechettes","floor":3},{"not_picked":["Dash","Acrobatics"],"picked":"Predator","floor":6},{"not_picked":["Backflip","Skewer"],"picked":"Riddle With Holes","floor":8},{"not_picked":["Malaise","Poisoned Stab"],"picked":"Prepared","floor":10},{"not_picked":["Sucker Punch","Deadly Poison"],"picked":"Flying Knee","floor":13},{"not_picked":["Flechettes","Well Laid Plans"],"picked":"Bane","floor":14},{"not_picked":["Die Die Die","Night Terror"],"picked":"Tools of the Trade","floor":16},{"not_picked":["Dash","Dagger Throw+1"],"picked":"Noxious Fumes","floor":18},{"not_picked":["Choke","Outmaneuver+1","Dagger Throw"],"picked":"SKIP","floor":19},{"not_picked":["Bane","Slice","Underhanded Strike"],"picked":"SKIP","floor":20},{"not_picked":["Prepared","PiercingWail"],"picked":"Eviscerate","floor":21},{"not_picked":["All Out Attack","Calculated Gamble"],"picked":"Endless Agony+1","floor":24},{"not_picked":["PiercingWail","Tools of the Trade"],"picked":"Deadly Poison","floor":25},{"not_picked":["Riddle With Holes","Dodge and Roll"],"picked":"Backflip+1","floor":28},{"not_picked":["Catalyst","Escape Plan"],"picked":"Caltrops","floor":30},{"not_picked":["Dodge and Roll","Distraction","Quick Slash+1"],"picked":"SKIP","floor":31},{"not_picked":["Die Die Die","Doppelganger"],"picked":"A Thousand Cuts","floor":33},{"not_picked":["Riddle With Holes+1","Finisher+1"],"picked":"Noxious Fumes+1","floor":35},{"not_picked":["Prepared","Dash+1"],"picked":"Footwork","floor":36},{"not_picked":["Heel Hook+1","Choke","Cloak And Dagger"],"picked":"SKIP","floor":39},{"not_picked":["Infinite Blades","Outmaneuver"],"picked":"Acrobatics","floor":40}],"player_experience":546070,"relics_obtained":[{"floor":6,"key":"PreservedInsect"},{"floor":8,"key":"FossilizedHelix"},{"floor":9,"key":"Ornamental Fan"},{"floor":10,"key":"Mercury Hourglass"},{"floor":14,"key":"Happy Flower"},{"floor":24,"key":"Oddly Smooth Stone"},{"floor":26,"key":"White Beast Statue"},{"floor":28,"key":"Sundial"},{"floor":40,"key":"Bag of Preparation"}],"event_choices":[{"damage_healed":0,"gold_gain":0,"player_choice":"1 cards matched","damage_taken":0,"max_hp_gain":0,"max_hp_loss":0,"event_name":"Match and Keep!","floor":4,"gold_loss":0,"cards_obtained":["Blade Dance"]},{"damage_healed":0,"gold_gain":0,"player_choice":"Copied","damage_taken":0,"max_hp_gain":0,"max_hp_loss":0,"event_name":"Duplicator","floor":22,"gold_loss":0,"cards_obtained":["PiercingWail"]},{"damage_healed":18,"gold_gain":0,"player_choice":"Writhe","damage_taken":0,"max_hp_gain":0,"max_hp_loss":0,"event_name":"Winding Halls","floor":38,"gold_loss":0,"cards_obtained":["Writhe"]}],"is_beta":false,"boss_relics":[{"not_picked":["SacredBark","Runic Dome"],"picked":"Fusion Hammer"},{"not_picked":["Tiny House","Ring of the Serpent"],"picked":"Empty Cage"}],"items_purged_floors":[12,37],"is_endless":false,"potions_floor_spawned":[3,6,8,10,16,20,25,28,30,31,33,35,36,39,40],"killed_by":"Reptomancer","ascension_level":5}}