{"host":"jm9833yuloeli2yd","time":1608412652,"event":{"mods":["AchievementEnabler","BaseMod","Better Altar","Better Match","Better Note","Better Sensory Stone","Better Skull","Better Vampires","Colored Map","Colored Powertips","DeckTracker","Minty Spire (QoL Compilation)","Permanent Neow","Quick Restart","Replay The Spire","StSLib","SuperFastMode"],"gold_per_floor":[115,265,277,277,1,1,26,91,117,56,84,84,103,103,103,179,179,139,156,156,176,188,188,188],"floor_reached":23,"playtime":586,"items_purged":["Doubt"],"score":448,"play_id":"8c9dad6c-2348-4b4a-b24b-af872507f15d","local_time":"20201219161732","is_ascension_mode":true,"campfire_choices":[{"data":"Finisher","floor":6.0,"key":"SMITH"},{"floor":12.0,"key":"REST"},{"data":"Footwork","floor":15.0,"key":"SMITH"}],"circlet_count":0,"master_deck":["AscendersBane","Strike_G","Strike_G","Strike_G","Strike_G","Defend_G","Defend_G","Defend_G","Defend_G","Defend_G","Survivor","Neutralize","Footwork+1","Finisher+1","Flash of Steel","Endless Agony","Poisoned Stab","Bouncing Flask","Expertise","Good Instincts","Tools of the Trade","AbeCurse","Deadly Poison+1","Blade Dance","Calculated Gamble","Glass Knife","PiercingWail"],"relics":["Ring of the Snake","NeowsBlessing","Blood Vial","Pantograph","Strawberry","Oddly Smooth Stone","Abe\u0027s Treasure"],"acts_visited":["Exordium","TheCity"],"potions_floor_usage":[22],"damage_taken":[{"damage":0.0,"enemies":"Small Slimes","floor":1.0,"turns":1.0},{"damage":0.0,"enemies":"Jaw Worm","floor":3.0,"turns":1.0},{"damage":0.0,"enemies":"3 Sentries","floor":7.0,"turns":1.0},{"damage":32.0,"enemies":"Gremlin Nob","floor":8.0,"turns":4.0},{"damage":30.0,"enemies":"Gremlin Nob","floor":11.0,"turns":4.0},{"damage":0.0,"enemies":"2 Louse","floor":13.0,"turns":3.0},{"damage":47.0,"enemies":"Hexaghost","floor":16.0,"turns":12.0},{"damage":27.0,"enemies":"2 Thieves","floor":18.0,"turns":5.0},{"damage":13.0,"enemies":"Chosen","floor":19.0,"turns":5.0},{"damage":17.0,"enemies":"Snecko","floor":21.0,"turns":5.0},{"damage":10,"enemies":"Sentry and Sphere","floor":22,"turns":5},{"damage":12,"enemies":"Book of Stabbing","floor":23,"turns":2}],"seed_played":"8912838364792889641","potions_obtained":[{"floor":7.0,"key":"Elixir"},{"floor":11.0,"key":"Elixir"},{"floor":16.0,"key":"Poison Potion"},{"floor":21.0,"key":"PowerPotion"},{"floor":22,"key":"Ancient Potion"}],"is_trial":false,"path_per_floor":["M","?","M","?","$","R","E","?","T","?","E","R","M","?","R","B",null,"M","M","?","M","M","E"],"character_chosen":"THE_SILENT","items_purchased":["Flash of Steel","Endless Agony","Swift Potion"],"campfire_rested":1,"item_purchase_floors":[5,5,5],"current_hp_per_floor":[59,59,59,64,64,64,64,34,41,41,13,36,38,38,38,18,63,38,27,27,12,4,0,0],"gold":188,"neow_bonus":"THREE_ENEMY_KILL","is_daily":false,"chose_seed":false,"campfire_upgraded":2,"win_rate":0.0,"timestamp":1608412652,"path_taken":["M","?","M","?","$","R","E","?","T","?","E","R","?","?","R","BOSS","M","M","?","?","M","E"],"items_purchased_type":["Card","Card","Potion"],"build_version":"2020-12-13","purchased_purges":1,"victory":false,"max_hp_per_floor":[66,66,66,71,71,71,71,71,78,78,78,78,78,78,78,78,78,78,78,78,78,78,78,78],"card_choices":[{"not_picked":["Slice","ReplayTheSpireMod:Speed Training"],"picked":"Footwork","floor":1.0},{"not_picked":["Bane","Predator"],"picked":"Finisher","floor":3.0},{"not_picked":["Outmaneuver","Calculated Gamble"],"picked":"Poisoned Stab","floor":7.0},{"not_picked":["Hidden Blade","Concentrate"],"picked":"Bouncing Flask","floor":8.0},{"not_picked":["Acrobatics","Atom Bomb","Quick Slash"],"picked":"SKIP","floor":11.0},{"not_picked":["Concentrate","Underhanded Strike"],"picked":"Expertise","floor":13.0},{"not_picked":["Replay:Sssssssssstrike","Impatience"],"picked":"Good Instincts","floor":14.0},{"not_picked":["Grand Finale","Storm of Steel"],"picked":"Tools of the Trade","floor":16.0},{"not_picked":["PiercingWail","Deflect"],"picked":"Deadly Poison+1","floor":18.0},{"not_picked":["Dodge and Roll","Outmaneuver"],"picked":"Blade Dance","floor":19.0},{"not_picked":["Poisoned Stab","Bane"],"picked":"Glass Knife","floor":21.0},{"not_picked":["Acrobatics","Replay:Poison Smokescreen"],"picked":"PiercingWail","floor":22}],"player_experience":1125405,"relics_obtained":[{"floor":7.0,"key":"Blood Vial"},{"floor":8.0,"key":"Pantograph"},{"floor":9.0,"key":"Strawberry"},{"floor":11.0,"key":"Oddly Smooth Stone"}],"event_choices":[{"damage_healed":0.0,"max_hp_gain":0.0,"max_hp_loss":0.0,"gold_gain":150.0,"event_name":"Liars Game","player_choice":"AGREE","floor":2.0,"gold_loss":0.0,"damage_taken":0.0,"cards_obtained":["Doubt"]},{"damage_healed":0.0,"max_hp_gain":5.0,"max_hp_loss":0.0,"gold_gain":0.0,"event_name":"Big Fish","player_choice":"Donut","floor":4.0,"gold_loss":0.0,"damage_taken":0.0},{"damage_healed":0.0,"max_hp_gain":0.0,"max_hp_loss":0.0,"gold_gain":0.0,"event_name":"Dead Adventurer","player_choice":"Searched \u00271\u0027 times","floor":8.0,"gold_loss":0.0,"damage_taken":0.0},{"damage_healed":0.0,"max_hp_gain":0.0,"max_hp_loss":0.0,"gold_gain":0.0,"event_name":"World of Goop","player_choice":"Left Gold","floor":10.0,"gold_loss":61.0,"damage_taken":0.0},{"damage_healed":0.0,"max_hp_gain":0.0,"max_hp_loss":0.0,"gold_gain":1.0,"event_name":"betterStone:BetterStone","player_choice":"1","floor":14.0,"gold_loss":0.0,"damage_taken":0.0},{"damage_healed":0.0,"max_hp_gain":0.0,"max_hp_loss":0.0,"gold_gain":0.0,"cards_transformed":["Strike_G"],"event_name":"Transmorgrifier","player_choice":"Transformed","floor":20.0,"gold_loss":0.0,"damage_taken":0.0,"cards_obtained":["Calculated Gamble"]}],"is_beta":false,"boss_relics":[{"not_picked":["Runic Dome","Busted Crown"],"picked":"Abe\u0027s Treasure"}],"items_purged_floors":[5],"is_endless":false,"potions_floor_spawned":[7,8,11,16,19,21,22],"killed_by":"Book of Stabbing","ascension_level":20}}