{"host":"bxn2em57qlx5u4i0","time":1608416811,"event":{"mods":["BaseMod","Colored Map","Colored Powertips","Highlight Path","Minty Spire (QoL Compilation)","Random Character Button","Relic Sorter","Relic Stats","StSLib","SuperFastMode"],"gold_per_floor":[116,132,132,57,76,76,102,102,155,155,190,190,205,223,223,298,298,309,309,324,324,342,377,377,408,408,434,434,460,476,476,476,547,547,559,459,509,523,106,106,106,106,106,119,162,171,200,217,217,217,217,217,217,92,127,127],"floor_reached":57,"playtime":1794,"items_purged":["Strike_G","Strike_G+1","Pain"],"score":2967,"play_id":"166e8c46-af89-4f50-8c54-9508d321bf87","local_time":"20201219172651","is_ascension_mode":true,"campfire_choices":[{"data":"Skewer","floor":6.0,"key":"SMITH"},{"floor":10.0,"key":"REST"},{"data":"Catalyst","floor":15.0,"key":"SMITH"},{"data":"Wraith Form v2","floor":28.0,"key":"SMITH"},{"data":"Bouncing Flask","floor":32.0,"key":"SMITH"},{"data":"Crippling Poison","floor":40.0,"key":"SMITH"},{"floor":49,"key":"RECALL"},{"data":"Doppelganger","floor":53,"key":"SMITH"}],"circlet_count":0,"master_deck":["AscendersBane","Strike_G+1","Defend_G+1","Defend_G+1","Defend_G+1","Defend_G+1","Survivor","Neutralize","Skewer+1","Catalyst+1","Backstab","Bouncing Flask+1","Corpse Explosion+1","Crippling Poison+1","PiercingWail","Wraith Form v2+1","Leg Sweep","Bouncing Flask+1","Bullet Time+1","Doppelganger+1","Wraith Form v2+1","Noxious Fumes","Doppelganger"],"relics":["Ring of the Snake","Question Card","Thread and Needle","Snake Skull","Eternal Feather","Snecko Eye","Centennial Puzzle","Girya","Pear","Pocketwatch","Vajra","CultistMask","Sozu","DollysMirror","War Paint","CeramicFish","WarpedTongs","Letter Opener","Boot"],"acts_visited":["Exordium","TheCity","TheBeyond","TheEnding"],"potions_floor_usage":[56],"damage_taken":[{"damage":0.0,"enemies":"Cultist","floor":1.0,"turns":4.0},{"damage":4.0,"enemies":"Jaw Worm","floor":2.0,"turns":5.0},{"damage":0.0,"enemies":"2 Louse","floor":5.0,"turns":1.0},{"damage":45.0,"enemies":"Lagavulin","floor":7.0,"turns":7.0},{"damage":16.0,"enemies":"3 Sentries","floor":11.0,"turns":8.0},{"damage":2.0,"enemies":"Gremlin Gang","floor":13.0,"turns":3.0},{"damage":6.0,"enemies":"Red Slaver","floor":14.0,"turns":2.0},{"damage":8.0,"enemies":"Hexaghost","floor":16.0,"turns":5.0},{"damage":0.0,"enemies":"Shell Parasite","floor":18.0,"turns":3.0},{"damage":0.0,"enemies":"2 Thieves","floor":20.0,"turns":2.0},{"damage":0.0,"enemies":"Cultist and Chosen","floor":22.0,"turns":4.0},{"damage":8.0,"enemies":"Gremlin Leader","floor":23.0,"turns":7.0},{"damage":39.0,"enemies":"Slavers","floor":25.0,"turns":3.0},{"damage":6.0,"enemies":"Gremlin Leader","floor":27.0,"turns":5.0},{"damage":2.0,"enemies":"Book of Stabbing","floor":29.0,"turns":4.0},{"damage":0.0,"enemies":"Centurion and Healer","floor":30.0,"turns":3.0},{"damage":31.0,"enemies":"Automaton","floor":33.0,"turns":9.0},{"damage":0.0,"enemies":"3 Darklings","floor":35.0,"turns":2.0},{"damage":0.0,"enemies":"Orb Walker","floor":38.0,"turns":2.0},{"damage":0.0,"enemies":"Maw","floor":44.0,"turns":3.0},{"damage":0,"enemies":"Reptomancer","floor":45,"turns":3},{"damage":5,"enemies":"Giant Head","floor":47,"turns":5},{"damage":3,"enemies":"Writhing Mass","floor":48,"turns":3},{"damage":20,"enemies":"Time Eater","floor":50,"turns":4},{"damage":36,"enemies":"Awakened One","floor":51,"turns":9},{"damage":0,"enemies":"Shield and Spear","floor":55,"turns":4},{"damage":69,"enemies":"The Heart","floor":56,"turns":6}],"seed_played":"-899506924621640127","potions_obtained":[{"floor":1.0,"key":"Ancient Potion"},{"floor":2.0,"key":"SneckoOil"},{"floor":14.0,"key":"FairyPotion"},{"floor":20.0,"key":"SteroidPotion"},{"floor":22.0,"key":"DistilledChaos"},{"floor":25.0,"key":"SteroidPotion"},{"floor":29.0,"key":"FairyPotion"},{"floor":33.0,"key":"Block Potion"}],"is_trial":false,"path_per_floor":["M","M","?","$","M","R","E","T","T","R","E","?","M","M","R","B",null,"M","?","M","?","M","E","?","E","T","E","R","E","M","?","R","B",null,"M","$","?","M","$","R","?","?","T","M","E","?","E","M","R","B","B",null,"R","$","E","B",null],"character_chosen":"THE_SILENT","items_purchased":["DollysMirror","War Paint","Noxious Fumes"],"campfire_rested":1,"item_purchase_floors":[39,39,39],"current_hp_per_floor":[59,55,55,55,55,55,10,10,10,28,12,12,10,4,13,5,46,46,46,46,46,46,38,38,18,28,22,31,29,29,29,41,10,55,55,55,55,55,55,67,57,57,57,57,57,57,52,49,61,41,5,54,66,66,66,19],"gold":127,"neow_bonus":"TRANSFORM_TWO_CARDS","is_daily":false,"chose_seed":false,"campfire_upgraded":6,"win_rate":0.0,"timestamp":1608416811,"path_taken":["M","M","?","?","M","R","E","?","T","R","E","?","M","?","R","BOSS","M","?","M","?","M","E","?","E","T","E","R","E","M","?","R","BOSS","M","$","?","?","?","R","?","?","T","?","E","?","E","M","R","BOSS","BOSS","R","$","E","BOSS"],"items_purchased_type":["Relic","Relic","Card"],"build_version":"2020-12-13","purchased_purges":3,"victory":true,"max_hp_per_floor":[60,60,60,60,60,60,60,60,60,60,60,60,60,60,60,60,60,60,60,60,60,60,60,60,60,70,70,70,70,70,70,70,70,70,70,70,70,70,70,70,70,70,70,70,70,70,70,70,70,70,70,70,70,70,70,70],"relic_stats":{"counters":[27,116],"CeramicFish":18,"Eternal Feather":66,"Snake Skull":[258],"Letter Opener":[100],"War Paint":["Bullet Time","Corpse Explosion"],"Question Card":23,"Boot":[0],"WarpedTongs":[25],"Sozu":2,"Centennial Puzzle":[22],"Snecko Eye":[144,166,133,148],"obtain_stats":[{"Girya":25,"Pear":26,"CeramicFish":45,"Vajra":29,"Thread and Needle":8,"Eternal Feather":11,"Snake Skull":9,"Letter Opener":47,"War Paint":39,"Question Card":7,"Boot":55,"WarpedTongs":46,"Sozu":34,"Centennial Puzzle":23,"DollysMirror":39,"Snecko Eye":17,"CultistMask":31,"Ring of the Snake":0,"Pocketwatch":27},{"Girya":13,"Pear":13,"CeramicFish":21,"Vajra":15,"Thread and Needle":4,"Eternal Feather":5,"Snake Skull":4,"Letter Opener":22,"War Paint":19,"Question Card":4,"Boot":26,"WarpedTongs":21,"Sozu":17,"Centennial Puzzle":12,"DollysMirror":19,"Snecko Eye":8,"CultistMask":16,"Ring of the Snake":0,"Pocketwatch":14},{"Girya":54,"Pear":54,"CeramicFish":85,"Vajra":63,"Thread and Needle":17,"Eternal Feather":25,"Snake Skull":17,"Letter Opener":90,"War Paint":79,"Question Card":17,"Boot":110,"WarpedTongs":85,"Sozu":75,"Centennial Puzzle":51,"DollysMirror":79,"Snecko Eye":35,"CultistMask":66,"Ring of the Snake":0,"Pocketwatch":59}],"Ring of the Snake":[54],"Pocketwatch":[52]},"card_choices":[{"not_picked":["Accuracy","Outmaneuver","Sucker Punch"],"picked":"SKIP","floor":1.0},{"not_picked":["Bane","Prepared"],"picked":"Backstab","floor":2.0},{"not_picked":["Sucker Punch","Flechettes","Bane"],"picked":"SKIP","floor":5.0},{"not_picked":["Acrobatics","Terror"],"picked":"Bouncing Flask","floor":7.0},{"not_picked":["Slice","Tactician","Masterful Stab"],"picked":"Corpse Explosion","floor":11.0},{"not_picked":["Dagger Throw","Slice","Terror"],"picked":"Crippling Poison","floor":13.0},{"not_picked":["Outmaneuver","Poisoned Stab","Underhanded Strike"],"picked":"PiercingWail","floor":14.0},{"not_picked":["Corpse Explosion","Storm of Steel","Unload"],"picked":"Wraith Form v2","floor":16.0},{"not_picked":["Dagger Spray","Poisoned Stab+1","Dodge and Roll","Endless Agony"],"picked":"SKIP","floor":18.0},{"not_picked":["Calculated Gamble","Blur","Acrobatics","Deadly Poison"],"picked":"SKIP","floor":20.0},{"not_picked":["Blade Dance","Predator","Die Die Die"],"picked":"Leg Sweep","floor":22.0},{"not_picked":["Deadly Poison","Escape Plan+1","Calculated Gamble+1","Outmaneuver"],"picked":"SKIP","floor":23.0},{"not_picked":["Finisher","Acrobatics","Blade Dance","Poisoned Stab"],"picked":"SKIP","floor":25.0},{"not_picked":["Accuracy","Eviscerate","Cloak And Dagger"],"picked":"Bouncing Flask+1","floor":27.0},{"not_picked":["Flying Knee","Terror","Dagger Spray"],"picked":"Bullet Time","floor":29.0},{"not_picked":["Deadly Poison","Prepared","Deflect","Quick Slash"],"picked":"SKIP","floor":30.0},{"not_picked":["Die Die Die","Adrenaline","Envenom"],"picked":"Doppelganger","floor":33.0},{"not_picked":["Bane","Footwork","Dodge and Roll+1","Flechettes+1"],"picked":"SKIP","floor":35.0},{"not_picked":["Outmaneuver","Deflect+1","Masterful Stab","Deadly Poison+1"],"picked":"SKIP","floor":38.0},{"not_picked":["Dagger Throw","Noxious Fumes","Distraction+1","Backflip"],"picked":"SKIP","floor":44.0},{"not_picked":["Acrobatics","Deflect","Venomology"],"picked":"Doppelganger","floor":45},{"not_picked":["Deadly Poison","Quick Slash","Expertise+1","Skewer+1"],"picked":"SKIP","floor":47},{"not_picked":["Finisher+1","Expertise","Bane+1","Accuracy"],"picked":"SKIP","floor":48},{"not_picked":["Slice","Deadly Poison","Skewer+1","Flechettes"],"picked":"SKIP","floor":55}],"player_experience":2822671,"relics_obtained":[{"floor":7.0,"key":"Question Card"},{"floor":8.0,"key":"Thread and Needle"},{"floor":9.0,"key":"Snake Skull"},{"floor":11.0,"key":"Eternal Feather"},{"floor":23.0,"key":"Centennial Puzzle"},{"floor":25.0,"key":"Girya"},{"floor":26.0,"key":"Pear"},{"floor":27.0,"key":"Pocketwatch"},{"floor":29.0,"key":"Vajra"},{"floor":45,"key":"CeramicFish"},{"floor":47,"key":"Letter Opener"},{"floor":55,"key":"Boot"}],"event_choices":[{"damage_healed":0.0,"max_hp_gain":0.0,"max_hp_loss":0.0,"gold_gain":0.0,"event_name":"Liars Game","player_choice":"Ignored","floor":3.0,"gold_loss":0.0,"damage_taken":0.0},{"cards_removed":["Strike_G"],"damage_healed":0.0,"max_hp_gain":0.0,"max_hp_loss":0.0,"gold_gain":0.0,"event_name":"Purifier","player_choice":"Purged","floor":12.0,"gold_loss":0.0,"damage_taken":0.0},{"damage_healed":0.0,"max_hp_gain":0.0,"max_hp_loss":0.0,"gold_gain":0.0,"event_name":"Back to Basics","player_choice":"Simplicity","floor":19.0,"gold_loss":0.0,"damage_taken":0.0,"cards_upgraded":["Strike_G","Strike_G","Defend_G","Defend_G","Defend_G","Defend_G"]},{"damage_healed":0.0,"max_hp_gain":0.0,"max_hp_loss":0.0,"gold_gain":0.0,"event_name":"The Mausoleum","player_choice":"Ignored","floor":21.0,"gold_loss":0.0,"damage_taken":0.0},{"damage_healed":0.0,"max_hp_gain":0.0,"max_hp_loss":0.0,"gold_gain":0.0,"event_name":"Vampires","player_choice":"Ignored","floor":24.0,"gold_loss":0.0,"damage_taken":0.0},{"damage_healed":0.0,"max_hp_gain":0.0,"max_hp_loss":0.0,"gold_gain":0.0,"event_name":"FaceTrader","player_choice":"Trade","floor":31.0,"gold_loss":0.0,"damage_taken":0.0,"relics_obtained":["CultistMask"]},{"damage_healed":0.0,"max_hp_gain":0.0,"max_hp_loss":0.0,"gold_gain":50.0,"event_name":"Golden Shrine","player_choice":"Pray","floor":37.0,"gold_loss":0.0,"damage_taken":0.0},{"damage_healed":0.0,"max_hp_gain":0.0,"max_hp_loss":0.0,"gold_gain":0.0,"event_name":"SensoryStone","player_choice":"Memory 3","floor":41.0,"gold_loss":0.0,"damage_taken":10.0},{"damage_healed":0.0,"max_hp_gain":0.0,"max_hp_loss":0.0,"gold_gain":0.0,"event_name":"SecretPortal","player_choice":"Ignored","floor":42.0,"gold_loss":0.0,"damage_taken":0.0},{"damage_healed":0,"gold_gain":0,"player_choice":"Rummage","damage_taken":0,"relics_obtained":["WarpedTongs"],"max_hp_gain":0,"max_hp_loss":0,"event_name":"Accursed Blacksmith","floor":46,"gold_loss":0,"cards_obtained":["Pain"]}],"is_beta":false,"boss_relics":[{"not_picked":["Pandora\u0027s Box","Tiny House"],"picked":"Snecko Eye"},{"not_picked":["Runic Pyramid","Fusion Hammer"],"picked":"Sozu"}],"items_purged_floors":[4,36,54],"is_endless":false,"potions_floor_spawned":[1,2,14,20,22,25,29,33,38,47],"ascension_level":20}}