{"host":"ih7ofq2zpufcoifs","time":1608353830,"event":{"mods":["BaseMod","Colored Map","Minty Spire (QoL Compilation)"],"gold_per_floor":[113,129,24,43,43,77,77,92,144,177,177,177,177,205,205,282,282,302,316,316,336,336,336,261,289,289,326,326,346,346,370,370,456,456,476,476,476,476,476,476,98,114,187,187,187,187,20,20,20,20],"floor_reached":51,"playtime":2905,"items_purged":[],"score":1495,"play_id":"037d6613-b7f8-4b11-970e-b038c670ac6d","local_time":"20201219145710","is_ascension_mode":true,"campfire_choices":[{"data":"Predator","floor":7.0,"key":"SMITH"},{"floor":12.0,"key":"REST"},{"data":"Crippling Poison","floor":15.0,"key":"SMITH"},{"data":"Catalyst","floor":23.0,"key":"SMITH"},{"data":"After Image","floor":28,"key":"SMITH"},{"data":"Catalyst","floor":30,"key":"SMITH"},{"data":"Footwork","floor":32,"key":"SMITH"},{"floor":40,"key":"RECALL"},{"floor":44,"key":"REST"},{"floor":49,"key":"REST"}],"circlet_count":0,"master_deck":["AscendersBane","Defend_G","Defend_G","Defend_G","Defend_G","Defend_G","Survivor","Neutralize","Sucker Punch","Predator+1","Flying Knee","Quick Slash","Sucker Punch+1","Crippling Poison+1","Poisoned Stab+1","After Image+1","Catalyst+1","Ghostly","Ghostly","Ghostly+1","Footwork+1","Bite+1","Bite+1","Bite+1","Catalyst+1","PiercingWail","Adrenaline","Noxious Fumes"],"relics":["Ring of the Snake","PreservedInsect","Molten Egg 2","Happy Flower","Lantern","Strawberry","Question Card","Velvet Choker","CeramicFish","Mummified Hand","Bag of Marbles","SacredBark","WristBlade","Mango","Frozen Eye"],"acts_visited":["Exordium","TheCity","TheBeyond"],"potions_floor_usage":[27,27,27,33,33,33,35,35,35,35,35,35,39,39,39,42,42,42,42,42,45,45,45,45,50,50,50,50,50,50,50,50,50,50],"damage_taken":[{"damage":4.0,"enemies":"Cultist","floor":1.0,"turns":5.0},{"damage":1.0,"enemies":"Jaw Worm","floor":2.0,"turns":6.0},{"damage":1.0,"enemies":"Small Slimes","floor":4.0,"turns":3.0},{"damage":6.0,"enemies":"Gremlin Nob","floor":6.0,"turns":3.0},{"damage":4.0,"enemies":"Exordium Wildlife","floor":8.0,"turns":4.0},{"damage":7.0,"enemies":"Lagavulin","floor":10.0,"turns":3.0},{"damage":6.0,"enemies":"3 Sentries","floor":14.0,"turns":7.0},{"damage":47.0,"enemies":"Slime Boss","floor":16.0,"turns":13.0},{"damage":5.0,"enemies":"3 Byrds","floor":18.0,"turns":5.0},{"damage":2.0,"enemies":"Chosen","floor":19.0,"turns":5.0},{"damage":5.0,"enemies":"Shelled Parasite and Fungi","floor":21.0,"turns":7.0},{"damage":9.0,"enemies":"Slavers","floor":25.0,"turns":5.0},{"damage":1,"enemies":"Gremlin Leader","floor":27,"turns":6},{"damage":1,"enemies":"3 Cultists","floor":29,"turns":5},{"damage":10,"enemies":"Cultist and Chosen","floor":31,"turns":7},{"damage":23,"enemies":"Champ","floor":33,"turns":14},{"damage":0,"enemies":"3 Darklings","floor":35,"turns":1},{"damage":0,"enemies":"Orb Walker","floor":39,"turns":1},{"damage":0,"enemies":"Writhing Mass","floor":42,"turns":1},{"damage":0,"enemies":"Reptomancer","floor":45,"turns":1},{"damage":0,"enemies":"Awakened One","floor":50,"turns":2}],"seed_played":"3322509555696295036","potions_obtained":[{"floor":8.0,"key":"Block Potion"},{"floor":10.0,"key":"LiquidBronze"},{"floor":16.0,"key":"EntropicBrew"},{"floor":21.0,"key":"AttackPotion"},{"floor":27,"key":"LiquidBronze"},{"floor":29,"key":"ColorlessPotion"},{"floor":31,"key":"DistilledChaos"},{"floor":42,"key":"Poison Potion"}],"is_trial":false,"path_per_floor":["M","M","$","M","?","E","R","M","T","E","T","R","?","E","R","B",null,"M","M","?","M","?","R","?","E","T","E","R","M","R","M","R","B",null,"M","?","?","?","M","R","$","M","T","R","E","?","$","?","R","B",null],"character_chosen":"THE_SILENT","items_purchased":["Poison Potion","Flying Knee","Mango","Noxious Fumes","Frozen Eye"],"campfire_rested":3,"item_purchase_floors":[3,3,41,41,47],"current_hp_per_floor":[55,54,54,53,46,40,40,36,36,29,36,57,62,56,56,9,61,56,54,39,34,27,27,27,27,27,27,27,27,27,26,26,7,22,22,22,22,22,22,22,36,36,36,41,41,41,41,41,41,41],"gold":20,"neow_bonus":"RANDOM_COMMON_RELIC","is_daily":false,"chose_seed":false,"campfire_upgraded":6,"win_rate":0.0,"timestamp":1608353830,"path_taken":["M","M","$","M","?","E","R","M","T","E","?","R","?","E","R","BOSS","M","M","?","M","?","R","?","E","T","E","R","M","R","M","R","BOSS","M","?","?","?","?","R","$","M","T","R","E","?","?","?","R","BOSS"],"items_purchased_type":["Potion","Card","Relic","Card","Relic"],"build_version":"2020-12-13","purchased_purges":0,"victory":true,"max_hp_per_floor":[66,66,66,66,66,66,66,66,66,66,73,73,78,78,78,78,78,78,78,39,39,27,27,27,27,27,27,27,27,27,27,27,27,27,27,27,27,27,27,27,41,41,41,41,41,41,41,41,41,41],"card_choices":[{"not_picked":["Cloak And Dagger","Tactician"],"picked":"Sucker Punch","floor":1.0},{"not_picked":["Crippling Poison","PiercingWail"],"picked":"Predator","floor":2.0},{"not_picked":["Distraction","Deadly Poison"],"picked":"Quick Slash","floor":4.0},{"not_picked":["Eviscerate+1","Deflect","Tactician"],"picked":"SKIP","floor":6.0},{"not_picked":["Distraction","Setup"],"picked":"Sucker Punch+1","floor":8.0},{"not_picked":["Well Laid Plans","Riddle With Holes+1"],"picked":"Crippling Poison","floor":10.0},{"not_picked":["Cloak And Dagger","Endless Agony+1"],"picked":"Poisoned Stab+1","floor":14.0},{"not_picked":["Storm of Steel","Doppelganger","Night Terror"],"picked":"After Image","floor":16.0},{"not_picked":["Backflip","Slice+1","Prepared","Flechettes+1"],"picked":"SKIP","floor":18.0},{"not_picked":["Sucker Punch+1","Outmaneuver","PiercingWail+1"],"picked":"Catalyst","floor":19.0},{"not_picked":["Escape Plan","Expertise+1","Blade Dance"],"picked":"Footwork","floor":21.0},{"not_picked":["Setup+1","Dodge and Roll","Skewer+1","Tactician"],"picked":"SKIP","floor":25.0},{"not_picked":["Bane+1","Finisher+1","Flechettes+1"],"picked":"Catalyst","floor":27},{"not_picked":["Glass Knife+1","Dagger Spray+1","Bane+1","Quick Slash+1"],"picked":"SKIP","floor":29},{"not_picked":["Dagger Spray+1","Dagger Throw+1","Flying Knee+1"],"picked":"PiercingWail","floor":31},{"not_picked":["Night Terror","Malaise","Unload+1"],"picked":"Adrenaline","floor":33},{"not_picked":["Underhanded Strike+1","Blur","Bouncing Flask","Heel Hook+1"],"picked":"SKIP","floor":35},{"not_picked":["Tactician+1","Dagger Spray+1","Outmaneuver+1","Cloak And Dagger"],"picked":"SKIP","floor":39},{"not_picked":["Die Die Die+1","Accuracy","Distraction","Deadly Poison"],"picked":"SKIP","floor":42},{"not_picked":["PiercingWail+1","Acrobatics","Infinite Blades","Leg Sweep+1"],"picked":"SKIP","floor":45}],"player_experience":420403,"relics_obtained":[{"floor":6.0,"key":"Molten Egg 2"},{"floor":9.0,"key":"Happy Flower"},{"floor":10.0,"key":"Lantern"},{"floor":11.0,"key":"Strawberry"},{"floor":14.0,"key":"Question Card"},{"floor":25.0,"key":"CeramicFish"},{"floor":26.0,"key":"Mummified Hand"},{"floor":27,"key":"Bag of Marbles"}],"event_choices":[{"cards_removed":["Strike_G"],"damage_healed":0.0,"max_hp_gain":0.0,"max_hp_loss":0.0,"gold_gain":0.0,"event_name":"Golden Wing","player_choice":"Card Removal","floor":5.0,"gold_loss":0.0,"damage_taken":7.0},{"damage_healed":0.0,"max_hp_gain":5.0,"max_hp_loss":0.0,"gold_gain":0.0,"event_name":"Big Fish","player_choice":"Donut","floor":13.0,"gold_loss":0.0,"damage_taken":0.0},{"damage_healed":0.0,"max_hp_gain":0.0,"max_hp_loss":39.0,"gold_gain":0.0,"event_name":"Ghosts","player_choice":"Became a Ghost","floor":20.0,"gold_loss":0.0,"damage_taken":0.0,"cards_obtained":["Ghostly","Ghostly","Ghostly"]},{"damage_healed":0.0,"max_hp_gain":0.0,"max_hp_loss":12.0,"gold_gain":0.0,"event_name":"Vampires","player_choice":"Became a vampire","floor":22.0,"gold_loss":0.0,"damage_taken":0.0,"cards_obtained":["Bite","Bite","Bite","Bite","Bite"]},{"cards_removed":["Bite"],"damage_healed":0.0,"max_hp_gain":0.0,"max_hp_loss":0.0,"gold_gain":0.0,"event_name":"Beggar","player_choice":"Gave Gold","floor":24.0,"gold_loss":75.0,"damage_taken":0.0},{"damage_healed":0,"gold_gain":0,"player_choice":"Ignored","damage_taken":0,"max_hp_gain":0,"max_hp_loss":0,"event_name":"Tomb of Lord Red Mask","floor":36,"gold_loss":0},{"damage_healed":0,"gold_gain":0,"player_choice":"Ignored","damage_taken":0,"max_hp_gain":0,"max_hp_loss":0,"event_name":"Mysterious Sphere","floor":37,"gold_loss":0},{"cards_removed":["Bite"],"damage_healed":0,"gold_gain":0,"player_choice":"Removed Attack","damage_taken":0,"max_hp_gain":0,"max_hp_loss":0,"event_name":"Falling","floor":38,"gold_loss":0},{"damage_healed":0,"gold_gain":0,"player_choice":"Memory 1","damage_taken":0,"max_hp_gain":0,"max_hp_loss":0,"event_name":"SensoryStone","floor":46,"gold_loss":0},{"damage_healed":0,"gold_gain":0,"player_choice":"Upgraded","damage_taken":0,"max_hp_gain":0,"max_hp_loss":0,"event_name":"Upgrade Shrine","floor":48,"gold_loss":0,"cards_upgraded":["Ghostly"]}],"is_beta":false,"boss_relics":[{"not_picked":["Tiny House","Pandora\u0027s Box"],"picked":"Velvet Choker"},{"not_picked":["HoveringKite","Philosopher\u0027s Stone"],"picked":"WristBlade"}],"items_purged_floors":[],"is_endless":false,"potions_floor_spawned":[8,10,16,21,25,27,29,31,42,45],"ascension_level":19}}