{"host":"ggy1mjjy92c62u6a","time":1608347552,"event":{"mods":["ATMod(°¢èªMod)","BaseMod","Colored Powertips","Minty Spire (QoL Compilation)","Quick Restart","Shop Mod","Spicy Shops","StSLib"],"gold_per_floor":[116,116,128,128,140,165,177,221,259,271,299,311,311],"floor_reached":12,"playtime":314,"items_purged":[],"score":97,"play_id":"06340ba6-fa42-4d7d-97d5-455a3a05d6c7","local_time":"20201219111232","is_ascension_mode":true,"campfire_choices":[],"circlet_count":0,"master_deck":["Strike_G","Strike_G","Strike_G","Strike_G","Defend_G","Defend_G","Defend_G","Defend_G","Defend_G","Survivor+1","Neutralize","AT_ShrugMaster","Tactician+1","Prepared"],"relics":["Ring of the Snake","AT_ATBox","NeowsBlessing","MawBank","AT_ArchangelStaff","Centennial Puzzle"],"acts_visited":["Exordium"],"potions_floor_usage":[11],"damage_taken":[{"damage":0.0,"enemies":"Jaw Worm","floor":1.0,"turns":1.0},{"damage":0.0,"enemies":"Small Slimes","floor":3.0,"turns":1.0},{"damage":0.0,"enemies":"Cultist","floor":5.0,"turns":1.0},{"damage":11.0,"enemies":"3 Sentries","floor":6.0,"turns":13.0},{"damage":39.0,"enemies":"Lagavulin","floor":8.0,"turns":11.0},{"damage":7,"enemies":"2 Fungi Beasts","floor":11,"turns":4},{"damage":5,"enemies":"Gremlin Nob","floor":12,"turns":2}],"seed_played":"6665937750072235982","potions_obtained":[{"floor":1.0,"key":"Poison Potion"},{"floor":5.0,"key":"Swift Potion"},{"floor":8.0,"key":"Poison Potion"}],"is_trial":false,"path_per_floor":["M","?","M","?","M","E","$","E","T","?","M","E"],"character_chosen":"THE_SILENT","items_purchased":[],"campfire_rested":0,"item_purchase_floors":[],"current_hp_per_floor":[70,75,75,75,75,64,64,25,25,10,3,0,0],"gold":311,"neow_bonus":"THREE_ENEMY_KILL","is_daily":false,"chose_seed":false,"campfire_upgraded":0,"win_rate":0.0,"timestamp":1608347552,"path_taken":["M","?","M","?","?","E","$","E","T","?","M","E"],"items_purchased_type":[],"build_version":"2020-12-13","purchased_purges":0,"victory":false,"max_hp_per_floor":[70,75,75,75,75,75,75,75,75,75,75,75,75],"card_choices":[{"not_picked":["Footwork","Poisoned Stab","Dodge and Roll"],"picked":"SKIP","floor":1.0},{"not_picked":["Bane","Catalyst"],"picked":"Tactician","floor":3.0},{"not_picked":["Poisoned Stab","Choke","Underhanded Strike"],"picked":"SKIP","floor":5.0},{"not_picked":["Backflip","AT_WindFlip","Burst"],"picked":"SKIP","floor":6.0},{"not_picked":["PiercingWail","Backflip","Outmaneuver"],"picked":"SKIP","floor":8.0},{"not_picked":["Sucker Punch","Distraction"],"picked":"Prepared","floor":11}],"player_experience":29540,"relics_obtained":[{"floor":6.0,"key":"MawBank"},{"floor":8.0,"key":"AT_ArchangelStaff"},{"floor":9.0,"key":"Centennial Puzzle"}],"event_choices":[{"damage_healed":0.0,"max_hp_gain":5.0,"max_hp_loss":0.0,"gold_gain":0.0,"event_name":"Big Fish","player_choice":"Donut","floor":2.0,"gold_loss":0.0,"damage_taken":0.0},{"cards_removed":["Strike_G"],"damage_healed":0.0,"max_hp_gain":0.0,"max_hp_loss":0.0,"gold_gain":0.0,"event_name":"Purifier","player_choice":"Purged","floor":4.0,"gold_loss":0.0,"damage_taken":0.0},{"damage_healed":0.0,"max_hp_gain":0.0,"max_hp_loss":0.0,"gold_gain":0.0,"event_name":"Shining Light","player_choice":"Entered Light","floor":10.0,"gold_loss":0.0,"damage_taken":15.0,"cards_upgraded":["Survivor","Tactician"]}],"is_beta":false,"boss_relics":[],"items_purged_floors":[],"is_endless":false,"potions_floor_spawned":[1,5,8],"killed_by":"Gremlin Nob","ascension_level":2}}