{"host":"5jn3rki867005t18","time":1608361463,"event":{"mods":["AchievementEnabler","BaseMod","Colored Map","Minty Spire (QoL Compilation)","Rare Cards Sparkle","StSLib","SuperFastMode"],"gold_per_floor":[116,76,88,108,124,124,159,159,159,174,174,144,163,178,178,178,178],"floor_reached":16,"playtime":1166,"items_purged":[],"score":106,"play_id":"f466a5d0-d1be-4616-a8a4-989a8b8cdf95","local_time":"20201219160423","is_ascension_mode":false,"campfire_choices":[{"data":"Deflect","floor":6,"key":"SMITH"},{"floor":8,"key":"REST"},{"floor":11,"key":"REST"},{"floor":15,"key":"REST"}],"circlet_count":0,"master_deck":["Strike_G","Strike_G","Strike_G","Strike_G","Strike_G","Defend_G","Defend_G","Defend_G","Defend_G","Defend_G","Survivor","Neutralize","Deflect+1","Underhanded Strike","PiercingWail","Acrobatics","Dagger Throw","Masterful Stab","Prepared","Phantasmal Killer","Bouncing Flask"],"relics":["Ring of the Snake","NeowsBlessing","Meat on the Bone","Pantograph"],"acts_visited":["Exordium"],"potions_floor_usage":[10],"damage_taken":[{"damage":0,"enemies":"Small Slimes","floor":1,"turns":1},{"damage":0,"enemies":"Cultist","floor":3,"turns":1},{"damage":0,"enemies":"Jaw Worm","floor":4,"turns":1},{"damage":10,"enemies":"Red Slaver","floor":5,"turns":4},{"damage":32,"enemies":"3 Sentries","floor":7,"turns":15},{"damage":2,"enemies":"Lots of Slimes","floor":10,"turns":3},{"damage":2,"enemies":"Exordium Thugs","floor":12,"turns":5},{"damage":10,"enemies":"Exordium Wildlife","floor":13,"turns":6},{"damage":9,"enemies":"Blue Slaver","floor":14,"turns":4},{"damage":81,"enemies":"The Guardian","floor":16,"turns":16}],"seed_played":"5227204381699838784","potions_obtained":[{"floor":2,"key":"SkillPotion"},{"floor":2,"key":"EntropicBrew"},{"floor":2,"key":"Explosive Potion"},{"floor":3,"key":"Ancient Potion"},{"floor":7,"key":"AttackPotion"},{"floor":14,"key":"SkillPotion"}],"is_trial":false,"path_per_floor":["M","?","M","M","M","R","E","R","T","M","R","M","M","M","R","B"],"character_chosen":"THE_SILENT","items_purchased":[],"campfire_rested":3,"item_purchase_floors":[],"current_hp_per_floor":[70,70,70,70,60,60,28,49,49,47,68,66,56,47,68,0,0],"gold":178,"neow_bonus":"THREE_ENEMY_KILL","is_daily":false,"chose_seed":false,"campfire_upgraded":1,"win_rate":0.0,"timestamp":1608361463,"path_taken":["M","?","M","?","M","R","E","R","T","M","R","M","M","M","R","BOSS"],"items_purchased_type":[],"build_version":"2020-12-13","purchased_purges":0,"victory":false,"max_hp_per_floor":[70,70,70,70,70,70,70,70,70,70,70,70,70,70,70,70,70],"card_choices":[{"not_picked":["Backflip","Backstab"],"picked":"Deflect","floor":1},{"not_picked":["Riddle With Holes","Footwork"],"picked":"Underhanded Strike","floor":3},{"not_picked":["Expertise","Outmaneuver"],"picked":"PiercingWail","floor":4},{"not_picked":["Deflect","Prepared"],"picked":"Acrobatics","floor":5},{"not_picked":["Riddle With Holes","PiercingWail"],"picked":"Dagger Throw","floor":7},{"not_picked":["Dagger Throw","Blade Dance"],"picked":"Masterful Stab","floor":10},{"not_picked":["Quick Slash","Acrobatics"],"picked":"Prepared","floor":12},{"not_picked":["Poisoned Stab","All Out Attack"],"picked":"Phantasmal Killer","floor":13},{"not_picked":["Riddle With Holes","Prepared"],"picked":"Bouncing Flask","floor":14}],"player_experience":14416,"relics_obtained":[{"floor":7,"key":"Meat on the Bone"},{"floor":9,"key":"Pantograph"}],"event_choices":[{"damage_healed":0,"gold_gain":0,"player_choice":"Bought 3 Potions","damage_taken":0,"max_hp_gain":0,"max_hp_loss":0,"event_name":"The Woman in Blue","floor":2,"gold_loss":0}],"is_beta":false,"boss_relics":[],"items_purged_floors":[],"is_endless":false,"potions_floor_spawned":[3,5,7,14],"killed_by":"The Guardian","ascension_level":0}}