{"host":"r6jigiblrojhp6xe","time":1608358293,"event":{"mods":["AchievementEnabler","BaseMod","DeckTracker","Minty Spire (QoL Compilation)","Quick Restart","Rare Cards Sparkle","Relic Stats","StSLib","SuperFastMode","The Cursed","everything is the same but u backflip on backflip"],"gold_per_floor":[116,41,41,41,41,73,73,83,83,112,32,44,44,54,54,125,125,103,121,121,171,183,183,197,228,228,128,157,176,56,56,56,56,56],"floor_reached":33,"playtime":839,"items_purged":["Strike_R","Strike_R","Strike_R","Strike_R"],"score":596,"play_id":"bfccfb55-58cc-4bd2-94b9-e2d48b223951","local_time":"20201219151133","is_ascension_mode":true,"campfire_choices":[{"data":"Body Slam","floor":13,"key":"SMITH"},{"data":"Fire Breathing","floor":15,"key":"SMITH"},{"data":"Armaments","floor":23,"key":"SMITH"},{"data":"Offering","floor":32,"key":"SMITH"}],"circlet_count":0,"master_deck":["AscendersBane","Defend_R+1","Defend_R+1","Defend_R+1","Defend_R+1","Bash","Body Slam+1","Pummel","Shrug It Off","Armaments+1","Flame Barrier","Fire Breathing+1","Ghostly Armor","Feed","Power Through","Battle Trance","Offering+1"],"relics":["Burning Blood","NeowsBlessing","Happy Flower","Bag of Preparation","The Courier","PreservedInsect","Mark of Pain","Darkstone Periapt","Shuriken","Red Mask"],"acts_visited":["Exordium","TheCity"],"potions_floor_usage":[18,33],"damage_taken":[{"damage":0,"enemies":"Cultist","floor":1,"turns":1},{"damage":0,"enemies":"Gremlin Nob","floor":6,"turns":1},{"damage":0,"enemies":"2 Louse","floor":8,"turns":1},{"damage":37,"enemies":"3 Sentries","floor":10,"turns":14},{"damage":3,"enemies":"Small Slimes","floor":12,"turns":5},{"damage":1,"enemies":"Looter","floor":14,"turns":3},{"damage":38,"enemies":"Hexaghost","floor":16,"turns":13},{"damage":0,"enemies":"2 Thieves","floor":18,"turns":4},{"damage":14,"enemies":"Spheric Guardian","floor":19,"turns":6},{"damage":5,"enemies":"Centurion and Healer","floor":22,"turns":8},{"damage":21,"enemies":"Snake Plant","floor":24,"turns":5},{"damage":36,"enemies":"Book of Stabbing","floor":25,"turns":6},{"damage":11,"enemies":"Masked Bandits","floor":28,"turns":4},{"damage":20,"enemies":"Cultist and Chosen","floor":29,"turns":6},{"damage":52,"enemies":"Champ","floor":33,"turns":13}],"seed_played":"-5382259031556588633","potions_obtained":[{"floor":1,"key":"FairyPotion"},{"floor":14,"key":"ColorlessPotion"},{"floor":19,"key":"PowerPotion"},{"floor":24,"key":"LiquidBronze"},{"floor":29,"key":"BloodPotion"}],"is_trial":false,"path_per_floor":["M","$","?","?","?","E","$","M","T","E","$","M","R","M","R","B",null,"M","M","?","?","M","R","M","E","T","$","?","M","$","?","R","B"],"character_chosen":"IRONCLAD","items_purchased":[],"campfire_rested":0,"item_purchase_floors":[],"current_hp_per_floor":[74,74,74,74,56,62,62,68,68,37,37,40,40,45,45,13,60,69,61,61,61,66,66,51,21,21,21,19,35,35,35,35,0,0],"gold":56,"neow_bonus":"THREE_ENEMY_KILL","is_daily":false,"chose_seed":false,"campfire_upgraded":4,"win_rate":0.0,"timestamp":1608358293,"path_taken":["M","$","?","?","?","E","?","?","T","E","$","M","R","M","R","BOSS","M","M","?","?","M","R","M","E","T","$","?","?","$","?","R","BOSS"],"items_purchased_type":[],"build_version":"2020-12-13","purchased_purges":4,"victory":false,"max_hp_per_floor":[75,75,75,75,75,75,75,75,75,75,75,75,75,75,75,75,75,78,78,78,78,82,82,82,82,82,82,85,89,89,89,89,89,89],"relic_stats":{"Darkstone Periapt":0,"Happy Flower":[29],"counters":[15,90],"Shuriken":[0],"PreservedInsect":43,"Bag of Preparation":[26],"obtain_stats":[{"Darkstone Periapt":25,"NeowsBlessing":0,"Happy Flower":5,"Shuriken":26,"The Courier":9,"PreservedInsect":10,"Mark of Pain":17,"Bag of Preparation":6,"Red Mask":28,"Burning Blood":0},{"Darkstone Periapt":12,"NeowsBlessing":0,"Happy Flower":1,"Shuriken":12,"The Courier":3,"PreservedInsect":4,"Mark of Pain":7,"Bag of Preparation":2,"Red Mask":13,"Burning Blood":0},{"Darkstone Periapt":67,"NeowsBlessing":0,"Happy Flower":1,"Shuriken":67,"The Courier":3,"PreservedInsect":17,"Mark of Pain":38,"Bag of Preparation":2,"Red Mask":71,"Burning Blood":0}],"Burning Blood":84},"card_choices":[{"not_picked":["Metallicize","Dual Wield"],"picked":"Body Slam","floor":1},{"not_picked":["Reckless Charge","Perfected Strike"],"picked":"Shrug It Off","floor":6},{"not_picked":["Body Slam","Searing Blow"],"picked":"Armaments","floor":8},{"not_picked":["Corruption","Carnage"],"picked":"Flame Barrier","floor":10},{"not_picked":["Cleave","Feel No Pain"],"picked":"Fire Breathing","floor":12},{"not_picked":["Pommel Strike","Heavy Blade"],"picked":"Ghostly Armor","floor":14},{"not_picked":["Juggernaut","Brutality"],"picked":"Feed","floor":16},{"not_picked":["Carnage","Anger+1","Pummel+1"],"picked":"SKIP","floor":18},{"not_picked":["Body Slam","Infernal Blade+1","Iron Wave"],"picked":"SKIP","floor":19},{"not_picked":["Body Slam","Flex","Armaments"],"picked":"SKIP","floor":22},{"not_picked":["Combust","Perfected Strike","Whirlwind"],"picked":"SKIP","floor":24},{"not_picked":["Inflame","Seeing Red"],"picked":"Battle Trance","floor":25},{"not_picked":["Dropkick+1","Perfected Strike"],"picked":"Offering","floor":29}],"player_experience":526780,"relics_obtained":[{"floor":6,"key":"Bag of Preparation"},{"floor":9,"key":"The Courier"},{"floor":10,"key":"PreservedInsect"},{"floor":25,"key":"Darkstone Periapt"},{"floor":26,"key":"Shuriken"},{"floor":28,"key":"Red Mask"}],"event_choices":[{"damage_healed":0,"gold_gain":0,"cards_transformed":["Strike_R"],"player_choice":"Change","damage_taken":0,"max_hp_gain":0,"max_hp_loss":0,"event_name":"Living Wall","floor":3,"gold_loss":0,"cards_obtained":["Pummel"]},{"damage_healed":0,"gold_gain":0,"player_choice":"Leave","damage_taken":0,"max_hp_gain":0,"max_hp_loss":0,"event_name":"The Cleric","floor":4,"gold_loss":0},{"damage_healed":0,"gold_gain":0,"player_choice":"Success","damage_taken":18,"relics_obtained":["Happy Flower"],"max_hp_gain":0,"max_hp_loss":0,"event_name":"Scrap Ooze","floor":5,"gold_loss":0},{"damage_healed":0,"gold_gain":0,"player_choice":"Read","damage_taken":0,"max_hp_gain":0,"max_hp_loss":0,"event_name":"The Library","floor":20,"gold_loss":0,"cards_obtained":["Power Through"]},{"damage_healed":0,"gold_gain":50,"player_choice":"Stole From Cult","damage_taken":0,"max_hp_gain":0,"max_hp_loss":0,"event_name":"Nest","floor":21,"gold_loss":0},{"damage_healed":0,"gold_gain":0,"player_choice":"Fought Bandits","damage_taken":0,"max_hp_gain":0,"max_hp_loss":0,"event_name":"Masked Bandits","floor":28,"gold_loss":0},{"damage_healed":0,"gold_gain":0,"player_choice":"Simplicity","damage_taken":0,"max_hp_gain":0,"max_hp_loss":0,"event_name":"Back to Basics","floor":31,"gold_loss":0,"cards_upgraded":["Defend_R","Defend_R","Defend_R","Defend_R"]}],"is_beta":false,"boss_relics":[{"not_picked":["Tiny House","Black Blood"],"picked":"Mark of Pain"}],"items_purged_floors":[2,11,27,30],"is_endless":false,"potions_floor_spawned":[1,14,16,19,24,29],"killed_by":"Champ","ascension_level":20}}