{"host":"4qkvkh7pd9qr2mca","time":1608400325,"event":{"mods":["AchievementEnabler","BaseMod","Colored Map","Colored Powertips","Highlight Path","Minty Spire (QoL Compilation)","Permanent Neow","Quick Restart","StSLib","SuperFastMode"],"gold_per_floor":[12,26,26,39,39,39,52,52,52,71,107,131,131,131,131],"floor_reached":14,"playtime":430,"items_purged":[],"score":184,"play_id":"76a92402-4a30-46b4-bb96-4b2dbee0db09","local_time":"20201219185205","is_ascension_mode":true,"campfire_choices":[{"floor":6,"key":"DIG"},{"floor":8,"key":"DIG"}],"circlet_count":0,"master_deck":["AscendersBane","Strike_R","Strike_R","Strike_R","Strike_R","Strike_R","Defend_R","Defend_R","Defend_R","Defend_R","Bash","Wild Strike","Rampage","True Grit","Rage","Clothesline","Feed","Headbutt","Feed+1"],"relics":["Burning Blood","Shovel","Golden Idol","Bottled Lightning","Oddly Smooth Stone","Meat on the Bone","Dream Catcher"],"acts_visited":["Exordium"],"potions_floor_usage":[11],"damage_taken":[{"damage":19,"enemies":"Jaw Worm","floor":1,"turns":4},{"damage":4,"enemies":"Small Slimes","floor":2,"turns":4},{"damage":0,"enemies":"Cultist","floor":4,"turns":2},{"damage":9,"enemies":"2 Fungi Beasts","floor":7,"turns":4},{"damage":5,"enemies":"Looter","floor":10,"turns":3},{"damage":26,"enemies":"Gremlin Nob","floor":11,"turns":4},{"damage":0,"enemies":"3 Louse","floor":12,"turns":4},{"damage":56,"enemies":"3 Sentries","floor":14,"turns":13}],"seed_played":"3283948589880381139","potions_obtained":[{"floor":4,"key":"Weak Potion"},{"floor":10,"key":"Energy Potion"}],"is_trial":false,"path_per_floor":["M","M","?","M","?","R","M","R","T","M","E","M","?","E"],"character_chosen":"IRONCLAD","items_purchased":[],"campfire_rested":0,"item_purchase_floors":[],"current_hp_per_floor":[55,57,57,63,63,63,60,60,60,61,41,50,50,0,0],"gold":131,"neow_bonus":"ONE_RARE_RELIC","is_daily":false,"chose_seed":false,"campfire_upgraded":0,"win_rate":0.0,"timestamp":1608400325,"path_taken":["M","M","?","M","?","R","M","R","T","M","E","?","?","E"],"items_purchased_type":[],"build_version":"2020-12-13","purchased_purges":0,"victory":false,"max_hp_per_floor":[75,75,68,68,68,68,68,68,68,68,68,71,71,75,75],"card_choices":[{"not_picked":["Armaments","True Grit"],"picked":"Wild Strike","floor":1},{"not_picked":["Clash","Cleave"],"picked":"Rampage","floor":2},{"not_picked":["Havoc","Body Slam"],"picked":"True Grit","floor":4},{"not_picked":["Havoc","Wild Strike"],"picked":"Clothesline","floor":7},{"not_picked":["Carnage","Dual Wield"],"picked":"Feed","floor":10},{"not_picked":["Thunderclap","Perfected Strike"],"picked":"Headbutt","floor":11},{"not_picked":["Shrug It Off","Perfected Strike"],"picked":"Feed","floor":12}],"player_experience":455807,"relics_obtained":[{"floor":6,"key":"Bottled Lightning"},{"floor":8,"key":"Oddly Smooth Stone"},{"floor":9,"key":"Meat on the Bone"},{"floor":11,"key":"Dream Catcher"}],"event_choices":[{"damage_healed":0,"gold_gain":0,"player_choice":"Lose Max HP","damage_taken":0,"relics_obtained":["Golden Idol"],"max_hp_gain":0,"max_hp_loss":7,"event_name":"Golden Idol","floor":3,"gold_loss":0},{"damage_healed":0,"gold_gain":0,"player_choice":"1 cards matched","damage_taken":0,"max_hp_gain":0,"max_hp_loss":0,"event_name":"Match and Keep!","floor":5,"gold_loss":0,"cards_obtained":["Rage"]},{"damage_healed":0,"gold_gain":0,"player_choice":"Grow","damage_taken":0,"max_hp_gain":0,"max_hp_loss":0,"event_name":"Living Wall","floor":13,"gold_loss":0,"cards_upgraded":["Feed"]}],"is_beta":false,"boss_relics":[],"items_purged_floors":[],"is_endless":false,"potions_floor_spawned":[4,10],"killed_by":"3 Sentries","ascension_level":20}}