{"host":"bxn2em57qlx5u4i0","time":1608360092,"event":{"mods":["BaseMod","Colored Map","Colored Powertips","Highlight Path","Minty Spire (QoL Compilation)","Random Character Button","Relic Sorter","Relic Stats","StSLib","SuperFastMode"],"gold_per_floor":[118,43,53,10,10,42,72,98,98,128,128,3,3,15,15,93,93,104,104,104,104,117,117,151,151,151,180,180,190,220,234,234,308,308,323,340,19,33,43,78,88,105,105,119,145,155,155,55,55,55,55,55,55,1,36,36],"floor_reached":57,"playtime":1975,"items_purged":["Strike_G+1","Strike_G+1"],"score":3155,"play_id":"3f8369e6-1299-45b1-a2fa-2e7a528732ba","local_time":"20201219014132","is_ascension_mode":true,"campfire_choices":[{"floor":11.0,"key":"REST"},{"data":"Catalyst","floor":13.0,"key":"SMITH"},{"data":"Deadly Poison","floor":15.0,"key":"SMITH"},{"data":"Corpse Explosion","floor":23.0,"key":"SMITH"},{"floor":25.0,"key":"DIG"},{"data":"Catalyst","floor":32.0,"key":"SMITH"},{"floor":47.0,"key":"RECALL"},{"data":"Calculated Gamble","floor":49.0,"key":"SMITH"},{"floor":53,"key":"DIG"}],"circlet_count":0,"master_deck":["AscendersBane","Strike_G+1","Strike_G+1","Defend_G+1","Defend_G+1","Defend_G+1","Defend_G+1","Defend_G+1","Survivor","Neutralize","Deadly Poison+1","Leg Sweep+1","Catalyst+1","Predator","Footwork+1","Blur","Corpse Explosion+1","Deadly Poison","PiercingWail","After Image+1","Catalyst+1","Concentrate+1","Calculated Gamble+1","Footwork+1"],"relics":["Ring of the Snake","NeowsBlessing","Frozen Egg 2","Paper Crane","Shovel","Meat on the Bone","Orichalcum","Regal Pillow","Velvet Choker","Bag of Preparation","Bronze Scales","Ancient Tea Set","Singing Bowl","Pantograph","Runic Pyramid","Oddly Smooth Stone","Dream Catcher","Strawberry","Letter Opener","Pen Nib"],"acts_visited":["Exordium","TheCity","TheBeyond","TheEnding"],"potions_floor_usage":[50,51,56],"damage_taken":[{"damage":0.0,"enemies":"2 Louse","floor":1.0,"turns":1.0},{"damage":0.0,"enemies":"Jaw Worm","floor":3.0,"turns":1.0},{"damage":0.0,"enemies":"Gremlin Nob","floor":6.0,"turns":1.0},{"damage":41.0,"enemies":"3 Sentries","floor":8.0,"turns":15.0},{"damage":10.0,"enemies":"Gremlin Nob","floor":10.0,"turns":4.0},{"damage":1.0,"enemies":"Small Slimes","floor":14.0,"turns":5.0},{"damage":12.0,"enemies":"Hexaghost","floor":16.0,"turns":10.0},{"damage":3.0,"enemies":"Chosen","floor":18.0,"turns":4.0},{"damage":0.0,"enemies":"Shell Parasite","floor":22.0,"turns":5.0},{"damage":9.0,"enemies":"Book of Stabbing","floor":24.0,"turns":7.0},{"damage":26.0,"enemies":"Slavers","floor":27.0,"turns":2.0},{"damage":0.0,"enemies":"Snake Plant","floor":29.0,"turns":5.0},{"damage":38.0,"enemies":"Gremlin Leader","floor":30.0,"turns":8.0},{"damage":0.0,"enemies":"Centurion and Healer","floor":31.0,"turns":3.0},{"damage":0.0,"enemies":"Champ","floor":33.0,"turns":11.0},{"damage":0.0,"enemies":"3 Darklings","floor":35.0,"turns":4.0},{"damage":0.0,"enemies":"3 Shapes","floor":36.0,"turns":3.0},{"damage":0.0,"enemies":"Spire Growth","floor":38.0,"turns":4.0},{"damage":0.0,"enemies":"Maw","floor":39.0,"turns":5.0},{"damage":0.0,"enemies":"Giant Head","floor":40.0,"turns":5.0},{"damage":0.0,"enemies":"4 Shapes","floor":41.0,"turns":5.0},{"damage":0.0,"enemies":"Jaw Worm Horde","floor":42.0,"turns":3.0},{"damage":0.0,"enemies":"Writhing Mass","floor":44.0,"turns":5.0},{"damage":0.0,"enemies":"Nemesis","floor":45.0,"turns":5.0},{"damage":4.0,"enemies":"Transient","floor":46.0,"turns":6.0},{"damage":18,"enemies":"Time Eater","floor":50,"turns":5},{"damage":0,"enemies":"Awakened One","floor":51,"turns":21},{"damage":16,"enemies":"Shield and Spear","floor":55,"turns":5},{"damage":20,"enemies":"The Heart","floor":56,"turns":7}],"seed_played":"5165780689610769907","potions_obtained":[{"floor":6.0,"key":"SteroidPotion"},{"floor":8.0,"key":"Poison Potion"},{"floor":10.0,"key":"BlessingOfTheForge"},{"floor":18.0,"key":"Strength Potion"},{"floor":29.0,"key":"Regen Potion"},{"floor":30.0,"key":"Energy Potion"},{"floor":38.0,"key":"SkillPotion"}],"is_trial":false,"path_per_floor":["M","?","M","$","?","E","?","E","T","E","R","$","R","M","R","B",null,"M","?","?","?","M","R","E","R","T","E","?","M","E","M","R","B",null,"M","M","$","M","M","E","M","M","T","M","E","M","R","$","R","B","B",null,"R","$","E","B",null],"character_chosen":"THE_SILENT","items_purchased":["Catalyst","Footwork+1","Blur","Oddly Smooth Stone","Calculated Gamble","Block Potion"],"campfire_rested":1,"item_purchase_floors":[4,12,12,37,37,54],"current_hp_per_floor":[59,59,59,59,54,54,54,13,13,15,49,49,49,48,48,36,59,56,56,56,56,56,56,47,47,47,35,35,37,26,40,40,67,72,74,74,74,76,78,80,80,82,82,84,93,91,91,91,91,79,97,97,97,97,83,79],"gold":36,"neow_bonus":"THREE_ENEMY_KILL","is_daily":false,"chose_seed":false,"campfire_upgraded":5,"win_rate":0.0,"timestamp":1608360092,"path_taken":["M","?","M","?","?","E","?","E","T","E","R","$","R","?","R","BOSS","M","?","?","?","?","R","E","R","T","E","?","M","E","M","R","BOSS","M","M","$","M","M","E","M","M","T","M","E","M","R","$","R","BOSS","BOSS","R","$","E","BOSS"],"items_purchased_type":["Card","Card","Card","Relic","Card","Potion"],"build_version":"2020-12-13","purchased_purges":2,"victory":true,"max_hp_per_floor":[66,66,66,66,66,66,66,66,66,66,66,66,66,66,66,66,66,66,66,66,66,66,66,66,66,66,68,68,70,70,72,72,74,74,76,76,76,78,80,82,82,84,84,86,95,97,97,97,97,97,97,97,97,97,99,99],"relic_stats":{"Regal Pillow":15,"Singing Bowl":26,"counters":[29,165],"Pen Nib":[0],"Bag of Preparation":[38],"Letter Opener":[35],"Orichalcum":[72],"Dream Catcher":0,"Shovel":2,"Bronze Scales":[453],"Pantograph":65,"obtain_stats":[{"Regal Pillow":10,"NeowsBlessing":0,"Singing Bowl":27,"Velvet Choker":17,"Oddly Smooth Stone":37,"Pen Nib":55,"Bag of Preparation":24,"Letter Opener":53,"Frozen Egg 2":5,"Paper Crane":6,"Orichalcum":9,"Ancient Tea Set":26,"Dream Catcher":40,"Shovel":7,"Bronze Scales":25,"Pantograph":30,"Strawberry":45,"Ring of the Snake":0,"Meat on the Bone":8,"Runic Pyramid":34},{"Regal Pillow":5,"NeowsBlessing":0,"Singing Bowl":11,"Velvet Choker":7,"Oddly Smooth Stone":17,"Pen Nib":28,"Bag of Preparation":10,"Letter Opener":27,"Frozen Egg 2":2,"Paper Crane":3,"Orichalcum":4,"Ancient Tea Set":10,"Dream Catcher":20,"Shovel":3,"Bronze Scales":10,"Pantograph":13,"Strawberry":24,"Ring of the Snake":0,"Meat on the Bone":4,"Runic Pyramid":15},{"Regal Pillow":22,"NeowsBlessing":0,"Singing Bowl":55,"Velvet Choker":37,"Oddly Smooth Stone":89,"Pen Nib":158,"Bag of Preparation":53,"Letter Opener":153,"Frozen Egg 2":2,"Paper Crane":3,"Orichalcum":18,"Ancient Tea Set":53,"Dream Catcher":103,"Shovel":3,"Bronze Scales":53,"Pantograph":68,"Strawberry":121,"Ring of the Snake":0,"Meat on the Bone":18,"Runic Pyramid":82}],"Ring of the Snake":[58],"Meat on the Bone":48},"card_choices":[{"not_picked":["Flying Knee","Escape Plan"],"picked":"Deadly Poison","floor":1.0},{"not_picked":["Endless Agony","Prepared"],"picked":"Leg Sweep","floor":3.0},{"not_picked":["Outmaneuver","Blade Dance","Terror"],"picked":"SKIP","floor":6.0},{"not_picked":["Prepared","Infinite Blades+1"],"picked":"Predator","floor":8.0},{"not_picked":["Venomology","Distraction","Slice"],"picked":"SKIP","floor":10.0},{"not_picked":["Concentrate","Flechettes","Dagger Throw"],"picked":"SKIP","floor":14.0},{"not_picked":["Grand Finale","Envenom+1"],"picked":"Corpse Explosion","floor":16.0},{"not_picked":["Finisher","Reflex"],"picked":"Deadly Poison","floor":18.0},{"not_picked":["Acrobatics","Dagger Throw","Calculated Gamble"],"picked":"SKIP","floor":22.0},{"not_picked":["Outmaneuver","Masterful Stab","Skewer"],"picked":"SKIP","floor":24.0},{"not_picked":["Concentrate","Sucker Punch","Heel Hook"],"picked":"Singing Bowl","floor":27.0},{"not_picked":["All Out Attack","Dagger Throw","Finisher"],"picked":"Singing Bowl","floor":29.0},{"not_picked":["Bane","Tactician"],"picked":"Catalyst","floor":30.0},{"not_picked":["Bane","Cloak And Dagger+1","Riddle With Holes"],"picked":"Singing Bowl","floor":31.0},{"not_picked":["Bullet Time","Envenom+1","Grand Finale"],"picked":"Singing Bowl","floor":33.0},{"not_picked":["Outmaneuver","Backflip+1","Flying Knee"],"picked":"Singing Bowl","floor":35.0},{"not_picked":["Quick Slash+1","Blade Dance+1"],"picked":"Concentrate+1","floor":36.0},{"not_picked":["PiercingWail","Reflex","Setup"],"picked":"Singing Bowl","floor":38.0},{"not_picked":["Sucker Punch+1","Accuracy+1","Dodge and Roll"],"picked":"Singing Bowl","floor":39.0},{"not_picked":["Blade Dance","Dagger Throw","Acrobatics+1"],"picked":"Singing Bowl","floor":40.0},{"not_picked":["Infinite Blades+1","Crippling Poison"],"picked":"Footwork+1","floor":41.0},{"not_picked":["Sucker Punch+1","Bouncing Flask","Accuracy+1"],"picked":"Singing Bowl","floor":42.0},{"not_picked":["Leg Sweep+1","Poisoned Stab","Bane"],"picked":"Singing Bowl","floor":44.0},{"not_picked":["Outmaneuver","Acrobatics+1","Riddle With Holes"],"picked":"Singing Bowl","floor":45.0},{"not_picked":["Dagger Throw","Infinite Blades+1","Escape Plan+1"],"picked":"Singing Bowl","floor":46.0},{"not_picked":["Finisher+1","Underhanded Strike","Skewer+1"],"picked":"Singing Bowl","floor":55}],"player_experience":2813420,"relics_obtained":[{"floor":6.0,"key":"Paper Crane"},{"floor":8.0,"key":"Meat on the Bone"},{"floor":9.0,"key":"Orichalcum"},{"floor":10.0,"key":"Regal Pillow"},{"floor":24.0,"key":"Bag of Preparation"},{"floor":25.0,"key":"Bronze Scales"},{"floor":26.0,"key":"Ancient Tea Set"},{"floor":27.0,"key":"Singing Bowl"},{"floor":30.0,"key":"Pantograph"},{"floor":40.0,"key":"Dream Catcher"},{"floor":45.0,"key":"Strawberry"},{"floor":53,"key":"Letter Opener"},{"floor":55,"key":"Pen Nib"}],"event_choices":[{"cards_removed":["Strike_G"],"damage_healed":0.0,"max_hp_gain":0.0,"max_hp_loss":0.0,"gold_gain":0.0,"event_name":"The Cleric","player_choice":"Card Removal","floor":2.0,"gold_loss":75.0,"damage_taken":0.0},{"damage_healed":0.0,"max_hp_gain":0.0,"max_hp_loss":0.0,"gold_gain":0.0,"event_name":"Scrap Ooze","player_choice":"Success","floor":5.0,"gold_loss":0.0,"damage_taken":5.0,"relics_obtained":["Frozen Egg 2"]},{"damage_healed":0.0,"max_hp_gain":0.0,"max_hp_loss":0.0,"gold_gain":30.0,"event_name":"Dead Adventurer","player_choice":"Searched \u00273\u0027 times","floor":7.0,"gold_loss":0.0,"damage_taken":0.0,"relics_obtained":["Shovel"]},{"damage_healed":0.0,"max_hp_gain":0.0,"max_hp_loss":0.0,"gold_gain":0.0,"event_name":"The Library","player_choice":"Read","floor":19.0,"gold_loss":0.0,"damage_taken":0.0,"cards_obtained":["PiercingWail"]},{"damage_healed":0.0,"max_hp_gain":0.0,"max_hp_loss":0.0,"gold_gain":0.0,"event_name":"Back to Basics","player_choice":"Simplicity","floor":20.0,"gold_loss":0.0,"damage_taken":0.0,"cards_upgraded":["Strike_G","Strike_G","Strike_G","Strike_G","Defend_G","Defend_G","Defend_G","Defend_G","Defend_G"]},{"damage_healed":0.0,"max_hp_gain":0.0,"max_hp_loss":0.0,"gold_gain":0.0,"event_name":"Match and Keep!","player_choice":"1 cards matched","floor":21.0,"gold_loss":0.0,"damage_taken":0.0,"cards_obtained":["After Image"]},{"damage_healed":0.0,"max_hp_gain":0.0,"max_hp_loss":0.0,"gold_gain":0.0,"event_name":"Upgrade Shrine","player_choice":"Upgraded","floor":28.0,"gold_loss":0.0,"damage_taken":0.0,"cards_upgraded":["Leg Sweep"]}],"is_beta":false,"boss_relics":[{"not_picked":["Tiny House","SlaversCollar"],"picked":"Velvet Choker"},{"not_picked":["Runic Dome","Astrolabe"],"picked":"Runic Pyramid"}],"items_purged_floors":[37,48],"is_endless":false,"potions_floor_spawned":[6,8,10,18,29,30,33,38,40,42,45,46],"ascension_level":20}}