{"host":"gbop6m4qugddaz18","time":1608358818,"event":{"mods":["2.2 Compatiblity","BaseMod","Better Third Choice","Block Reminder","Downfall","GifTheSpireLib","Highlight Path","Minty Spire (QoL Compilation)","Replay The Spire","StSLib"],"gold_per_floor":[99,125,125,125,10,40,40,67,83,83,183,199,199,213,229,328,378,378,392,392,392,492,506,506,506,539,539,639,687,78,78,93,198,198,198,213,242,257,276,289,312,332,332,359,373,386,451,464,482,482],"floor_reached":51,"playtime":5047,"items_purged":[],"score":1259,"play_id":"f0f0405e-5251-44e8-a219-40462b651256","local_time":"20201219012018","is_ascension_mode":true,"campfire_choices":[{"data":"Guardian:TwinSlam","floor":1,"key":"SMITH"},{"data":"Guardian:Strike_Guardian","floor":3,"key":"SMITH"},{"floor":10,"key":"REST"},{"data":"Guardian:ArmoredProtocol","floor":25,"key":"SMITH"},{"floor":27,"key":"REST"},{"floor":35,"key":"REST"},{"floor":43,"key":"REST"}],"circlet_count":0,"master_deck":["Guardian:Strike_Guardian+1","Guardian:Strike_Guardian","Guardian:Strike_Guardian+1","Guardian:Strike_Guardian","Guardian:Defend_Guardian","Guardian:Defend_Guardian","Guardian:Defend_Guardian+1","Guardian:Defend_Guardian","Guardian:CurlUp","Guardian:TwinSlam+1","Guardian:Planning","Guardian:Recover","Guardian:Gem_Lightblue","Guardian:EvasiveProtocol","Guardian:TemporalStrike","Guardian:BronzeArmor","Guardian:BronzeOrb","Guardian:PiercingHide+1","Guardian:TemporalStrike","Guardian:PrimingBeam","Guardian:Reroute+1","Guardian:Planning","Guardian:RevengeProtocol+1","Guardian:EvasiveProtocol+1","Guardian:TemporalShield","Guardian:Gem_Crimson","Ghostly","Ghostly","Ghostly","Ghostly","Ghostly","Guardian:ArmoredProtocol+1","Guardian:TimeBomb+1","Guardian:WalkerClaw","Guardian:RollAttack+1","Guardian:Reroute","Guardian:StasisEngine+1","Guardian:TemporalStrike","Guardian:SpikerProtocol+1","Guardian:StasisEngine","Guardian:Gem_Lightblue","Guardian:Gem_Crimson","Guardian:Gem_Orange","Guardian:Gem_Red","Guardian:Gem_White","Writhe","Injury","Writhe","Guardian:ArmoredProtocol+1","Guardian:ShieldCharger+1","Guardian:TimeCapacitor+1","Guardian:CompilePackage","Guardian:Gem_Red","Guardian:Gem_Crimson","Guardian:Suspension+1","Guardian:Gem_Crimson","Guardian:Emergency+1","Guardian:Gem_Purple","Guardian:TimeCapacitor","Guardian:SpikerProtocol+1","Guardian:RevengeProtocol","Guardian:Recover"],"relics":["Guardian:ModeShifter","downfall:HeartsMalice","Du-Vu Doll","ReplayTheSpireMod:TigerMarble","Dream Catcher","Ancient Tea Set","Tiny House","downfall:GremlinWheel","Whetstone","Replay:Mystery Machine","Mummified Hand","Replay:Multitool","ReplayTheSpireMod:Ninjato","Oddly Smooth Stone","Guardian:StasisCodex","Guide Book","Replay:Ancient Bell","Blood Vial","Onion Ring","Guardian:SackOfGems","Anchor","Blue Doll","Replay:Rubber Ducky","Replay:Bottled Steam"],"acts_visited":["Exordium","TheCity","TheBeyond"],"potions_floor_usage":[16,16,16,16,22,23,33,36,50,50,50,50],"damage_taken":[{"damage":0,"enemies":"Gremlin Nob","floor":2,"turns":1},{"damage":0,"enemies":"Jaw Worm","floor":4,"turns":1},{"damage":0,"enemies":"downfall:FleeingMerchant","floor":5,"turns":1},{"damage":25,"enemies":"Lagavulin","floor":6,"turns":8},{"damage":14,"enemies":"3 Sentries","floor":8,"turns":10},{"damage":3,"enemies":"Small Slimes","floor":9,"turns":3},{"damage":0,"enemies":"Cultist","floor":12,"turns":4},{"damage":0,"enemies":"Blue Slaver","floor":14,"turns":2},{"damage":0,"enemies":"Large Slime","floor":15,"turns":5},{"damage":52,"enemies":"downfall:Defect","floor":16,"turns":10},{"damage":0,"enemies":"Chosen","floor":19,"turns":3},{"damage":0,"enemies":"Chosen","floor":22,"turns":5},{"damage":0,"enemies":"3 Byrds","floor":23,"turns":4},{"damage":17,"enemies":"Slavers","floor":26,"turns":6},{"damage":9,"enemies":"downfall:Silent","floor":28,"turns":8},{"damage":0,"enemies":"downfall:FleeingMerchant","floor":30,"turns":4},{"damage":4,"enemies":"Shelled Parasite and Fungi","floor":32,"turns":4},{"damage":0,"enemies":"downfall:Ironclad","floor":33,"turns":7},{"damage":18,"enemies":"3 Darklings","floor":36,"turns":4},{"damage":0,"enemies":"Giant Head","floor":37,"turns":7},{"damage":0,"enemies":"Orb Walker","floor":38,"turns":5},{"damage":0,"enemies":"Transient","floor":39,"turns":5},{"damage":0,"enemies":"Jaw Worm Horde","floor":40,"turns":4},{"damage":0,"enemies":"Sphere and 2 Shapes","floor":42,"turns":3},{"damage":6,"enemies":"Reptomancer","floor":44,"turns":4},{"damage":0,"enemies":"Writhing Mass","floor":45,"turns":3},{"damage":0,"enemies":"3 Darklings","floor":46,"turns":7},{"damage":0,"enemies":"4 Shapes","floor":48,"turns":3},{"damage":0,"enemies":"Transient","floor":49,"turns":5},{"damage":0,"enemies":"downfall:Watcher","floor":50,"turns":4}],"seed_played":"-4477753221492012308","potions_obtained":[{"floor":2,"key":"EntropicBrew"},{"floor":9,"key":"PowerPotion"},{"floor":16,"key":"FearPotion"},{"floor":17,"key":"EssenceOfSteel"},{"floor":19,"key":"Swift Potion"},{"floor":28,"key":"Elixir"},{"floor":33,"key":"Fruit Juice"},{"floor":37,"key":"FearPotion"},{"floor":44,"key":"Cursed Concoction"},{"floor":45,"key":"EntropicBrew"},{"floor":47,"key":"hexamod:EctoCoolerPotion"}],"is_trial":false,"path_per_floor":["R","E","R","M","$","E","T","E","M","R","?","M","?","M","M","B",null,"R","M","?","?","?","M","T","R","E","R","?","T","$","?","M","B",null,"R","M","E","M","M","M","T","M","R","E","M","M","?","M","M","B",null],"character_chosen":"GUARDIAN","items_purchased":["Guardian:EvasiveProtocol","Guardian:TemporalStrike","Guardian:StasisCodex","Guardian:StasisEngine","Guide Book","Guardian:TemporalStrike"],"campfire_rested":4,"item_purchase_floors":[5,5,30,30,30,30],"current_hp_per_floor":[72,72,72,72,72,47,47,33,30,54,54,54,54,54,54,2,66,85,85,85,42,42,42,42,42,25,37,28,28,28,20,16,16,36,42,29,31,33,35,37,37,39,47,41,43,45,45,47,47,47],"gold":482,"neow_bonus":"THREE_ENEMY_KILL","is_daily":false,"chose_seed":false,"campfire_upgraded":3,"win_rate":0.0,"timestamp":1608358818,"path_taken":["R","E","R","M","$","E","T","E","M","R","?","M","?","M","M","BOSS","R","M","?","?","?","?","T","R","E","R","?","?","$","?","M","BOSS","R","M","E","M","M","?","T","M","R","E","M","M","?","M","M","BOSS"],"items_purchased_type":["Card","Card","Relic","Card","Relic","Card"],"build_version":"2020-12-13","purchased_purges":0,"victory":true,"max_hp_per_floor":[80,80,80,80,80,80,80,80,80,80,80,80,80,80,80,80,85,85,85,85,42,42,42,42,42,42,42,42,42,42,42,42,42,42,42,47,47,47,47,47,47,47,47,47,47,47,47,47,47,47],"card_choices":[{"not_picked":["Guardian:Gem_Purple","Guardian:TimeBomb"],"picked":"Guardian:Planning","floor":2},{"not_picked":["Guardian:RefractedBeam","Guardian:ShieldSpikes"],"picked":"Guardian:Recover","floor":4},{"not_picked":["Guardian:CrystalBeam","Guardian:Gem_White"],"picked":"Guardian:Gem_Lightblue","floor":5},{"not_picked":["Guardian:Suspension","Guardian:ConstructionForm"],"picked":"Guardian:BronzeArmor","floor":6},{"not_picked":["Guardian:Gem_White","Guardian:DecasProtection"],"picked":"Guardian:BronzeOrb","floor":8},{"not_picked":["Guardian:RollAttack","Guardian:ArmoredProtocol"],"picked":"Guardian:PiercingHide","floor":9},{"not_picked":["Guardian:PrimingBeam","Guardian:VentSteam"],"picked":"Guardian:TemporalStrike","floor":10},{"not_picked":["Guardian:DecasProtection","Guardian:TemporalShield"],"picked":"Guardian:PrimingBeam","floor":12},{"not_picked":["Guardian:ChargeUp","Guardian:Gem_Red"],"picked":"Guardian:Reroute","floor":14},{"not_picked":["Guardian:Clone","Guardian:PrismaticBeam"],"picked":"Guardian:Planning","floor":15},{"not_picked":["Guardian:AncientConstruct","Guardian:ConstructionForm"],"picked":"Guardian:RevengeProtocol","floor":16},{"not_picked":["Guardian:ArmoredProtocol","Guardian:Planning"],"picked":"Guardian:EvasiveProtocol","floor":17},{"not_picked":["Guardian:PrismaticBarrier+1","Guardian:PrismaticBeam"],"picked":"Guardian:TemporalShield","floor":18},{"not_picked":["Guardian:Repulse","Guardian:Gem_Cyan"],"picked":"Guardian:Gem_Crimson","floor":19},{"not_picked":["Guardian:WalkerClaw","Guardian:Gem_Purple"],"picked":"Guardian:ArmoredProtocol","floor":23},{"not_picked":["Guardian:Planning","Guardian:Gem_Yellow"],"picked":"Guardian:TimeBomb+1","floor":26},{"not_picked":["Guardian:Recover","Guardian:Suspension+1"],"picked":"Guardian:WalkerClaw","floor":27},{"not_picked":["Guardian:PrismaticBeam","Guardian:Reroute"],"picked":"Guardian:RollAttack+1","floor":28},{"not_picked":["Guardian:WalkerClaw","Guardian:VentSteam+1"],"picked":"Guardian:Reroute","floor":30},{"not_picked":["Guardian:PrimingBeam","Guardian:HyperBeam_Guardian"],"picked":"Guardian:SpikerProtocol+1","floor":32},{"not_picked":["Guardian:HyperBeam_Guardian","Guardian:SphericShield"],"picked":"Guardian:StasisEngine","floor":33},{"not_picked":["Hallucinations","Slimebound:Icky"],"picked":"Writhe","floor":34},{"not_picked":["Parasite","sneckomod:Bewildered"],"picked":"Injury","floor":34},{"not_picked":["Pain","CurseOfTheBell"],"picked":"Writhe","floor":34},{"not_picked":["Guardian:Harden","Guardian:VentSteam+1"],"picked":"Guardian:ArmoredProtocol+1","floor":35},{"not_picked":["Guardian:Incinerate+1","Guardian:RollAttack"],"picked":"Guardian:ShieldCharger+1","floor":36},{"not_picked":["Guardian:TemporalShield+1","Guardian:ChargeCore"],"picked":"Guardian:TimeCapacitor+1","floor":37},{"not_picked":["Guardian:DecasProtection","Guardian:Preprogram+1"],"picked":"Guardian:CompilePackage","floor":38},{"not_picked":["Guardian:RollAttack","Guardian:CrystalBeam+1"],"picked":"Guardian:Gem_Red","floor":39},{"not_picked":["Guardian:Gem_Lightblue","Guardian:Gem_Cyan"],"picked":"Guardian:Gem_Crimson","floor":40},{"not_picked":["Guardian:RollAttack","Guardian:CrystalBeam+1"],"picked":"Guardian:Suspension+1","floor":42},{"not_picked":["Guardian:RefractedBeam+1","Guardian:VentSteam+1"],"picked":"Guardian:Gem_Crimson","floor":43},{"not_picked":["Guardian:Incinerate","Guardian:RefractedBeam+1"],"picked":"Guardian:Emergency+1","floor":44},{"not_picked":["Guardian:RollAttack+1","Guardian:Suspension"],"picked":"Guardian:Gem_Purple","floor":45},{"not_picked":["Guardian:Clone+1","Guardian:Suspension+1"],"picked":"Guardian:TimeCapacitor","floor":46},{"not_picked":["Guardian:TemporalStrike","Guardian:BronzeArmor"],"picked":"Guardian:SpikerProtocol+1","floor":47},{"not_picked":["Guardian:ChargeCore","Guardian:DonusPower"],"picked":"Guardian:RevengeProtocol","floor":48},{"not_picked":["Guardian:PrismaticBeam","Guardian:ChargeCore+1"],"picked":"Guardian:Recover","floor":49}],"player_experience":471201,"relics_obtained":[{"floor":2,"key":"Du-Vu Doll"},{"floor":6,"key":"ReplayTheSpireMod:TigerMarble"},{"floor":7,"key":"Dream Catcher"},{"floor":8,"key":"Ancient Tea Set"},{"floor":22,"key":"downfall:GremlinWheel"},{"floor":24,"key":"Whetstone"},{"floor":25,"key":"Replay:Mystery Machine"},{"floor":26,"key":"Mummified Hand"},{"floor":28,"key":"Replay:Multitool"},{"floor":28,"key":"ReplayTheSpireMod:Ninjato"},{"floor":29,"key":"Oddly Smooth Stone"},{"floor":37,"key":"Anchor"},{"floor":41,"key":"Blue Doll"},{"floor":44,"key":"Replay:Rubber Ducky"},{"floor":47,"key":"Replay:Bottled Steam"}],"event_choices":[{"damage_healed":0,"gold_gain":0,"player_choice":"Became a Ghost","damage_taken":0,"max_hp_gain":0,"max_hp_loss":43,"event_name":"Ghosts","floor":21,"gold_loss":0,"cards_obtained":["Ghostly","Ghostly","Ghostly","Ghostly","Ghostly"]},{"damage_healed":0,"gold_gain":0,"player_choice":"Relic","damage_taken":0,"max_hp_gain":0,"max_hp_loss":0,"event_name":"Wheel of Change","floor":25,"gold_loss":0}],"is_beta":false,"boss_relics":[{"not_picked":["Velvet Choker","Busted Crown"],"picked":"Tiny House"},{"not_picked":["ReplayTheSpireMod:DimensionalGlitch","Replay:Wanted Poster"],"picked":"Replay:Ancient Bell"},{"not_picked":["War Paint","Art of War"],"picked":"Blood Vial"},{"not_picked":["Mercury Hourglass","Quantum Egg"],"picked":"Onion Ring"},{"not_picked":["Girya","Turnip"],"picked":"Guardian:SackOfGems"}],"items_purged_floors":[],"is_endless":false,"potions_floor_spawned":[2,9,16,19,28,33,37,44,45,48,49],"ascension_level":6}}