{"host":"njruw0b0uprlitpx","time":1608345128,"event":{"mods":["2.2 Compatiblity","Astrologer","BaseMod","Better Altar","Better Note","Better Sensory Stone","Better Skull","Better Third Choice","BetterRewards","Block Reminder","Chen","Colored Map","Colored Powertips","Hermit","Jedi Mod","Keyboard Shortcuts","Minty Spire (QoL Compilation)","Quick Restart","Relic Stats","Replay The Spire","SacredBarkPlus","Spicy Shops","StSLib","SuperFastMode","The Blackbeard","The Mystic","The Problem Sleuth","The Runesmith","The Spell Scribe","Wandering Minibosses"],"gold_per_floor":[113,20,40,51,1,1,76,76,76,88,115,115,129,154,154,253,253,266,266,284,12,12,12,39,39,39,39,39,69,87,106,106,202,202,217,36,0,48,48,48,48,10,10,26,0,16,16,44,44,44],"floor_reached":51,"playtime":4370,"items_purged":["Runesmith:Strike_RS"],"score":1422,"play_id":"451fed33-68d2-454a-8541-0fad37675c44","local_time":"20201218203208","is_ascension_mode":true,"campfire_choices":[{"data":"Discovery","floor":6.0,"key":"SMITH"},{"floor":8.0,"key":"REST"},{"floor":15,"key":"REST"},{"data":"Runesmith:CraftPrismatica","floor":23,"key":"SMITH"},{"floor":25,"key":"REST"},{"floor":28,"key":"REST"},{"floor":32,"key":"REST"},{"data":"Runesmith:MetallurgicalResearch","floor":40,"key":"SMITH"},{"floor":41,"key":"REST"},{"floor":49,"key":"REST"}],"circlet_count":0,"master_deck":["Runesmith:CraftFirestone","Runesmith:Fortify","Runesmith:CraftObretio","Runesmith:Firestorm","Discovery+1","Runesmith:FrozenChisel","Runesmith:HeatExchange","Runesmith:Duplicate","Runesmith:Duplicate","Runesmith:HammerAndChisel","Runesmith:PerfectChisel","Runesmith:Attraction","Runesmith:RuneHurl","Runesmith:CraftSpiculum","Runesmith:HeatedChisel","Runesmith:ShiftingStrike","Runesmith:Grindstone","Runesmith:CraftPrismatica+1","CurseOfTheBell","Runesmith:NegativeSpace+1","Discovery+1","Runesmith:BackupBattery+1","Runesmith:PoweredAnvil","Runesmith:CraftMagma+1","J.A.X.","Runesmith:OneForEveryone","wanderingMiniBosses:FinaleOfPromise","Runesmith:EnergizedChisel+1","Runesmith:CraftIncendium","Runesmith:MetallurgicalResearch+1","Runesmith:StaticCage","Runesmith:HammerThrow","Runesmith:NegativeSpace","Runesmith:Retool","Runesmith:Retool","Runesmith:GrandSlam","Runesmith:LithiumIon","ReplayTheSpireMod:IOU","Runesmith:HammerThrow","Runesmith:EnergizedChisel","Runesmith:WhiteBalance+1"],"relics":["Runesmith:CoreCrystal","Thread and Needle","Ice Cream","Membership Card","Mango","jedi:Pinwheel","Centennial Puzzle","Juzu Bracelet","Calling Bell","Boot","Kunai","Durian","Lee\u0027s Waffle","jedi:angrymask","Gambling Chip","ReplayTheSpireMod:Lightbulb","wanderingMiniBosses:Blackblade","Replay:Grab Bag","Runesmith:UraniumAnvil","Busted Crown","Pandora\u0027s Box","Runesmith:EmergencyProvisions","Ginger","Potion Belt","Red Mask","Torii","Replay:Wax Seal","jedi:archwizardhat","HornCleat","Replay:Arrowhead"],"acts_visited":["Exordium","TheCity","TheBeyond"],"potions_floor_usage":[16,18,24,33,35,37,38,46,48,48,50],"damage_taken":[{"damage":0.0,"enemies":"Cultist","floor":1.0,"turns":3.0},{"damage":6.0,"enemies":"Jaw Worm","floor":3.0,"turns":4.0},{"damage":3.0,"enemies":"Small Slimes","floor":4.0,"turns":8.0},{"damage":5.0,"enemies":"Gremlin Gang","floor":10.0,"turns":3.0},{"damage":18,"enemies":"3 Sentries","floor":11,"turns":4},{"damage":9,"enemies":"3 Louse","floor":13,"turns":3},{"damage":6,"enemies":"Gremlin Nob","floor":14,"turns":4},{"damage":12,"enemies":"The Guardian","floor":16,"turns":10},{"damage":0,"enemies":"Spheric Guardian","floor":18,"turns":4},{"damage":20,"enemies":"3 Byrds","floor":20,"turns":3},{"damage":49,"enemies":"Gremlin Leader","floor":24,"turns":9},{"damage":62,"enemies":"Slavers","floor":29,"turns":8},{"damage":0,"enemies":"Cultist and Chosen","floor":30,"turns":7},{"damage":0,"enemies":"Centurion and Healer","floor":31,"turns":6},{"damage":3,"enemies":"Automaton","floor":33,"turns":6},{"damage":0,"enemies":"3 Shapes","floor":35,"turns":4},{"damage":13,"enemies":"2 Orb Walkers","floor":38,"turns":4},{"damage":2,"enemies":"Orb Walker","floor":44,"turns":2},{"damage":13,"enemies":"Sphere and 2 Shapes","floor":46,"turns":4},{"damage":4,"enemies":"Giant Head","floor":48,"turns":6},{"damage":20,"enemies":"Time Eater","floor":50,"turns":5}],"seed_played":"1927664667239541397","potions_obtained":[{"floor":10.0,"key":"SpeedPotion"},{"floor":11,"key":"Block Potion"},{"floor":13,"key":"Dexterity Potion"},{"floor":30,"key":"FearPotion"},{"floor":33,"key":"Weak Potion"},{"floor":38,"key":"jedi:wingpotion"},{"floor":44,"key":"Fire Potion"},{"floor":48,"key":"Block Potion"}],"is_trial":false,"path_per_floor":["M","$","M","M","$","R","?","R","T","M","E","?","M","E","R","B",null,"M","?","M","$","?","R","E","R","T","?","R","E","M","M","R","B",null,"M","$","?","?","?","R","R","$","T","M","$","M","$","E","R","B",null],"character_chosen":"RUNESMITH_CLASS","items_purchased":["Runesmith:CraftObretio","Runesmith:Firestorm","Discovery","Ice Cream","Block Potion","Runesmith:FrozenChisel","Membership Card","Runesmith:FieryHammer","Runesmith:Duplicate","Mango","Runesmith:Attraction","Runesmith:RuneHurl","Lee\u0027s Waffle","Runesmith:PoweredAnvil","CultistPotion","Adrenaline Potion","Runesmith:LithiumIon","Runesmith:EmergencyProvisions","Ginger","Potion Belt","EntropicBrew","Replay:Wax Seal","jedi:archwizardhat","Runesmith:EnergizedChisel"],"campfire_rested":7,"item_purchase_floors":[0,0,0,0,0,0,0,0,2,5,5,5,21,21,21,21,36,36,36,36,36,42,42,45],"current_hp_per_floor":[63,63,57,54,68,68,57,82,82,77,59,59,50,44,69,57,82,82,82,62,96,96,96,47,75,75,75,96,34,34,34,62,59,87,87,87,87,74,74,74,96,96,96,94,94,81,81,77,96,76],"gold":44,"neow_bonus":"","is_daily":false,"chose_seed":false,"campfire_upgraded":3,"win_rate":0.0,"timestamp":1608345128,"path_taken":["M","$","?","?","$","R","?","R","T","M","E","?","M","E","R","BOSS","M","?","M","$","?","R","E","R","T","?","R","E","M","M","R","BOSS","M","$","?","?","?","R","R","$","T","M","$","M","?","E","R","BOSS"],"items_purchased_type":["Card","Card","Card","Relic","Potion","Card","Relic","Card","Card","Relic","Card","Card","Relic","Card","Potion","Potion","Card","Relic","Relic","Relic","Potion","Relic","Relic","Card"],"build_version":"2020-12-13","purchased_purges":1,"victory":true,"max_hp_per_floor":[70,70,70,70,84,84,84,84,84,84,84,84,84,84,84,84,89,89,89,89,96,96,96,96,96,96,96,96,96,96,96,96,96,96,96,96,96,96,96,96,96,96,96,96,96,96,96,96,96,96],"relic_stats":{"Centennial Puzzle":[36],"Lee\u0027s Waffle":34,"Busted Crown":10,"Torii":0,"counters":[43,208],"Gambling Chip":[14],"Pandora\u0027s Box":["Runesmith:StaticCage","Runesmith:HammerThrow","Runesmith:NegativeSpace","Runesmith:Retool","Runesmith:Retool","Runesmith:GrandSlam"],"Juzu Bracelet":1,"Kunai":[20],"Ginger":[2],"Boot":[17],"obtain_stats":[{"Ice Cream":26,"Replay:Accelerometer":10,"jedi:angrymask":24,"Ginger":36,"Boot":17,"Blood Vial":37,"Centennial Puzzle":11,"HornCleat":43,"MealTicket":21,"Kunai":17,"Replay:Wax Seal":42,"Runesmith:BrokenRuby":0,"ReplayTheSpireMod:CursedCoin":48,"Replay:Grab Bag":34,"HollowMod:JonisBlessing":37,"Runesmith:CoreCrystal":34,"Runic Dome":17,"jedi:heavyjacket":53,"Replay:Baseball":42,"wanderingMiniBosses:Blackblade":30,"Bronze Scales":54,"Pandora\u0027s Box":34,"StrikeDummy":45,"Torii":38,"Angel_Ring":29,"Mango":5,"Juzu Bracelet":14,"jedi:Pinwheel":9,"jedi:archwizardhat":42,"ClockworkSouvenir":48,"Gambling Chip":26,"Red Mask":37,"aspiration:ChemicalBlood":24,"Potion Belt":36,"BargainBundle":37,"Lee\u0027s Waffle":21,"energizedSpire:EnergizedDie":34,"Thread and Needle":0,"aspiration:HummingbirdHeart":37,"Orichalcum":48,"Runesmith:EmergencyProvisions":36,"Replay:Arrowhead":48,"Calling Bell":17,"jedi:kaleidoscope":48,"Busted Crown":34,"Runesmith:UraniumAnvil":34,"Bag of Marbles":40,"Durian":17,"potionbrewer:BottledElixir":43,"Membership Card":0,"ReplayTheSpireMod:Lightbulb":29},{"Ice Cream":10,"Replay:Accelerometer":5,"jedi:angrymask":33,"Ginger":38,"Boot":30,"Blood Vial":15,"Centennial Puzzle":27,"HornCleat":39,"MealTicket":9,"Kunai":30,"Replay:Wax Seal":39,"Runesmith:BrokenRuby":0,"ReplayTheSpireMod:CursedCoin":19,"Replay:Grab Bag":37,"HollowMod:JonisBlessing":15,"Runesmith:CoreCrystal":37,"Runic Dome":8,"jedi:heavyjacket":20,"Replay:Baseball":18,"wanderingMiniBosses:Blackblade":35,"Bronze Scales":21,"Pandora\u0027s Box":37,"StrikeDummy":18,"Torii":39,"Angel_Ring":11,"Mango":25,"Juzu Bracelet":29,"jedi:Pinwheel":25,"jedi:archwizardhat":39,"ClockworkSouvenir":19,"Gambling Chip":33,"Red Mask":38,"aspiration:ChemicalBlood":10,"Potion Belt":38,"BargainBundle":15,"Lee\u0027s Waffle":32,"energizedSpire:EnergizedDie":14,"Thread and Needle":22,"aspiration:HummingbirdHeart":15,"Orichalcum":19,"Runesmith:EmergencyProvisions":38,"Replay:Arrowhead":42,"Calling Bell":30,"jedi:kaleidoscope":19,"Busted Crown":37,"Runesmith:UraniumAnvil":37,"Bag of Marbles":17,"Durian":30,"potionbrewer:BottledElixir":18,"Membership Card":22,"ReplayTheSpireMod:Lightbulb":34},{"Ice Cream":41,"Replay:Accelerometer":20,"jedi:angrymask":156,"Ginger":187,"Boot":140,"Blood Vial":65,"Centennial Puzzle":123,"HornCleat":191,"MealTicket":38,"Kunai":140,"Replay:Wax Seal":191,"Runesmith:BrokenRuby":0,"ReplayTheSpireMod:CursedCoin":85,"Replay:Grab Bag":183,"HollowMod:JonisBlessing":65,"Runesmith:CoreCrystal":183,"Runic Dome":33,"jedi:heavyjacket":89,"Replay:Baseball":81,"wanderingMiniBosses:Blackblade":171,"Bronze Scales":93,"Pandora\u0027s Box":183,"StrikeDummy":81,"Torii":191,"Angel_Ring":48,"Mango":116,"Juzu Bracelet":130,"jedi:Pinwheel":116,"jedi:archwizardhat":191,"ClockworkSouvenir":85,"Gambling Chip":156,"Red Mask":187,"aspiration:ChemicalBlood":41,"Potion Belt":187,"BargainBundle":65,"Lee\u0027s Waffle":147,"energizedSpire:EnergizedDie":62,"Thread and Needle":101,"aspiration:HummingbirdHeart":65,"Orichalcum":85,"Runesmith:EmergencyProvisions":187,"Replay:Arrowhead":203,"Calling Bell":140,"jedi:kaleidoscope":85,"Busted Crown":183,"Runesmith:UraniumAnvil":183,"Bag of Marbles":75,"Durian":140,"potionbrewer:BottledElixir":81,"Membership Card":101,"ReplayTheSpireMod:Lightbulb":164}]},"card_choices":[{"not_picked":["Runesmith:ShiftingStrike","Runesmith:ChargedHammer"],"picked":"Runesmith:HeatExchange","floor":1.0},{"not_picked":["Runesmith:MakeshiftArmor","Runesmith:StaticCage"],"picked":"Runesmith:HammerAndChisel","floor":3.0},{"not_picked":["Runesmith:Malloc","Runesmith:Superposition"],"picked":"Runesmith:PerfectChisel","floor":4.0},{"not_picked":["Runesmith:Retool","Runesmith:HeatExchange"],"picked":"Runesmith:CraftSpiculum","floor":10.0},{"not_picked":["Runesmith:BackupBattery","Runesmith:UnstableHammer"],"picked":"Runesmith:HeatedChisel","floor":11},{"not_picked":["Runesmith:CraftSpiculum","Runesmith:ChiselStab"],"picked":"Runesmith:ShiftingStrike","floor":13},{"not_picked":["Runesmith:Refine","Runesmith:HeatedChisel"],"picked":"Runesmith:Grindstone","floor":14},{"not_picked":["Runesmith:CraftMedicinae","Runesmith:CreatorForm"],"picked":"Runesmith:CraftPrismatica","floor":16},{"not_picked":["Runesmith:MakeshiftArmor+1","Runesmith:CraftSpiculum"],"picked":"Runesmith:NegativeSpace+1","floor":18},{"not_picked":["Runesmith:Repurpose","Runesmith:StaticCage+1"],"picked":"Runesmith:BackupBattery+1","floor":20},{"not_picked":["Runesmith:GenerateForcefield","Runesmith:Overpower"],"picked":"Runesmith:CraftMagma+1","floor":24},{"not_picked":["Runesmith:Attraction+1","Runesmith:Firestorm"],"picked":"Runesmith:OneForEveryone","floor":29},{"not_picked":[],"picked":"wanderingMiniBosses:FinaleOfPromise","floor":30},{"not_picked":["Runesmith:CraftVitae","Runesmith:HammerAndChisel"],"picked":"Runesmith:EnergizedChisel+1","floor":30},{"not_picked":["Runesmith:Repurpose+1","Runesmith:MakeshiftArmor"],"picked":"Runesmith:CraftIncendium","floor":31},{"not_picked":["Runesmith:CraftPrismatica","Runesmith:CraftIndustria"],"picked":"Runesmith:MetallurgicalResearch","floor":33},{"not_picked":["Runesmith:MakeshiftArmor"],"picked":"SKIP","floor":35},{"not_picked":[],"picked":"Runesmith:HammerThrow","floor":44},{"not_picked":[],"picked":"Runesmith:WhiteBalance+1","floor":46},{"not_picked":["Runesmith:StaticCage"],"picked":"SKIP","floor":48}],"player_experience":1466490,"relics_obtained":[{"floor":9.0,"key":"jedi:Pinwheel"},{"floor":11,"key":"Centennial Puzzle"},{"floor":14,"key":"Juzu Bracelet"},{"floor":17,"key":"Boot"},{"floor":17,"key":"Kunai"},{"floor":17,"key":"Durian"},{"floor":24,"key":"jedi:angrymask"},{"floor":26,"key":"Gambling Chip"},{"floor":29,"key":"ReplayTheSpireMod:Lightbulb"},{"floor":30,"key":"wanderingMiniBosses:Blackblade"},{"floor":38,"key":"Torii"},{"floor":43,"key":"HornCleat"},{"floor":48,"key":"Replay:Arrowhead"}],"event_choices":[{"damage_healed":0.0,"max_hp_gain":0.0,"max_hp_loss":0.0,"gold_gain":75.0,"event_name":"betterThird:BetterGoop","player_choice":"Gold","floor":7.0,"gold_loss":0.0,"damage_taken":11.0},{"cards_removed":["Runesmith:Defend_RS"],"damage_healed":0,"gold_gain":0,"player_choice":"Offered Basic","damage_taken":0,"max_hp_gain":0,"max_hp_loss":0,"event_name":"Bonfire Elementals","floor":12,"gold_loss":0},{"cards_removed":["Discovery"],"damage_healed":0,"gold_gain":0,"player_choice":"Take \u0026 Give","damage_taken":0,"max_hp_gain":0,"max_hp_loss":0,"event_name":"betterNote:BetterNote","floor":19,"gold_loss":0,"cards_obtained":["Discovery"]},{"damage_healed":0,"gold_gain":0,"player_choice":"Obtain J.A.X.","damage_taken":0,"max_hp_gain":0,"max_hp_loss":0,"event_name":"Drug Dealer","floor":27,"gold_loss":0,"cards_obtained":["J.A.X."]},{"damage_healed":0,"gold_gain":0,"player_choice":"Paid","damage_taken":0,"relics_obtained":["Red Mask"],"max_hp_gain":0,"max_hp_loss":0,"event_name":"Tomb of Lord Red Mask","floor":37,"gold_loss":36},{"damage_healed":0,"gold_gain":0,"player_choice":"Fight","damage_taken":0,"max_hp_gain":0,"max_hp_loss":0,"event_name":"Mysterious Sphere","floor":38,"gold_loss":0},{"cards_removed":["Runesmith:FieryHammer"],"damage_healed":0,"gold_gain":0,"player_choice":"Removed Attack","damage_taken":0,"max_hp_gain":0,"max_hp_loss":0,"event_name":"Falling","floor":39,"gold_loss":0}],"is_beta":false,"boss_relics":[{"not_picked":["Black Star","Replay:Bronze Core"],"picked":"Calling Bell"},{"not_picked":["Snecko Heart","Kintsugi"],"picked":"Replay:Grab Bag"},{"not_picked":["jedi:hotpepper","ReplayTheSpireMod:DimensionalGlitch"],"picked":"Runesmith:UraniumAnvil"},{"not_picked":["ChewingGum","jedi:paperlyon"],"picked":"Busted Crown"},{"not_picked":["Runesmith:PocketReactor","Empty Cage"],"picked":"Pandora\u0027s Box"},{"not_picked":["Runic Pyramid","Snecko Eye"],"picked":"Runesmith:CoreCrystal"}],"items_purged_floors":[2],"is_endless":false,"potions_floor_spawned":[10,11,13,14,30,33,38,44,48],"ascension_level":8}}