{"host":"2461dio7vetlq1z3","time":1608409406,"event":{"mods":["2.2 Compatiblity","AchievementEnabler","BaseMod","Better Third Choice","Hermit","Marisa????????","Minty Spire (QoL Compilation)","Relic Stats","Spicy Shops","StSLib","Waifu the Spire"],"gold_per_floor":[113,113,137,161,161,161,200,200,200,234,259,293,308,308,308,437,500,515,515,130,55,55,55,55],"floor_reached":23,"playtime":1324,"items_purged":["Bite"],"score":294,"play_id":"1e8b8f0e-c506-489f-accb-e3d6554afffc","local_time":"20201219212326","is_ascension_mode":true,"campfire_choices":[{"data":"hermit:Snapshot","floor":6,"key":"SMITH"},{"data":"hermit:GoldenBullet","floor":8,"key":"SMITH"},{"floor":15,"key":"REST"}],"circlet_count":0,"master_deck":["hermit:Defend_Hermit","hermit:Defend_Hermit","hermit:Defend_Hermit","hermit:Defend_Hermit","hermit:Snapshot+1","hermit:Covet","hermit:HoleUp+1","hermit:LoneWolf","hermit:Determination","hermit:GoldenBullet+1","hermit:Desperado","hermit:Headshot","hermit:GhostlyPresence","hermit:FatalDesire","hermit:CalledShot","hermit:ShadowCloak+1","Bite","Bite","Bite","Bite","hermit:LowProfile","hermit:Manifest","hermit:Gambit","hermit:WideOpen+1","hermit:Manifest","Shame"],"relics":["Runic Dome","Golden Idol","Pocketwatch","Blue Candle","Lantern","Singing Bowl","Smiling Mask","Ancient Tea Set","Tiny House","Orrery","Happy Flower"],"acts_visited":["Exordium","TheCity"],"potions_floor_usage":[7,10,12,16,23,23],"damage_taken":[{"damage":3,"enemies":"Small Slimes","floor":1,"turns":3},{"damage":2,"enemies":"Jaw Worm","floor":3,"turns":3},{"damage":0,"enemies":"2 Louse","floor":4,"turns":4},{"damage":25,"enemies":"3 Sentries","floor":7,"turns":12},{"damage":3,"enemies":"Lagavulin","floor":10,"turns":7},{"damage":7,"enemies":"2 Fungi Beasts","floor":11,"turns":3},{"damage":15,"enemies":"3 Sentries","floor":12,"turns":7},{"damage":0,"enemies":"Exordium Wildlife","floor":13,"turns":1},{"damage":12,"enemies":"Hexaghost","floor":16,"turns":8},{"damage":17,"enemies":"2 Thieves","floor":18,"turns":4},{"damage":63,"enemies":"Slavers","floor":23,"turns":5}],"seed_played":"-270439897250325439","potions_obtained":[{"floor":1,"key":"EssenceOfSteel"},{"floor":3,"key":"Strength Potion"},{"floor":4,"key":"SteroidPotion"},{"floor":12,"key":"BlessingOfTheForge"},{"floor":17,"key":"Fruit Juice"},{"floor":18,"key":"ColorlessPotion"}],"is_trial":false,"path_per_floor":["M","?","M","M","?","R","E","R","T","E","M","E","M","?","R","B",null,"M","?","$","?","?","E"],"character_chosen":"HERMIT","items_purchased":["hermit:LowProfile","hermit:Manifest","Orrery"],"campfire_rested":1,"item_purchase_floors":[20,20,20],"current_hp_per_floor":[65,65,63,63,68,68,43,43,43,40,33,18,18,7,29,17,65,48,48,52,52,52,0,0],"gold":55,"neow_bonus":"BOSS_RELIC","is_daily":false,"chose_seed":false,"campfire_upgraded":2,"win_rate":0.0,"timestamp":1608409406,"path_taken":["M","?","M","M","?","R","E","R","T","E","M","E","M","?","R","BOSS","M","?","$","?","?","E"],"items_purchased_type":["Card","Card","Relic"],"build_version":"2020-12-13","purchased_purges":1,"victory":false,"max_hp_per_floor":[75,69,69,69,74,74,74,74,74,74,74,74,74,74,74,74,79,79,55,59,59,59,64,64],"relic_stats":{"Singing Bowl":4,"Happy Flower":[1],"counters":[11,57],"Golden Idol":82,"Blue Candle":[0],"Smiling Mask":25,"obtain_stats":[{"Runic Dome":0,"Lantern":10,"Tiny House":17,"Singing Bowl":12,"Happy Flower":22,"Golden Idol":2,"Blue Candle":9,"Orrery":20,"Smiling Mask":14,"Ancient Tea Set":14,"hermit:Momento":0,"Pocketwatch":7},{"Runic Dome":0,"Lantern":5,"Tiny House":9,"Singing Bowl":7,"Happy Flower":10,"Golden Idol":1,"Blue Candle":4,"Orrery":10,"Smiling Mask":8,"Ancient Tea Set":8,"hermit:Momento":0,"Pocketwatch":4},{"Runic Dome":0,"Lantern":29,"Tiny House":48,"Singing Bowl":39,"Happy Flower":52,"Golden Idol":3,"Blue Candle":22,"Orrery":52,"Smiling Mask":40,"Ancient Tea Set":40,"hermit:Momento":0,"Pocketwatch":22}],"Pocketwatch":[33]},"card_choices":[{"not_picked":["hermit:Spite","hermit:BodyArmor"],"picked":"hermit:HoleUp","floor":1},{"not_picked":["hermit:CalledShot","hermit:FullyLoaded"],"picked":"hermit:LoneWolf","floor":3},{"not_picked":["hermit:LuckOfTheDraw","hermit:CursedWeapon"],"picked":"hermit:Determination","floor":4},{"not_picked":["hermit:Snipe","hermit:Spite"],"picked":"hermit:GoldenBullet","floor":7},{"not_picked":["hermit:Cheat","hermit:CalledShot"],"picked":"hermit:Desperado","floor":10},{"not_picked":["hermit:Roulette","hermit:Coalescence"],"picked":"hermit:Virtue","floor":11},{"not_picked":["hermit:DeadMansHand","hermit:Grudge"],"picked":"hermit:Headshot","floor":12},{"not_picked":["hermit:Reprieve","hermit:NoHoldsBarred"],"picked":"hermit:GhostlyPresence","floor":13},{"not_picked":["hermit:OverwhelmingPower","hermit:Dissolve"],"picked":"hermit:FatalDesire","floor":16},{"not_picked":["hermit:Spite","hermit:Snipe"],"picked":"hermit:CalledShot","floor":17},{"not_picked":["hermit:FullyLoaded","hermit:Headshot"],"picked":"hermit:ShadowCloak+1","floor":18},{"not_picked":["hermit:Combo","hermit:WideOpen+1"],"picked":"hermit:Gambit","floor":20},{"not_picked":["hermit:Deadeye","hermit:CursedWeapon"],"picked":"hermit:WideOpen+1","floor":20},{"not_picked":["hermit:Glare","hermit:Roulette"],"picked":"hermit:Manifest","floor":20},{"not_picked":["hermit:WideOpen","hermit:ItchyTrigger","hermit:CursedWeapon+1"],"picked":"Singing Bowl","floor":20},{"not_picked":["hermit:Glare+1","hermit:Virtue+1","hermit:Feint"],"picked":"Singing Bowl","floor":20}],"player_experience":851858,"relics_obtained":[{"floor":7,"key":"Pocketwatch"},{"floor":9,"key":"Blue Candle"},{"floor":10,"key":"Lantern"},{"floor":12,"key":"Singing Bowl"}],"event_choices":[{"damage_healed":0,"gold_gain":0,"player_choice":"Lose Max HP","damage_taken":0,"relics_obtained":["Golden Idol"],"max_hp_gain":0,"max_hp_loss":6,"event_name":"Golden Idol","floor":2,"gold_loss":0},{"damage_healed":0,"gold_gain":0,"player_choice":"Donut","damage_taken":0,"max_hp_gain":5,"max_hp_loss":0,"event_name":"Big Fish","floor":5,"gold_loss":0},{"damage_healed":0,"gold_gain":1,"player_choice":"Relic Relic ","damage_taken":11,"max_hp_gain":0,"max_hp_loss":0,"event_name":"betterThird:BetterScrap","floor":14,"gold_loss":0,"cards_obtained":["Tactician"]},{"damage_healed":0,"gold_gain":0,"player_choice":"Became a vampire","damage_taken":0,"max_hp_gain":0,"max_hp_loss":24,"event_name":"Vampires","floor":19,"gold_loss":0,"cards_obtained":["Bite","Bite","Bite","Bite","Bite"]},{"cards_removed":["hermit:Virtue"],"damage_healed":0,"gold_gain":0,"player_choice":"Gave Gold","damage_taken":0,"max_hp_gain":0,"max_hp_loss":0,"event_name":"Beggar","floor":21,"gold_loss":75},{"damage_healed":0,"gold_gain":0,"player_choice":"Stole Relic","damage_taken":0,"relics_obtained":["Happy Flower"],"max_hp_gain":0,"max_hp_loss":0,"event_name":"Addict","floor":22,"gold_loss":0,"cards_obtained":["Shame"]}],"is_beta":false,"boss_relics":[{"not_picked":["Ectoplasm","hermit:DentedPlate"],"picked":"Tiny House"}],"items_purged_floors":[20],"is_endless":false,"potions_floor_spawned":[1,3,4,12,18],"killed_by":"Slavers","ascension_level":6}}