{"host":"5mo0809oo9tcrmpl","time":1608341301,"event":{"mods":["BaseMod","Highlight Path","Minty Spire (QoL Compilation)","Relic Stats","Slay the Relics Exporter"],"gold_per_floor":[113,113,125,145,158,158,191,191,191,225,239,239,239,274,274,274,274],"floor_reached":16,"playtime":633,"items_purged":[],"score":290,"play_id":"ad74a6a8-b1e6-4ba1-b8c9-f1e30fd4abdd","local_time":"20201218192821","is_ascension_mode":true,"campfire_choices":[{"data":"Skewer","floor":6.0,"key":"SMITH"},{"floor":8.0,"key":"REST"},{"data":"Blade Dance","floor":15.0,"key":"SMITH"}],"circlet_count":0,"master_deck":["AscendersBane","Strike_G","Strike_G","Strike_G","Strike_G","Defend_G","Defend_G","Defend_G","Defend_G+1","Defend_G","Survivor","Neutralize","Concentrate","Dagger Spray+1","Masterful Stab","Backflip+1","Skewer+1","Blade Dance+1","Poisoned Stab","PiercingWail"],"relics":["Ring of the Snake","Gremlin Horn","InkBottle","Toy Ornithopter","War Paint"],"acts_visited":["Exordium"],"potions_floor_usage":[16],"damage_taken":[{"damage":20.0,"enemies":"Cultist","floor":1.0,"turns":6.0},{"damage":7.0,"enemies":"Small Slimes","floor":3.0,"turns":3.0},{"damage":5.0,"enemies":"2 Louse","floor":4.0,"turns":3.0},{"damage":0.0,"enemies":"2 Fungi Beasts","floor":5.0,"turns":2.0},{"damage":0.0,"enemies":"Gremlin Nob","floor":7.0,"turns":2.0},{"damage":13.0,"enemies":"Lagavulin","floor":10.0,"turns":4.0},{"damage":0.0,"enemies":"Gremlin Gang","floor":11.0,"turns":1.0},{"damage":3.0,"enemies":"Gremlin Nob","floor":14.0,"turns":3.0},{"damage":47,"enemies":"Slime Boss","floor":16,"turns":10}],"seed_played":"-1525054273765385078","potions_obtained":[{"floor":1.0,"key":"Block Potion"},{"floor":5.0,"key":"ColorlessPotion"},{"floor":7.0,"key":"CunningPotion"},{"floor":14.0,"key":"Poison Potion"}],"is_trial":false,"path_per_floor":["M","?","M","M","M","R","E","R","T","E","M","?","?","E","R","B"],"character_chosen":"THE_SILENT","items_purchased":[],"campfire_rested":1,"item_purchase_floors":[],"current_hp_per_floor":[39,39,32,27,27,27,27,46,46,33,33,33,38,35,35,0,0],"gold":274,"neow_bonus":"TRANSFORM_CARD","is_daily":false,"chose_seed":false,"campfire_upgraded":2,"win_rate":0.0,"timestamp":1608341301,"path_taken":["M","?","M","M","M","R","E","R","T","E","M","?","?","E","R","BOSS"],"items_purchased_type":[],"build_version":"2020-12-13","purchased_purges":0,"victory":false,"max_hp_per_floor":[66,66,66,66,66,66,66,66,66,66,66,66,71,71,71,71,71],"relic_stats":{"Gremlin Horn":[5,5],"counters":[9,34],"War Paint":["Backflip","Defend_G"],"obtain_stats":[{"Gremlin Horn":7,"War Paint":14,"InkBottle":9,"Toy Ornithopter":10,"Ring of the Snake":0},{"Gremlin Horn":5,"War Paint":8,"InkBottle":5,"Toy Ornithopter":6,"Ring of the Snake":0},{"Gremlin Horn":16,"War Paint":24,"InkBottle":16,"Toy Ornithopter":20,"Ring of the Snake":0}],"InkBottle":[8],"Toy Ornithopter":5,"Ring of the Snake":[18]},"card_choices":[{"not_picked":["Catalyst","Sucker Punch"],"picked":"Dagger Spray","floor":1.0},{"not_picked":["Quick Slash","Cloak And Dagger"],"picked":"Masterful Stab","floor":3.0},{"not_picked":["Bouncing Flask","Deflect"],"picked":"Backflip","floor":4.0},{"not_picked":["Slice","Quick Slash"],"picked":"Skewer","floor":5.0},{"not_picked":["Deflect","Bane"],"picked":"Blade Dance","floor":7.0},{"not_picked":["Prepared","Doppelganger","Backflip"],"picked":"SKIP","floor":10.0},{"not_picked":["Blade Dance","Choke"],"picked":"Poisoned Stab","floor":11.0},{"not_picked":["Underhanded Strike","Bane"],"picked":"PiercingWail","floor":14.0}],"player_experience":1284662,"relics_obtained":[{"floor":7.0,"key":"Gremlin Horn"},{"floor":9.0,"key":"InkBottle"},{"floor":10.0,"key":"Toy Ornithopter"},{"floor":14.0,"key":"War Paint"}],"event_choices":[{"damage_healed":0.0,"max_hp_gain":0.0,"max_hp_loss":0.0,"gold_gain":0.0,"event_name":"Living Wall","player_choice":"Grow","floor":2.0,"gold_loss":0.0,"damage_taken":0.0,"cards_upgraded":["Dagger Spray"]},{"damage_healed":0.0,"max_hp_gain":0.0,"max_hp_loss":0.0,"gold_gain":0.0,"event_name":"Shining Light","player_choice":"Ignored","floor":12.0,"gold_loss":0.0,"damage_taken":0.0},{"damage_healed":0.0,"max_hp_gain":5.0,"max_hp_loss":0.0,"gold_gain":0.0,"event_name":"Big Fish","player_choice":"Donut","floor":13.0,"gold_loss":0.0,"damage_taken":0.0}],"is_beta":false,"boss_relics":[],"items_purged_floors":[],"is_endless":false,"potions_floor_spawned":[1,5,7,14],"killed_by":"Slime Boss","ascension_level":20}}