{"host":"qm4rv4rkpk76sbxu","time":1608399652,"event":{"mods":["BaseMod","Bestiary","Block Reminder","DeckTracker","Filter the Spire","Keyboard Shortcuts","Minty Spire (QoL Compilation)","MonsterHotkey","Potion Indicator Mod","Quick Restart","Random Character Button","Relic Stats","Slay-I","StSLib","ojb\u0027s Better Paths Mod"],"gold_per_floor":[112,112,126,401,414,449,449,475,475,491,119,151,40,71,71,144,144,156,81,131,146,146,146,146],"floor_reached":23,"playtime":889,"items_purged":["Regret"],"score":534,"play_id":"fe91e11d-ebf4-4fd7-bae1-9b14e046dd5f","local_time":"20201219184052","is_ascension_mode":true,"campfire_choices":[{"data":"Defragment","floor":7.0,"key":"SMITH"},{"floor":15.0,"key":"REST"}],"circlet_count":0,"master_deck":["AscendersBane","Strike_B","Strike_B","Strike_B","Defend_B","Defend_B","Defend_B","Defend_B","Zap","Dualcast","Conserve Battery","Beam Cell","Defragment+1","Tempest","Glacier","Capacitor","Static Discharge","Go for the Eyes","Undo","Electrodynamics","BootSequence","Ball Lightning"],"relics":["Cracked Core","Dream Catcher","Bottled Tornado","Kunai","Singing Bowl","Runic Capacitor","Art of War","Gremlin Horn","Inserter","Enchiridion"],"acts_visited":["Exordium","TheCity"],"potions_floor_usage":[],"damage_taken":[{"damage":3.0,"enemies":"2 Louse","floor":1.0,"turns":2.0},{"damage":1.0,"enemies":"Cultist","floor":3.0,"turns":4.0},{"damage":8.0,"enemies":"Jaw Worm","floor":5.0,"turns":3.0},{"damage":17.0,"enemies":"3 Sentries","floor":6.0,"turns":6.0},{"damage":12.0,"enemies":"Gremlin Nob","floor":8.0,"turns":3.0},{"damage":2.0,"enemies":"Red Slaver","floor":10.0,"turns":2.0},{"damage":2.0,"enemies":"Lagavulin","floor":12.0,"turns":6.0},{"damage":18.0,"enemies":"Gremlin Nob","floor":14.0,"turns":4.0},{"damage":0.0,"enemies":"Slime Boss","floor":16.0,"turns":6.0},{"damage":14.0,"enemies":"3 Byrds","floor":18.0,"turns":3.0},{"damage":6.0,"enemies":"Shell Parasite","floor":21.0,"turns":6.0},{"damage":26,"enemies":"Gremlin Leader","floor":23,"turns":2}],"seed_played":"-3865498470072323512","potions_obtained":[{"floor":1.0,"key":"Block Potion"},{"floor":2.0,"key":"LiquidBronze"},{"floor":2.0,"key":"AttackPotion"},{"floor":6.0,"key":"DuplicationPotion"}],"is_trial":false,"path_per_floor":["M","?","M","?","M","E","R","E","T","M","$","E","$","E","R","B",null,"M","?","?","M","?","E"],"character_chosen":"DEFECT","items_purchased":["Runic Capacitor","Capacitor","FearPotion","BlessingOfTheForge","Go for the Eyes"],"campfire_rested":1,"item_purchase_floors":[11,11,11,13,13],"current_hp_per_floor":[61,61,60,60,52,35,35,23,23,21,21,19,19,1,24,24,61,47,47,47,41,20,0,0],"gold":146,"neow_bonus":"RANDOM_COMMON_RELIC","is_daily":false,"chose_seed":false,"campfire_upgraded":1,"win_rate":0.0,"timestamp":1608399652,"path_taken":["M","?","?","?","?","E","R","E","T","M","?","E","$","E","R","BOSS","M","?","?","M","?","E"],"items_purchased_type":["Relic","Card","Potion","Potion","Card"],"build_version":"2020-12-13","purchased_purges":1,"victory":false,"max_hp_per_floor":[71,71,71,71,71,71,71,71,71,71,71,71,71,71,73,73,73,73,73,73,73,73,73,73],"relic_stats":{"Dream Catcher":1,"Inserter":[5],"Singing Bowl":2,"Gremlin Horn":[3,3],"counters":[12,47],"Art of War":[8],"Kunai":[5],"obtain_stats":[{"Dream Catcher":0,"Inserter":17,"Singing Bowl":9,"Gremlin Horn":14,"Enchiridion":22,"Runic Capacitor":11,"Art of War":12,"Kunai":8,"Bottled Tornado":6,"Cracked Core":0},{"Dream Catcher":0,"Inserter":9,"Singing Bowl":5,"Gremlin Horn":8,"Enchiridion":11,"Runic Capacitor":6,"Art of War":7,"Kunai":5,"Bottled Tornado":4,"Cracked Core":0},{"Dream Catcher":0,"Inserter":36,"Singing Bowl":18,"Gremlin Horn":30,"Enchiridion":45,"Runic Capacitor":20,"Art of War":26,"Kunai":18,"Bottled Tornado":15,"Cracked Core":0}]},"card_choices":[{"not_picked":["Gash","Force Field"],"picked":"Conserve Battery","floor":1.0},{"not_picked":["Redo","Stack"],"picked":"Beam Cell","floor":3.0},{"not_picked":["Coolheaded","Cold Snap"],"picked":"Defragment","floor":5.0},{"not_picked":["Streamline","Gash"],"picked":"Tempest","floor":6.0},{"not_picked":["Barrage","Storm","Streamline"],"picked":"SKIP","floor":8.0},{"not_picked":["Rebound","Sweeping Beam"],"picked":"Glacier","floor":10.0},{"not_picked":["Force Field","Multi-Cast"],"picked":"Static Discharge","floor":12.0},{"not_picked":["Steam","Hologram"],"picked":"Undo","floor":14.0},{"not_picked":["Static Discharge","Turbo","Recycle"],"picked":"Singing Bowl","floor":15.0},{"not_picked":["Thunder Strike","Meteor Strike"],"picked":"Electrodynamics","floor":16.0},{"not_picked":["Streamline","Go for the Eyes+1"],"picked":"BootSequence","floor":18.0},{"not_picked":["Doom and Gloom","Turbo"],"picked":"Ball Lightning","floor":21.0}],"player_experience":1075906,"relics_obtained":[{"floor":6.0,"key":"Bottled Tornado"},{"floor":8.0,"key":"Kunai"},{"floor":9.0,"key":"Singing Bowl"},{"floor":12.0,"key":"Art of War"},{"floor":14.0,"key":"Gremlin Horn"},{"floor":22.0,"key":"Enchiridion"}],"event_choices":[{"damage_healed":0.0,"max_hp_gain":0.0,"max_hp_loss":0.0,"gold_gain":0.0,"event_name":"Lab","player_choice":"Got Potions","floor":2.0,"gold_loss":0.0,"damage_taken":0.0},{"damage_healed":0.0,"max_hp_gain":0.0,"max_hp_loss":0.0,"gold_gain":275.0,"event_name":"Golden Shrine","player_choice":"Desecrate","floor":4.0,"gold_loss":0.0,"damage_taken":0.0,"cards_obtained":["Regret"]},{"cards_removed":["Strike_B"],"damage_healed":0.0,"max_hp_gain":0.0,"max_hp_loss":0.0,"gold_gain":0.0,"event_name":"Beggar","player_choice":"Gave Gold","floor":19.0,"gold_loss":75.0,"damage_taken":0.0},{"damage_healed":0.0,"max_hp_gain":0.0,"max_hp_loss":0.0,"gold_gain":50.0,"event_name":"Nest","player_choice":"Stole From Cult","floor":20.0,"gold_loss":0.0,"damage_taken":0.0},{"damage_healed":0.0,"max_hp_gain":0.0,"max_hp_loss":0.0,"gold_gain":0.0,"event_name":"Cursed Tome","player_choice":"Obtained Book","floor":22.0,"gold_loss":0.0,"damage_taken":21.0}],"is_beta":false,"boss_relics":[{"not_picked":["Empty Cage","Velvet Choker"],"picked":"Inserter"}],"items_purged_floors":[11],"is_endless":false,"potions_floor_spawned":[1,6],"killed_by":"Gremlin Leader","ascension_level":20}}