{"host":"7gewg82ormp6yt4e","time":1608378124,"event":{"mods":["BaseMod","Block Reminder","Colored Map","Colored Powertips","DeckTracker","Highlight Path","Minty Spire (QoL Compilation)","Relic Stats","StSLib"],"gold_per_floor":[14,25,25,38,56,56,56,84,108,108,143,172,196,208,208,208,208],"floor_reached":16,"playtime":997,"items_purged":[],"score":228,"play_id":"4114c29d-042d-432a-abe1-46f099c30ebb","local_time":"20201219204204","is_ascension_mode":true,"campfire_choices":[{"data":"Eviscerate","floor":6,"key":"SMITH"},{"data":"Die Die Die","floor":10,"key":"SMITH"},{"floor":15,"key":"REST"}],"circlet_count":0,"master_deck":["AscendersBane","Strike_G","Strike_G","Strike_G","Strike_G","Defend_G","Defend_G","Defend_G","Defend_G","Defend_G","Survivor","Neutralize","Leg Sweep","Flying Knee","Eviscerate+1","Burst","Acrobatics","Die Die Die+1","Tools of the Trade","Dagger Throw","Bouncing Flask"],"relics":["Ring of the Snake","Gambling Chip","FaceOfCleric","MealTicket","CeramicFish","Toy Ornithopter"],"acts_visited":["Exordium"],"potions_floor_usage":[8,8,16],"damage_taken":[{"damage":0,"enemies":"2 Louse","floor":1,"turns":3},{"damage":4,"enemies":"Small Slimes","floor":2,"turns":5},{"damage":1,"enemies":"Cultist","floor":4,"turns":3},{"damage":0,"enemies":"2 Fungi Beasts","floor":5,"turns":2},{"damage":16,"enemies":"Lagavulin","floor":8,"turns":7},{"damage":38,"enemies":"Gremlin Nob","floor":11,"turns":4},{"damage":0,"enemies":"Red Slaver","floor":12,"turns":3},{"damage":0,"enemies":"Large Slime","floor":13,"turns":2},{"damage":0,"enemies":"Exordium Wildlife","floor":14,"turns":1},{"damage":46,"enemies":"The Guardian","floor":16,"turns":13}],"seed_played":"-2052634926206959718","potions_obtained":[{"floor":1,"key":"Block Potion"},{"floor":4,"key":"Energy Potion"},{"floor":5,"key":"SteroidPotion"},{"floor":14,"key":"GamblersBrew"}],"is_trial":false,"path_per_floor":["M","M","?","M","M","R","?","E","T","R","E","M","M","M","R","B"],"character_chosen":"THE_SILENT","items_purchased":[],"campfire_rested":1,"item_purchase_floors":[],"current_hp_per_floor":[59,55,55,54,54,54,54,39,39,39,2,3,4,5,26,0,0],"gold":208,"neow_bonus":"ONE_RARE_RELIC","is_daily":false,"chose_seed":false,"campfire_upgraded":2,"win_rate":0.0,"timestamp":1608378124,"path_taken":["M","M","?","M","M","R","?","E","T","R","E","M","M","M","R","BOSS"],"items_purchased_type":[],"build_version":"2020-12-13","purchased_purges":0,"victory":false,"max_hp_per_floor":[66,66,66,66,66,66,66,67,67,67,68,69,70,71,71,71,71],"relic_stats":{"FaceOfCleric":5,"counters":[10,43],"Gambling Chip":[32],"CeramicFish":27,"MealTicket":0,"obtain_stats":[{"FaceOfCleric":7,"Gambling Chip":0,"CeramicFish":9,"MealTicket":8,"Toy Ornithopter":11,"Ring of the Snake":0},{"FaceOfCleric":4,"Gambling Chip":0,"CeramicFish":5,"MealTicket":5,"Toy Ornithopter":6,"Ring of the Snake":0},{"FaceOfCleric":13,"Gambling Chip":0,"CeramicFish":20,"MealTicket":20,"Toy Ornithopter":24,"Ring of the Snake":0}],"Toy Ornithopter":5,"Ring of the Snake":[20]},"card_choices":[{"not_picked":["Blade Dance","Expertise"],"picked":"Leg Sweep","floor":1},{"not_picked":["Terror","Dodge and Roll"],"picked":"Flying Knee","floor":2},{"not_picked":["All Out Attack","Blade Dance"],"picked":"Burst","floor":4},{"not_picked":["Slice","Bane"],"picked":"Acrobatics","floor":5},{"not_picked":["Accuracy","Bane"],"picked":"Die Die Die","floor":8},{"not_picked":["PiercingWail","Dodge and Roll"],"picked":"Tools of the Trade","floor":11},{"not_picked":["Quick Slash","Sucker Punch"],"picked":"Dagger Throw","floor":12},{"not_picked":["Quick Slash","Dash"],"picked":"Bouncing Flask","floor":13},{"not_picked":["Outmaneuver","Concentrate","Riddle With Holes"],"picked":"SKIP","floor":14}],"player_experience":2397053,"relics_obtained":[{"floor":8,"key":"MealTicket"},{"floor":9,"key":"CeramicFish"},{"floor":11,"key":"Toy Ornithopter"}],"event_choices":[{"damage_healed":0,"gold_gain":0,"cards_transformed":["Strike_G"],"player_choice":"Change","damage_taken":0,"max_hp_gain":0,"max_hp_loss":0,"event_name":"Living Wall","floor":3,"gold_loss":0,"cards_obtained":["Eviscerate"]},{"damage_healed":0,"gold_gain":0,"player_choice":"Trade","damage_taken":0,"relics_obtained":["FaceOfCleric"],"max_hp_gain":0,"max_hp_loss":0,"event_name":"FaceTrader","floor":7,"gold_loss":0}],"is_beta":false,"boss_relics":[],"items_purged_floors":[],"is_endless":false,"potions_floor_spawned":[1,4,5,14],"killed_by":"The Guardian","ascension_level":20}}