{"host":"sav7uxregyirlf69","time":1608346984,"event":{"mods":["AchievementEnabler","BaseMod","Colored Map","DeckTracker","Keyboard Shortcuts","Minty Spire (QoL Compilation)","READ ME - Guardian Mod","StSLib","SuperFastMode"],"gold_per_floor":[14,14,14,28,55,66,83,83,109,259,184,184,195,195,195],"floor_reached":14,"playtime":181,"items_purged":["Strike_G"],"score":160,"play_id":"01eab0e1-23fc-4c12-be0d-1fa91fcafcbc","local_time":"20201219120304","is_ascension_mode":true,"campfire_choices":[{"data":"Catalyst","floor":8,"key":"SMITH"}],"circlet_count":0,"master_deck":["AscendersBane","Strike_G","Strike_G+1","Strike_G+1","Defend_G","Defend_G","Defend_G","Defend_G","Defend_G","Survivor","Neutralize","Calculated Gamble","Terror","Flying Knee","Footwork","Catalyst+1","Catalyst","Dagger Throw"],"relics":["Ring of the Snake","Prayer Wheel","Omamori","Centennial Puzzle"],"acts_visited":["Exordium"],"potions_floor_usage":[7],"damage_taken":[{"damage":2,"enemies":"2 Louse","floor":1,"turns":4},{"damage":5,"enemies":"Small Slimes","floor":4,"turns":3},{"damage":1,"enemies":"Jaw Worm","floor":6,"turns":3},{"damage":1,"enemies":"3 Louse","floor":7,"turns":3},{"damage":12,"enemies":"2 Fungi Beasts","floor":13,"turns":6},{"damage":0,"enemies":"3 Sentries","floor":14,"turns":1}],"seed_played":"-8118219132340977212","potions_obtained":[{"floor":1,"key":"LiquidBronze"},{"floor":6,"key":"SkillPotion"}],"is_trial":false,"path_per_floor":["M","?","?","M","T","M","M","R","T","?","$","?","M","E"],"character_chosen":"THE_SILENT","items_purchased":[],"campfire_rested":0,"item_purchase_floors":[],"current_hp_per_floor":[57,57,37,32,32,31,30,30,30,30,30,30,18,18,18],"gold":195,"neow_bonus":"ONE_RARE_RELIC","is_daily":false,"chose_seed":false,"campfire_upgraded":1,"win_rate":0.0,"timestamp":1608346984,"path_taken":["M","?","?","M","?","M","M","R","T","?","$","?","M","E"],"items_purchased_type":[],"build_version":"2020-12-13","purchased_purges":1,"victory":false,"max_hp_per_floor":[66,66,66,66,66,66,66,66,66,66,66,66,66,66,66],"card_choices":[{"not_picked":["Expertise","Choke"],"picked":"Calculated Gamble","floor":1},{"not_picked":["Calculated Gamble","Well Laid Plans"],"picked":"Terror","floor":1},{"not_picked":["Predator","Crippling Poison"],"picked":"Footwork","floor":4},{"not_picked":["Well Laid Plans","Poisoned Stab","Sucker Punch"],"picked":"SKIP","floor":4},{"not_picked":["Finisher","Deadly Poison","Bane"],"picked":"SKIP","floor":6},{"not_picked":["Sucker Punch","Deflect","Dash"],"picked":"SKIP","floor":6},{"not_picked":["Flying Knee","Slice"],"picked":"Catalyst","floor":7},{"not_picked":["Dash","Outmaneuver"],"picked":"Catalyst","floor":7},{"not_picked":["Dodge and Roll","Slice"],"picked":"Dagger Throw","floor":13},{"not_picked":["Accuracy","Dash","Endless Agony"],"picked":"SKIP","floor":13}],"player_experience":950199,"relics_obtained":[{"floor":5,"key":"Omamori"},{"floor":9,"key":"Centennial Puzzle"}],"event_choices":[{"damage_healed":0,"gold_gain":0,"cards_transformed":["Strike_G"],"player_choice":"Change","damage_taken":0,"max_hp_gain":0,"max_hp_loss":0,"event_name":"Living Wall","floor":2,"gold_loss":0,"cards_obtained":["Flying Knee"]},{"damage_healed":0,"gold_gain":0,"player_choice":"Entered Light","damage_taken":20,"max_hp_gain":0,"max_hp_loss":0,"event_name":"Shining Light","floor":3,"gold_loss":0,"cards_upgraded":["Strike_G","Strike_G"]},{"damage_healed":0,"gold_gain":150,"player_choice":"AGREE","damage_taken":0,"max_hp_gain":0,"max_hp_loss":0,"event_name":"Liars Game","floor":10,"gold_loss":0,"cards_obtained":["Doubt"]},{"damage_healed":0,"gold_gain":0,"player_choice":"Searched \u00270\u0027 times","damage_taken":0,"max_hp_gain":0,"max_hp_loss":0,"event_name":"Dead Adventurer","floor":12,"gold_loss":0}],"is_beta":false,"boss_relics":[],"items_purged_floors":[11],"is_endless":false,"potions_floor_spawned":[1,6],"killed_by":"3 Sentries","ascension_level":20}}