{"host":"4np54w3ai1r5lqo1","time":1608410260,"event":{"mods":["BaseMod","Colored Map","Minty Spire (QoL Compilation)","Quick Restart"],"gold_per_floor":[112,127,141,121,135,135,152,152,152,179,179,179,198,214,214,311,311,311,311],"floor_reached":18,"playtime":636,"items_purged":[],"score":246,"play_id":"41e372c7-2aae-48cd-b2c4-164ac7e24408","local_time":"20201219183740","is_ascension_mode":true,"campfire_choices":[{"data":"Envenom","floor":6,"key":"SMITH"},{"floor":8,"key":"REST"},{"data":"Bane","floor":12,"key":"SMITH"},{"data":"Cloak And Dagger","floor":15,"key":"SMITH"}],"circlet_count":0,"master_deck":["AscendersBane","Strike_G","Strike_G","Strike_G","Strike_G","Strike_G","Defend_G","Defend_G","Defend_G","Defend_G","Defend_G","Survivor","Neutralize","Envenom+1","Backflip","Poisoned Stab","Cloak And Dagger+1","Bane+1","Prepared","Quick Slash","Slice","After Image"],"relics":["Ring of the Snake","Sundial","Prayer Wheel","WristBlade"],"acts_visited":["Exordium","TheCity"],"potions_floor_usage":[7,7,10,14],"damage_taken":[{"damage":2,"enemies":"Jaw Worm","floor":1,"turns":7},{"damage":1,"enemies":"Cultist","floor":2,"turns":6},{"damage":0,"enemies":"Small Slimes","floor":3,"turns":3},{"damage":17,"enemies":"Exordium Thugs","floor":5,"turns":7},{"damage":11,"enemies":"Lots of Slimes","floor":7,"turns":6},{"damage":22,"enemies":"Lagavulin","floor":10,"turns":5},{"damage":0,"enemies":"Looter","floor":13,"turns":3},{"damage":10,"enemies":"Gremlin Gang","floor":14,"turns":3},{"damage":55,"enemies":"Hexaghost","floor":16,"turns":10},{"damage":26,"enemies":"Shell Parasite","floor":18,"turns":5}],"seed_played":"-6287558347921815518","potions_obtained":[{"floor":1,"key":"SneckoOil"},{"floor":4,"key":"GhostInAJar"},{"floor":7,"key":"PowerPotion"},{"floor":10,"key":"Explosive Potion"}],"is_trial":false,"path_per_floor":["M","M","M","?","M","R","M","R","T","E","?","R","M","M","R","B",null,"M"],"character_chosen":"THE_SILENT","items_purchased":[],"campfire_rested":1,"item_purchase_floors":[],"current_hp_per_floor":[61,60,60,60,43,43,32,53,53,31,70,70,70,60,60,5,54,28,28],"gold":311,"neow_bonus":"ONE_RANDOM_RARE_CARD","is_daily":false,"chose_seed":false,"campfire_upgraded":3,"win_rate":0.0,"timestamp":1608410260,"path_taken":["M","M","M","?","M","R","?","R","T","E","?","R","M","M","R","BOSS","M"],"items_purchased_type":[],"build_version":"2020-12-13","purchased_purges":0,"victory":false,"max_hp_per_floor":[70,70,70,70,70,70,70,70,70,70,70,70,70,70,70,70,70,70,70],"card_choices":[{"not_picked":["Choke","Well Laid Plans"],"picked":"Backflip","floor":1},{"not_picked":["Prepared","Sucker Punch"],"picked":"Poisoned Stab","floor":2},{"not_picked":["Backflip","Acrobatics"],"picked":"Cloak And Dagger","floor":3},{"not_picked":["Acrobatics","Distraction"],"picked":"Bane","floor":5},{"not_picked":["Dagger Throw","Bane"],"picked":"Infinite Blades","floor":7},{"not_picked":["Dagger Throw","Night Terror","Dodge and Roll"],"picked":"SKIP","floor":10},{"not_picked":["Flying Knee","Deadly Poison"],"picked":"Prepared","floor":13},{"not_picked":["Dodge and Roll","Slice","Distraction"],"picked":"SKIP","floor":13},{"not_picked":["Escape Plan","Catalyst"],"picked":"Quick Slash","floor":14},{"not_picked":["Accuracy","Flying Knee"],"picked":"Slice","floor":14},{"not_picked":["Wraith Form v2","Unload"],"picked":"After Image","floor":16}],"player_experience":465670,"relics_obtained":[{"floor":9,"key":"Sundial"},{"floor":10,"key":"Prayer Wheel"}],"event_choices":[{"damage_healed":0,"gold_gain":0,"player_choice":"Bought 1 Potion","damage_taken":0,"max_hp_gain":0,"max_hp_loss":0,"event_name":"The Woman in Blue","floor":4,"gold_loss":0},{"cards_removed":["Infinite Blades"],"damage_healed":39,"gold_gain":0,"player_choice":"Offered Uncommon","damage_taken":0,"max_hp_gain":0,"max_hp_loss":0,"event_name":"Bonfire Elementals","floor":11,"gold_loss":0}],"is_beta":false,"boss_relics":[{"not_picked":["Philosopher\u0027s Stone","Tiny House"],"picked":"WristBlade"}],"items_purged_floors":[],"is_endless":false,"potions_floor_spawned":[1,7,10],"killed_by":"Shell Parasite","ascension_level":10}}