{"host":"7dtjrvqh4jncvsue","time":1608349332,"event":{"mods":["AchievementEnabler","BaseMod","Colored Map","Colored Powertips","Highlight Path","Minty Spire (QoL Compilation)"],"gold_per_floor":[115,115,125,200,200,225,225,225,225,225,241,70,70,85,85,190,190,210,210,226,136,156,184,230,230,230,246,246,122,122,37,37,138,138,152,171,188,188,206,239,251,67,121,133,133],"floor_reached":44,"playtime":2509,"items_purged":["Armaments+1","Strike_R"],"score":553,"play_id":"29190952-5666-4660-9f83-3fd22ef39cb0","local_time":"20201218224212","is_ascension_mode":true,"campfire_choices":[{"data":"Bash","floor":7,"key":"SMITH"},{"data":"Apotheosis","floor":13,"key":"SMITH"},{"data":"Armaments","floor":15,"key":"SMITH"},{"floor":25,"key":"REST"},{"floor":30,"key":"REST"},{"floor":32,"key":"RECALL"}],"circlet_count":0,"master_deck":["Strike_R+1","Strike_R","Defend_R","Defend_R","Defend_R","Defend_R","Bash+1","Pommel Strike","Apotheosis+1","Ghostly Armor","Double Tap","Carnage","RitualDagger","Berserk","Rampage+1","Bandage Up"],"relics":["Burning Blood","NeowsBlessing","Pen Nib","Thread and Needle","Boot","Question Card","Philosopher\u0027s Stone","Bottled Lightning","Bronze Scales","Enchiridion","Art of War","Sozu","Juzu Bracelet","MawBank"],"acts_visited":["Exordium","TheCity","TheBeyond"],"potions_floor_usage":[16,23,36,41],"damage_taken":[{"damage":0,"enemies":"2 Louse","floor":1,"turns":1},{"damage":0,"enemies":"Jaw Worm","floor":3,"turns":1},{"damage":0,"enemies":"Gremlin Nob","floor":6,"turns":1},{"damage":0,"enemies":"Small Slimes","floor":11,"turns":3},{"damage":0,"enemies":"Red Slaver","floor":14,"turns":3},{"damage":14,"enemies":"The Guardian","floor":16,"turns":11},{"damage":0,"enemies":"Chosen","floor":18,"turns":4},{"damage":0,"enemies":"Spheric Guardian","floor":20,"turns":3},{"damage":4,"enemies":"Snecko","floor":22,"turns":5},{"damage":39,"enemies":"Book of Stabbing","floor":23,"turns":5},{"damage":0,"enemies":"Centurion and Healer","floor":27,"turns":4},{"damage":57,"enemies":"Collector","floor":33,"turns":7},{"damage":0,"enemies":"Orb Walker","floor":35,"turns":1},{"damage":27,"enemies":"3 Darklings","floor":36,"turns":3},{"damage":0,"enemies":"Sphere and 2 Shapes","floor":37,"turns":3},{"damage":14,"enemies":"4 Shapes","floor":39,"turns":4},{"damage":4,"enemies":"Nemesis","floor":40,"turns":3},{"damage":32,"enemies":"Spire Growth","floor":41,"turns":3},{"damage":61,"enemies":"Reptomancer","floor":44,"turns":2}],"seed_played":"8709192109940268669","potions_obtained":[{"floor":1,"key":"Strength Potion"},{"floor":11,"key":"BloodPotion"},{"floor":16,"key":"Swift Potion"},{"floor":22,"key":"Fire Potion"}],"is_trial":false,"path_per_floor":["M","?","M","?","?","E","R","?","T","T","M","$","R","M","R","B",null,"M","?","M","?","M","E","T","R","T","M","?","$","R","?","R","B",null,"M","M","M","?","M","E","M","$","T","E"],"character_chosen":"IRONCLAD","items_purchased":["Apotheosis","BloodPotion","Bandage Up"],"campfire_rested":2,"item_purchase_floors":[12,29,42],"current_hp_per_floor":[80,68,74,63,63,69,69,74,74,74,80,80,80,85,85,77,85,85,79,85,85,85,52,52,77,77,83,67,67,85,85,85,34,85,85,64,70,70,62,64,55,55,55,0,0],"gold":133,"neow_bonus":"THREE_ENEMY_KILL","is_daily":false,"chose_seed":false,"campfire_upgraded":3,"win_rate":0.0,"timestamp":1608349332,"path_taken":["M","?","M","?","?","E","R","?","T","?","M","$","R","?","R","BOSS","M","?","M","?","?","E","?","R","T","M","?","$","R","?","R","BOSS","M","M","M","?","M","E","M","$","T","E"],"items_purchased_type":["Card","Potion","Card"],"build_version":"2020-12-13","purchased_purges":2,"victory":false,"max_hp_per_floor":[80,80,80,80,80,80,80,85,85,85,85,85,85,85,85,85,85,85,85,85,85,85,85,85,85,85,85,85,85,85,85,85,85,85,85,85,85,85,85,85,85,85,85,85,85],"card_choices":[{"not_picked":["Infernal Blade","Wild Strike"],"picked":"Armaments","floor":1},{"not_picked":["Metallicize","Flame Barrier","Combust"],"picked":"SKIP","floor":3},{"not_picked":["Iron Wave","Warcry"],"picked":"Pommel Strike","floor":6},{"not_picked":["Thunderclap","Anger","Havoc","Evolve"],"picked":"SKIP","floor":11},{"not_picked":["Sever Soul","Warcry","Havoc"],"picked":"Ghostly Armor","floor":14},{"not_picked":["Exhume","Limit Break","Corruption"],"picked":"Double Tap","floor":16},{"not_picked":["Thunderclap","Pommel Strike","Havoc"],"picked":"Carnage","floor":18},{"not_picked":["Searing Blow","Warcry","Flex+1","Iron Wave"],"picked":"SKIP","floor":20},{"not_picked":["Barricade","Fire Breathing","Heavy Blade","Pummel+1"],"picked":"SKIP","floor":22},{"not_picked":["Havoc+1","Clash","Disarm","Searing Blow"],"picked":"SKIP","floor":23},{"not_picked":["Rampage+1","Wild Strike","Hemokinesis","Whirlwind"],"picked":"SKIP","floor":27},{"not_picked":["Brutality","Exhume","Fiend Fire"],"picked":"Berserk","floor":33},{"not_picked":["Clothesline","Perfected Strike","Pommel Strike"],"picked":"Rampage+1","floor":35},{"not_picked":["Searing Blow+1","Armaments","True Grit","Fire Breathing+1"],"picked":"SKIP","floor":36},{"not_picked":["Clash+1","Evolve+1","Entrench+1","Thunderclap"],"picked":"SKIP","floor":37},{"not_picked":["Twin Strike+1","Warcry+1","Wild Strike+1","Flex+1"],"picked":"SKIP","floor":39},{"not_picked":["Pommel Strike+1","Anger+1","Iron Wave+1","Rupture"],"picked":"SKIP","floor":40},{"not_picked":["Second Wind+1","Whirlwind+1","Havoc+1","Hemokinesis"],"picked":"SKIP","floor":41}],"player_experience":233581,"relics_obtained":[{"floor":6,"key":"Thread and Needle"},{"floor":9,"key":"Boot"},{"floor":10,"key":"Question Card"},{"floor":23,"key":"Bottled Lightning"},{"floor":24,"key":"Bronze Scales"},{"floor":28,"key":"Enchiridion"},{"floor":40,"key":"Juzu Bracelet"},{"floor":43,"key":"MawBank"}],"event_choices":[{"damage_healed":0,"gold_gain":0,"player_choice":"Success","damage_taken":12,"relics_obtained":["Pen Nib"],"max_hp_gain":0,"max_hp_loss":0,"event_name":"Scrap Ooze","floor":2,"gold_loss":0},{"damage_healed":0,"gold_gain":75,"player_choice":"Gather Gold","damage_taken":11,"max_hp_gain":0,"max_hp_loss":0,"event_name":"World of Goop","floor":4,"gold_loss":0},{"cards_removed":["Strike_R"],"damage_healed":0,"gold_gain":0,"player_choice":"Forget","damage_taken":0,"max_hp_gain":0,"max_hp_loss":0,"event_name":"Living Wall","floor":5,"gold_loss":0},{"damage_healed":0,"gold_gain":0,"player_choice":"Donut","damage_taken":0,"max_hp_gain":5,"max_hp_loss":0,"event_name":"Big Fish","floor":8,"gold_loss":0},{"damage_healed":0,"gold_gain":0,"player_choice":"Joined the Cult","damage_taken":6,"max_hp_gain":0,"max_hp_loss":0,"event_name":"Nest","floor":19,"gold_loss":0,"cards_obtained":["RitualDagger"]},{"cards_removed":["Strike_R"],"damage_healed":0,"gold_gain":0,"player_choice":"Upgrade and Remove","damage_taken":0,"max_hp_gain":0,"max_hp_loss":0,"event_name":"Designer","floor":21,"gold_loss":90,"cards_upgraded":["Strike_R"]},{"damage_healed":0,"gold_gain":0,"player_choice":"Obtained Book","damage_taken":16,"max_hp_gain":0,"max_hp_loss":0,"event_name":"Cursed Tome","floor":28,"gold_loss":0},{"damage_healed":0,"gold_gain":0,"player_choice":"Obtained Relic","damage_taken":0,"relics_obtained":["Art of War"],"max_hp_gain":0,"max_hp_loss":0,"event_name":"Addict","floor":31,"gold_loss":85},{"damage_healed":0,"gold_gain":0,"player_choice":"Ignored","damage_taken":0,"max_hp_gain":0,"max_hp_loss":0,"event_name":"SecretPortal","floor":38,"gold_loss":0}],"is_beta":false,"boss_relics":[{"not_picked":["SlaversCollar","Black Blood"],"picked":"Philosopher\u0027s Stone"},{"not_picked":["Mark of Pain","Calling Bell"],"picked":"Sozu"}],"items_purged_floors":[29,42],"is_endless":false,"potions_floor_spawned":[1,11,16,22,33,36],"killed_by":"Reptomancer","ascension_level":3}}