{"host":"m3herrhkesxm9ooc","time":1608396679,"event":{"mods":["BaseMod","Hermit","Minty Spire (QoL Compilation)","StSLib","The Hierophant"],"gold_per_floor":[109,125,125,138,138,173,173,173,173,173,227,267,282,298,298,298,298],"floor_reached":16,"playtime":358,"items_purged":[],"score":193,"play_id":"0d8cc275-4ed6-451b-bcc6-a537e02dc3c5","local_time":"20201220015119","is_ascension_mode":true,"campfire_choices":[{"floor":7,"key":"REST"},{"data":"hermit:NoHoldsBarred","floor":10,"key":"SMITH"},{"floor":15,"key":"REST"}],"circlet_count":0,"master_deck":["AscendersBane","hermit:Strike_Hermit","hermit:Strike_Hermit","hermit:Strike_Hermit","hermit:Strike_Hermit","hermit:Defend_Hermit","hermit:Defend_Hermit","hermit:Defend_Hermit","hermit:Defend_Hermit","hermit:Snapshot","hermit:Covet","hermit:Headshot","hermit:Virtue","Regret","hermit:Enervate","hermit:NoHoldsBarred+1","Injury","hermit:Headshot","hermit:BodyArmor","hermit:HeroicBravado"],"relics":["hermit:Momento","NeowsBlessing","The Courier","InkBottle","Blue Candle","Golden Idol","Eternal Feather","Oddly Smooth Stone"],"acts_visited":["Exordium"],"potions_floor_usage":[6,6],"damage_taken":[{"damage":0,"enemies":"Cultist","floor":1,"turns":1},{"damage":0,"enemies":"Small Slimes","floor":2,"turns":1},{"damage":0,"enemies":"2 Louse","floor":4,"turns":1},{"damage":15,"enemies":"Gremlin Nob","floor":6,"turns":3},{"damage":36,"enemies":"Lagavulin","floor":12,"turns":5},{"damage":12,"enemies":"Large Slime","floor":13,"turns":4},{"damage":7,"enemies":"Blue Slaver","floor":14,"turns":2},{"damage":7,"enemies":"The Guardian","floor":16,"turns":4}],"seed_played":"-7243160252470806317","potions_obtained":[{"floor":1,"key":"Explosive Potion"},{"floor":2,"key":"FearPotion"}],"is_trial":false,"path_per_floor":["M","M","?","M","?","E","R","?","T","R","?","E","M","M","R","B"],"character_chosen":"HERMIT","items_purchased":[],"campfire_rested":2,"item_purchase_floors":[],"current_hp_per_floor":[64,64,64,64,53,38,59,59,59,68,68,32,20,13,46,39,39],"gold":298,"neow_bonus":"THREE_ENEMY_KILL","is_daily":false,"chose_seed":false,"campfire_upgraded":1,"win_rate":0.0,"timestamp":1608396679,"path_taken":["M","M","?","M","?","E","R","?","T","R","?","E","M","M","R","BOSS"],"items_purchased_type":[],"build_version":"2020-12-13","purchased_purges":0,"victory":false,"max_hp_per_floor":[71,71,71,71,71,71,71,71,71,71,71,71,71,71,71,71,71],"card_choices":[{"not_picked":["hermit:Showdown","hermit:TrackingShot"],"picked":"hermit:Headshot","floor":1},{"not_picked":["hermit:Misfire","hermit:Showdown"],"picked":"hermit:Virtue","floor":2},{"not_picked":["hermit:ItchyTrigger","hermit:LoneWolf"],"picked":"hermit:Enervate","floor":4},{"not_picked":["hermit:Adapt","hermit:TakeAim"],"picked":"hermit:NoHoldsBarred","floor":6},{"not_picked":["hermit:Roulette","hermit:Brawl"],"picked":"hermit:Headshot","floor":12},{"not_picked":["hermit:ItchyTrigger","hermit:Snipe"],"picked":"hermit:BodyArmor","floor":13},{"not_picked":["hermit:Headshot","hermit:PistolWhip"],"picked":"hermit:HeroicBravado","floor":14}],"player_experience":641546,"relics_obtained":[{"floor":6,"key":"Blue Candle"},{"floor":9,"key":"Eternal Feather"},{"floor":12,"key":"Oddly Smooth Stone"}],"event_choices":[{"damage_healed":0,"gold_gain":0,"player_choice":"Box","damage_taken":0,"relics_obtained":["The Courier"],"max_hp_gain":0,"max_hp_loss":0,"event_name":"Big Fish","floor":3,"gold_loss":0,"cards_obtained":["Regret"]},{"damage_healed":0,"gold_gain":0,"player_choice":"Success","damage_taken":11,"relics_obtained":["InkBottle"],"max_hp_gain":0,"max_hp_loss":0,"event_name":"Scrap Ooze","floor":5,"gold_loss":0},{"damage_healed":0,"gold_gain":0,"player_choice":"Take Wound","damage_taken":0,"relics_obtained":["Golden Idol"],"max_hp_gain":0,"max_hp_loss":0,"event_name":"Golden Idol","floor":8,"gold_loss":0,"cards_obtained":["Injury"]},{"damage_healed":0,"gold_gain":54,"player_choice":"Gained Gold","damage_taken":0,"max_hp_gain":0,"max_hp_loss":0,"event_name":"Golden Wing","floor":11,"gold_loss":0}],"is_beta":false,"boss_relics":[],"items_purged_floors":[],"is_endless":false,"potions_floor_spawned":[1,2],"killed_by":"The Guardian","ascension_level":15}}