{"host":"naykp6d9ulahlwib","time":1608420543,"event":{"mods":["BaseMod","Highlight Path","Minty Spire (QoL Compilation)","Shop Mod","StSLib"],"gold_per_floor":[119,194,194,211,211,237,237,249,249,17,49,63,63,63,63,156,156,177,195,195,205,49,49,62,62,62],"floor_reached":25,"playtime":2113,"items_purged":["Strike_B"],"score":389,"play_id":"e2fd7cd5-b865-417c-adc2-f478d90c0e08","local_time":"20201219172903","is_ascension_mode":true,"campfire_choices":[{"floor":7,"key":"REST"},{"data":"Chaos","floor":15,"key":"SMITH"},{"floor":23,"key":"REST"}],"circlet_count":0,"master_deck":["AscendersBane","Strike_B","Strike_B","Strike_B","Defend_B+1","Defend_B","Defend_B","Defend_B","Zap+1","Dualcast","Turbo","FTL","Leap","Chaos+1","FTL","Barrage","Echo Form","Leap+1","Recycle+1"],"relics":["Cracked Core","NeowsBlessing","Letter Opener","Question Card","Juzu Bracelet","Runic Capacitor","Ginger","Bloody Idol","Cursed Key","Oddly Smooth Stone"],"acts_visited":["Exordium","TheCity"],"potions_floor_usage":[12,18,18,25,25],"damage_taken":[{"damage":0,"enemies":"Small Slimes","floor":1,"turns":1},{"damage":0,"enemies":"Jaw Worm","floor":4,"turns":1},{"damage":0,"enemies":"Lagavulin","floor":6,"turns":1},{"damage":0,"enemies":"Cultist","floor":8,"turns":3},{"damage":13,"enemies":"3 Sentries","floor":11,"turns":6},{"damage":0,"enemies":"Looter","floor":12,"turns":3},{"damage":23,"enemies":"The Guardian","floor":16,"turns":10},{"damage":27,"enemies":"2 Thieves","floor":18,"turns":5},{"damage":11,"enemies":"Spheric Guardian","floor":19,"turns":4},{"damage":14,"enemies":"Snake Plant","floor":21,"turns":5},{"damage":17,"enemies":"Sentry and Sphere","floor":24,"turns":5},{"damage":33,"enemies":"Slavers","floor":25,"turns":3}],"seed_played":"-975541231738222504","potions_obtained":[{"floor":1,"key":"SkillPotion"},{"floor":4,"key":"LiquidMemories"},{"floor":14,"key":"Regen Potion"},{"floor":19,"key":"CultistPotion"},{"floor":24,"key":"FocusPotion"}],"is_trial":false,"path_per_floor":["M","?","?","M","?","E","R","M","T","$","E","M","?","?","R","B",null,"M","M","?","M","$","R","M","E"],"character_chosen":"DEFECT","items_purchased":["Runic Capacitor","Oddly Smooth Stone"],"campfire_rested":2,"item_purchase_floors":[10,22],"current_hp_per_floor":[68,57,54,54,39,39,61,61,61,61,48,48,48,48,48,25,58,45,34,34,25,25,45,33,0,0],"gold":62,"neow_bonus":"THREE_ENEMY_KILL","is_daily":false,"chose_seed":false,"campfire_upgraded":1,"win_rate":0.0,"timestamp":1608420543,"path_taken":["M","?","?","M","?","E","R","M","T","$","E","M","?","?","R","BOSS","M","M","?","M","$","R","M","E"],"items_purchased_type":["Relic","Relic"],"build_version":"2020-12-13","purchased_purges":1,"victory":false,"max_hp_per_floor":[75,75,75,75,75,75,75,75,75,75,75,75,69,69,69,69,69,69,69,69,69,69,69,69,69,69],"card_choices":[{"not_picked":["Chill","Melter"],"picked":"Turbo","floor":1},{"not_picked":["Force Field","Redo"],"picked":"FTL","floor":4},{"not_picked":["Go for the Eyes","Steam"],"picked":"Leap","floor":6},{"not_picked":["Stack","Compile Driver","Reinforced Body"],"picked":"Chaos","floor":8},{"not_picked":["Coolheaded","Beam Cell","Hologram"],"picked":"FTL","floor":11},{"not_picked":["Compile Driver","Streamline","Beam Cell"],"picked":"Barrage","floor":12},{"not_picked":["Electrodynamics","Core Surge","Hyperbeam"],"picked":"Echo Form","floor":16},{"not_picked":["Melter","Go for the Eyes","Double Energy"],"picked":"Leap+1","floor":18},{"not_picked":["Hologram","Turbo","Lockon","Stack"],"picked":"SKIP","floor":19},{"not_picked":["Compile Driver","Hologram","Chill"],"picked":"Recycle+1","floor":21},{"not_picked":["Rebound+1","Steam","Coolheaded","Blizzard"],"picked":"SKIP","floor":24}],"player_experience":836493,"relics_obtained":[{"floor":6,"key":"Question Card"},{"floor":9,"key":"Juzu Bracelet"},{"floor":11,"key":"Ginger"}],"event_choices":[{"damage_healed":0,"gold_gain":75,"player_choice":"Gather Gold","damage_taken":11,"max_hp_gain":0,"max_hp_loss":0,"event_name":"World of Goop","floor":2,"gold_loss":0},{"damage_healed":0,"gold_gain":0,"player_choice":"Success","damage_taken":3,"relics_obtained":["Letter Opener"],"max_hp_gain":0,"max_hp_loss":0,"event_name":"Scrap Ooze","floor":3,"gold_loss":0},{"damage_healed":0,"gold_gain":0,"player_choice":"Entered Light","damage_taken":15,"max_hp_gain":0,"max_hp_loss":0,"event_name":"Shining Light","floor":5,"gold_loss":0,"cards_upgraded":["Zap","Defend_B"]},{"damage_healed":0,"gold_gain":0,"player_choice":"Lose Max HP","damage_taken":0,"relics_obtained":["Golden Idol"],"max_hp_gain":0,"max_hp_loss":6,"event_name":"Golden Idol","floor":13,"gold_loss":0},{"damage_healed":0,"gold_gain":0,"player_choice":"Got Potions","damage_taken":0,"max_hp_gain":0,"max_hp_loss":0,"event_name":"Lab","floor":14,"gold_loss":0},{"damage_healed":0,"gold_gain":0,"player_choice":"Gave Idol","damage_taken":0,"relics_obtained":["Bloody Idol"],"max_hp_gain":0,"max_hp_loss":0,"event_name":"Forgotten Altar","floor":20,"relics_lost":["Golden Idol"],"gold_loss":0}],"is_beta":false,"boss_relics":[{"not_picked":["SlaversCollar","Black Star"],"picked":"Cursed Key"}],"items_purged_floors":[10],"is_endless":false,"potions_floor_spawned":[1,4,6,16,19,24],"killed_by":"Slavers","ascension_level":13}}