{"host":"6xsbn6ynqlzwllfm","time":1608354687,"event":{"mods":["2.2 Compatiblity","BaseMod","Bestiary","Colored Map","Colored Powertips","Curses Come First","Downfall","Highlight Path","Keyboard Shortcuts","Minty Spire (QoL Compilation)","Quick Restart","Relic Stats","Slay the Relics Exporter","StSLib","SuperFastMode"],"gold_per_floor":[109,127,127,137,137,166,166,180,203,219,219,219,237,237,237,315,315,335,260,150,168,181,181,206,52,52,52,52,87,107,124,124,195,195,205,215,38,38,38,38,86,86,86,86,102,121,146,160,160,160],"floor_reached":51,"playtime":2489,"items_purged":["Guardian:Strike_Guardian","Guardian:Strike_Guardian"],"score":1165,"play_id":"fcf16197-9efa-49fc-a578-a516ad428af5","local_time":"20201219001127","is_ascension_mode":true,"campfire_choices":[{"data":"Guardian:CurlUp","floor":7,"key":"SMITH"},{"data":"Guardian:PiercingHide","floor":11,"key":"SMITH"},{"data":"Guardian:TemporalShield","floor":15,"key":"SMITH"},{"data":"Guardian:SphericShield","floor":23,"key":"SMITH"},{"floor":32,"key":"REST"},{"data":"Guardian:Planning","floor":40,"key":"SMITH"},{"floor":42,"key":"REST"},{"floor":44,"key":"REST"},{"floor":49,"key":"REST"}],"circlet_count":0,"master_deck":["AscendersBane","Guardian:Defend_Guardian+1","Guardian:Defend_Guardian","Guardian:Defend_Guardian","Guardian:CurlUp+1","Guardian:TwinSlam","Guardian:Incinerate","Guardian:Reroute","Guardian:TemporalShield+1","Guardian:PiercingHide+1","Guardian:SphericShield+1","Guardian:ChargeUp","Guardian:PrismaticBarrier","Guardian:Reroute","Guardian:FierceBash","Guardian:TimeSifter","Guardian:AncientConstruct","Guardian:Harden","Guardian:Planning+1","Guardian:EvasiveProtocol"],"relics":["Guardian:ModeShifter","Guardian:PickAxe","Bronze Scales","Happy Flower","Cursed Key","Boot","Strawberry","Black Star","Thread and Needle","Prayer Wheel"],"acts_visited":["Exordium","TheCity","TheBeyond"],"potions_floor_usage":[6,16,16,24,29,31,33,41,50,50],"damage_taken":[{"damage":2,"enemies":"2 Louse","floor":1,"turns":3},{"damage":5,"enemies":"Small Slimes","floor":2,"turns":4},{"damage":0,"enemies":"Cultist","floor":4,"turns":5},{"damage":22,"enemies":"Lagavulin","floor":6,"turns":8},{"damage":7,"enemies":"3 Louse","floor":8,"turns":3},{"damage":5,"enemies":"Looter","floor":10,"turns":2},{"damage":10,"enemies":"Gremlin Gang","floor":13,"turns":5},{"damage":2,"enemies":"Hexaghost","floor":16,"turns":7},{"damage":0,"enemies":"3 Byrds","floor":18,"turns":3},{"damage":0,"enemies":"Shell Parasite","floor":21,"turns":5},{"damage":0,"enemies":"3 Cultists","floor":22,"turns":5},{"damage":24,"enemies":"Gremlin Leader","floor":24,"turns":8},{"damage":12,"enemies":"Slavers","floor":29,"turns":5},{"damage":19,"enemies":"Snecko","floor":30,"turns":5},{"damage":0,"enemies":"Snake Plant","floor":31,"turns":4},{"damage":7,"enemies":"Automaton","floor":33,"turns":9},{"damage":6,"enemies":"Orb Walker","floor":35,"turns":5},{"damage":9,"enemies":"3 Darklings","floor":36,"turns":6},{"damage":56,"enemies":"2 Orb Walkers","floor":41,"turns":8},{"damage":0,"enemies":"4 Shapes","floor":45,"turns":7},{"damage":0,"enemies":"Maw","floor":46,"turns":8},{"damage":4,"enemies":"Mind Bloom Boss Battle","floor":47,"turns":8},{"damage":18,"enemies":"Jaw Worm Horde","floor":48,"turns":6},{"damage":23,"enemies":"Time Eater","floor":50,"turns":10}],"seed_played":"2948268968182304366","potions_obtained":[{"floor":2,"key":"SteroidPotion"},{"floor":6,"key":"SteroidPotion"},{"floor":10,"key":"champ:CounterPotion"},{"floor":12,"key":"BlessingOfTheForge"},{"floor":16,"key":"Swift Potion"},{"floor":21,"key":"Fire Potion"},{"floor":29,"key":"SpeedPotion"},{"floor":31,"key":"SteroidPotion"},{"floor":33,"key":"Guardian:AcceleratePotion"},{"floor":41,"key":"Energy Potion"},{"floor":45,"key":"Strength Potion"},{"floor":46,"key":"Guardian:DefensiveModePotion"}],"is_trial":false,"path_per_floor":["M","M","?","M","?","E","R","M","T","M","R","?","M","?","R","B",null,"M","$","?","M","M","R","E","$","T","R","?","E","M","M","R","B",null,"M","M","$","?","$","R","?","R","T","R","M","M","?","M","R","B",null],"character_chosen":"GUARDIAN","items_purchased":["Guardian:FierceBash","Guardian:Gem_Purple"],"campfire_rested":4,"item_purchase_floors":[25,37],"current_hp_per_floor":[70,65,70,70,54,32,32,25,25,20,20,20,10,10,10,8,65,65,65,65,65,65,65,41,41,41,41,41,36,17,17,44,37,78,72,63,63,63,63,63,7,34,34,61,61,61,57,39,66,43],"gold":160,"neow_bonus":"TEN_PERCENT_HP_BONUS","is_daily":false,"chose_seed":false,"campfire_upgraded":5,"win_rate":0.0,"timestamp":1608354687,"path_taken":["M","M","?","M","?","E","R","M","T","M","R","?","?","?","R","BOSS","M","$","?","?","M","R","E","?","T","R","?","E","?","M","R","BOSS","M","M","$","?","?","R","?","R","T","R","M","M","?","M","R","BOSS"],"items_purchased_type":["Card","Card"],"build_version":"2020-12-13","purchased_purges":2,"victory":true,"max_hp_per_floor":[79,79,84,84,84,84,84,84,84,84,84,84,84,84,84,84,84,84,84,84,84,84,84,84,84,84,84,84,91,91,91,91,91,91,91,91,91,91,91,91,91,91,91,91,91,91,91,91,91,91],"relic_stats":{"Happy Flower":[38],"counters":[24,139],"Bronze Scales":[451],"Prayer Wheel":1,"Black Star":0,"Cursed Key":0,"Boot":[34],"obtain_stats":[{"Guardian:PickAxe":5,"Happy Flower":9,"Bronze Scales":6,"Strawberry":29,"Guardian:ModeShifter":0,"Thread and Needle":41,"Prayer Wheel":47,"Black Star":34,"Cursed Key":17,"Boot":24},{"Guardian:PickAxe":3,"Happy Flower":5,"Bronze Scales":4,"Strawberry":13,"Guardian:ModeShifter":0,"Thread and Needle":19,"Prayer Wheel":22,"Black Star":16,"Cursed Key":8,"Boot":12},{"Guardian:PickAxe":12,"Happy Flower":23,"Bronze Scales":20,"Strawberry":63,"Guardian:ModeShifter":0,"Thread and Needle":100,"Prayer Wheel":123,"Black Star":81,"Cursed Key":37,"Boot":58}]},"card_choices":[{"not_picked":["Guardian:Gem_Lightblue","Guardian:TimeCapacitor"],"picked":"Guardian:Gem_Cyan","floor":1},{"not_picked":["Guardian:CrystalBeam","Guardian:TemporalStrike"],"picked":"Guardian:Incinerate","floor":2},{"not_picked":["Guardian:VentSteam","Guardian:Gem_Yellow"],"picked":"Guardian:Reroute","floor":4},{"not_picked":["Guardian:Repulse","Guardian:DecasProtection"],"picked":"Guardian:TemporalShield","floor":6},{"not_picked":["Guardian:Planning","Guardian:WalkerClaw"],"picked":"Guardian:PiercingHide","floor":8},{"not_picked":["Guardian:FloatingOrbs","Guardian:ShieldCharger"],"picked":"Guardian:Gem_Cyan","floor":10},{"not_picked":["Guardian:Gem_Red","Guardian:DecasProtection","Guardian:TemporalShield"],"picked":"SKIP","floor":13},{"not_picked":["Guardian:FastForward","Guardian:StasisEngine"],"picked":"Guardian:SphericShield","floor":16},{"not_picked":["Guardian:BronzeOrb","Guardian:ShieldCharger"],"picked":"Guardian:ChargeUp","floor":18},{"not_picked":["Guardian:CrystalBeam","Guardian:Gem_Purple"],"picked":"Guardian:PrismaticBarrier","floor":21},{"not_picked":["Guardian:DonusPower","Guardian:TemporalStrike","Guardian:Suspension"],"picked":"SKIP","floor":22},{"not_picked":["Guardian:PrimingBeam","Guardian:RollAttack"],"picked":"Guardian:Reroute","floor":24},{"not_picked":["Guardian:PiercingHide","Guardian:Orbwalk"],"picked":"Guardian:TimeSifter","floor":29},{"not_picked":["Guardian:ChargeCore","Guardian:TimeBomb","Guardian:FuturePlans"],"picked":"SKIP","floor":30},{"not_picked":["Guardian:Reroute","Guardian:PrimingBeam","Guardian:TimeBomb"],"picked":"SKIP","floor":31},{"not_picked":["Guardian:FierceBash","Guardian:BaubleBeam"],"picked":"Guardian:AncientConstruct","floor":33},{"not_picked":["Guardian:Suspension","Guardian:Gem_Red"],"picked":"Guardian:Harden","floor":35},{"not_picked":["Guardian:Gem_Lightblue","Guardian:Emergency"],"picked":"Guardian:Planning","floor":36},{"not_picked":["Guardian:GuardianWhirl","Guardian:Harden"],"picked":"Guardian:EvasiveProtocol","floor":41},{"not_picked":["Guardian:RollAttack","Guardian:ShieldCharger","Guardian:Reroute"],"picked":"SKIP","floor":45},{"not_picked":["Guardian:ArmoredProtocol+1","Guardian:WalkerClaw+1"],"picked":"Guardian:Gem_Crimson","floor":46},{"not_picked":["Guardian:TemporalStrike+1","Guardian:PiercingHide"],"picked":"Guardian:Gem_Blue","floor":48},{"not_picked":["Guardian:ShieldCharger+1","Guardian:Gem_Crimson","Guardian:TemporalStrike"],"picked":"SKIP","floor":48}],"player_experience":1248059,"relics_obtained":[{"floor":6,"key":"Bronze Scales"},{"floor":9,"key":"Happy Flower"},{"floor":24,"key":"Boot"},{"floor":29,"key":"Strawberry"},{"floor":41,"key":"Thread and Needle"},{"floor":47,"key":"Prayer Wheel"}],"event_choices":[{"damage_healed":0,"gold_gain":0,"player_choice":"Donut","damage_taken":0,"max_hp_gain":5,"max_hp_loss":0,"event_name":"Big Fish","floor":3,"gold_loss":0},{"damage_healed":0,"gold_gain":0,"player_choice":"Got Potions","damage_taken":0,"max_hp_gain":0,"max_hp_loss":0,"event_name":"Lab","floor":12,"gold_loss":0},{"cards_removed":["Guardian:Defend_Guardian"],"damage_healed":0,"gold_gain":0,"player_choice":"Upgrade and Remove","damage_taken":0,"max_hp_gain":0,"max_hp_loss":0,"event_name":"Designer","floor":20,"gold_loss":110,"cards_upgraded":["Guardian:Defend_Guardian"]},{"cards_removed":["Guardian:Strike_Guardian"],"damage_healed":0,"gold_gain":0,"player_choice":"Offered Basic","damage_taken":0,"max_hp_gain":0,"max_hp_loss":0,"event_name":"Bonfire Elementals","floor":28,"gold_loss":0},{"damage_healed":0,"gold_gain":0,"player_choice":"Fight","damage_taken":0,"max_hp_gain":0,"max_hp_loss":0,"event_name":"Mysterious Sphere","floor":41,"gold_loss":0},{"damage_healed":0,"gold_gain":0,"player_choice":"Fight","damage_taken":0,"max_hp_gain":0,"max_hp_loss":0,"event_name":"MindBloom","floor":47,"gold_loss":0}],"is_beta":false,"boss_relics":[{"not_picked":["Runic Pyramid","Velvet Choker"],"picked":"Cursed Key"},{"not_picked":["Guardian:ModeShifterPlus","Empty Cage"],"picked":"Black Star"}],"items_purged_floors":[19,37],"is_endless":false,"potions_floor_spawned":[2,6,10,16,21,29,31,33,41,45,46],"ascension_level":15}}