{"host":"dbo0lztt1pyfwysk","time":1608407293,"event":{"mods":["Act Like it!","BaseMod","Conspire","Downfall","Gensokyo","GifTheSpireLib","Hubris","Infinite Spire","KinomotoSakuraMod(????)","Koishi","Luminous","Marisa????????","Minty Spire (QoL Compilation)","Prisma Mod","Remilia??????","Replay The Spire","Shade Mod","Shop Mod","StSLib","The Gatherer"],"gold_per_floor":[115,115,34,34,47,81,81,98,148,148,148,148,173,189,189,189,189],"floor_reached":16,"playtime":450,"items_purged":[],"score":173,"play_id":"cdcb8030-fd3b-4d31-b202-806527c870fa","local_time":"20201219204813","is_ascension_mode":true,"campfire_choices":[{"data":"Footwork","floor":7,"key":"SMITH"},{"data":"Finisher","floor":10,"key":"SMITH"},{"data":"Crippling Poison","floor":15,"key":"SMITH"}],"circlet_count":0,"master_deck":["AscendersBane","Strike_G","Strike_G","Strike_G","Defend_G","Defend_G","Defend_G","Defend_G","Defend_G","Survivor","Neutralize","Accuracy","Noxious Fumes+1","Footwork+1","Finisher+1","Crippling Poison+1"],"relics":["Ring of the Snake","hubris:Icosahedron","Snack Pack","Replay:Baseball","Replay:WaspNest"],"acts_visited":["Exordium"],"potions_floor_usage":[13,13,16],"damage_taken":[{"damage":0,"enemies":"conspire:RoseBush","floor":1,"turns":6},{"damage":0,"enemies":"2 Louse","floor":5,"turns":3},{"damage":2,"enemies":"Lagavulin","floor":6,"turns":10},{"damage":4,"enemies":"Jaw Worm","floor":8,"turns":5},{"damage":24,"enemies":"Gremlin Nob","floor":13,"turns":5},{"damage":3,"enemies":"2 Fungi Beasts","floor":14,"turns":3},{"damage":43,"enemies":"Slime Boss","floor":16,"turns":12}],"seed_played":"-4247092960822440486","potions_obtained":[{"floor":6,"key":"ColorlessPotion"},{"floor":8,"key":"Toxic Potion"},{"floor":14,"key":"sneckomod:MuddlingPotion"}],"is_trial":false,"path_per_floor":["M","?","$","?","M","E","R","M","T","R","?","?","E","M","R","B"],"character_chosen":"THE_SILENT","items_purchased":["Noxious Fumes"],"campfire_rested":0,"item_purchase_floors":[3],"current_hp_per_floor":[63,63,63,63,63,61,61,57,57,57,57,62,44,41,41,0,0],"gold":189,"neow_bonus":"REMOVE_CARD","is_daily":false,"chose_seed":false,"campfire_upgraded":3,"win_rate":0.0,"timestamp":1608407293,"path_taken":["M","?","$","?","M","E","R","M","T","R","?","?","E","M","R","BOSS"],"items_purchased_type":["Card"],"build_version":"2020-12-13","purchased_purges":0,"victory":false,"max_hp_per_floor":[70,70,70,70,70,70,70,70,70,70,70,75,75,75,75,75,75],"card_choices":[{"not_picked":["Fluid Movement","conspire:DoublingDagger"],"picked":"Accuracy","floor":1},{"not_picked":["Prepared","PiercingWail"],"picked":"Footwork","floor":5},{"not_picked":["Phantasmal Killer","Deadly Poison","Flying Knee"],"picked":"SKIP","floor":6},{"not_picked":["Sucker Punch","Eviscerate"],"picked":"Finisher","floor":8},{"not_picked":["Dodge and Roll","ReplayTheSpireMod:Exploit Weakness"],"picked":"Crippling Poison","floor":13},{"not_picked":["Reflex","Poisoned Stab","Outmaneuver"],"picked":"SKIP","floor":14}],"player_experience":604207,"relics_obtained":[{"floor":6,"key":"Snack Pack"},{"floor":9,"key":"Replay:Baseball"},{"floor":13,"key":"Replay:WaspNest"}],"event_choices":[{"cards_removed":["Strike_G"],"damage_healed":0,"gold_gain":0,"player_choice":"Forget","damage_taken":0,"max_hp_gain":0,"max_hp_loss":0,"event_name":"Living Wall","floor":11,"gold_loss":0},{"damage_healed":0,"gold_gain":0,"player_choice":"Donut","damage_taken":0,"max_hp_gain":5,"max_hp_loss":0,"event_name":"Big Fish","floor":12,"gold_loss":0}],"is_beta":false,"boss_relics":[],"items_purged_floors":[],"is_endless":false,"potions_floor_spawned":[6,8,14],"killed_by":"Slime Boss","ascension_level":12}}