{"host":"zr590xw2unlz0wv7","time":1608371703,"event":{"mods":["BaseMod","Minty Spire (QoL Compilation)","READ ME - Guardian Mod","StSLib"],"gold_per_floor":[116,93,93,108,127,158,158,158,231,249,264,275,290,290,290,393,393,393],"floor_reached":17,"playtime":518,"items_purged":[],"score":199,"play_id":"f8267d1c-5060-4f0b-aa06-3541ebd31a24","local_time":"20201219175503","is_ascension_mode":true,"campfire_choices":[{"floor":7,"key":"REST"},{"floor":15,"key":"RECALL"}],"circlet_count":0,"master_deck":["Strike_P+1","Strike_P","Strike_P+1","Strike_P","Defend_P","Defend_P","Defend_P","Defend_P","Eruption","Vigilance","Pray","ClearTheMind+1","SandsOfTime","Vengeance","Evaluate","Consecrate","SpiritShield","CrushJoints","Perseverance","Brilliance"],"relics":["PureWater","NeowsBlessing","Bag of Marbles","Eternal Feather","Busted Crown"],"acts_visited":["Exordium","TheCity"],"potions_floor_usage":[6,11,11,16,16,16,16,16],"damage_taken":[{"damage":0.0,"enemies":"Jaw Worm","floor":1.0,"turns":1.0},{"damage":0.0,"enemies":"Cultist","floor":4.0,"turns":1.0},{"damage":0.0,"enemies":"2 Louse","floor":5.0,"turns":1.0},{"damage":40,"enemies":"Gremlin Nob","floor":6,"turns":4},{"damage":9,"enemies":"2 Fungi Beasts","floor":10,"turns":3},{"damage":4,"enemies":"Blue Slaver","floor":11,"turns":3},{"damage":0,"enemies":"Lots of Slimes","floor":12,"turns":4},{"damage":9,"enemies":"Red Slaver","floor":13,"turns":2},{"damage":46,"enemies":"Hexaghost","floor":16,"turns":9}],"seed_played":"4818762455295893994","potions_obtained":[{"floor":1.0,"key":"BottledMiracle"},{"floor":5.0,"key":"GamblersBrew"},{"floor":6,"key":"LiquidMemories"},{"floor":11,"key":"DuplicationPotion"},{"floor":13,"key":"EntropicBrew"},{"floor":16,"key":"Fire Potion"}],"is_trial":false,"path_per_floor":["M","$","?","M","M","E","R","?","T","M","M","M","M","?","R","B",null],"character_chosen":"WATCHER","items_purchased":["ClearTheMind"],"campfire_rested":1,"item_purchase_floors":[2],"current_hp_per_floor":[72,72,58,58,58,18,39,39,39,30,26,26,17,41,50,4,55,55],"gold":393,"neow_bonus":"THREE_ENEMY_KILL","is_daily":false,"chose_seed":false,"campfire_upgraded":0,"win_rate":0.0,"timestamp":1608371703,"path_taken":["M","$","?","M","M","E","R","?","T","M","?","M","M","?","R","BOSS"],"items_purchased_type":["Card"],"build_version":"2020-12-13","purchased_purges":0,"victory":false,"max_hp_per_floor":[72,72,72,72,72,72,72,72,72,72,72,72,72,72,72,72,72,72],"card_choices":[{"not_picked":["Study","Evaluate"],"picked":"Pray","floor":1.0},{"not_picked":["Crescendo","Wallop"],"picked":"SandsOfTime","floor":4.0},{"not_picked":["FlurryOfBlows","BowlingBash"],"picked":"Vengeance","floor":5.0},{"not_picked":["Halt","WreathOfFlame"],"picked":"Evaluate","floor":6},{"not_picked":["Nirvana","ThirdEye"],"picked":"Consecrate","floor":10},{"not_picked":["WheelKick","Crescendo"],"picked":"SpiritShield","floor":11},{"not_picked":["DeceiveReality","WaveOfTheHand"],"picked":"CrushJoints","floor":12},{"not_picked":["Halt","Nirvana"],"picked":"Perseverance","floor":13},{"not_picked":["Judgement","Vault"],"picked":"Brilliance","floor":16}],"player_experience":503980,"relics_obtained":[{"floor":6,"key":"Bag of Marbles"},{"floor":9,"key":"Eternal Feather"}],"event_choices":[{"damage_healed":0.0,"max_hp_gain":0.0,"max_hp_loss":0.0,"gold_gain":0.0,"event_name":"Shining Light","player_choice":"Entered Light","floor":3.0,"gold_loss":0.0,"damage_taken":14.0,"cards_upgraded":["Strike_P","Strike_P"]},{"damage_healed":0,"gold_gain":0,"player_choice":"Upgraded","damage_taken":0,"max_hp_gain":0,"max_hp_loss":0,"event_name":"Upgrade Shrine","floor":8,"gold_loss":0,"cards_upgraded":["ClearTheMind"]},{"damage_healed":24,"gold_gain":0,"player_choice":"Banana","damage_taken":0,"max_hp_gain":0,"max_hp_loss":0,"event_name":"Big Fish","floor":14,"gold_loss":0}],"is_beta":false,"boss_relics":[{"not_picked":["Runic Pyramid","SlaversCollar"],"picked":"Busted Crown"}],"items_purged_floors":[],"is_endless":false,"potions_floor_spawned":[1,5,6,11,13,16],"ascension_level":5}}