{"host":"nox","time":1608375109,"event":{"mods":["Aspiration","BaseMod","Better Third Choice","Colored Powertips","Conspire","Hubris","Infinite Spire","Minty Spire (QoL Compilation)","Quick Restart","Rare Cards Sparkle","Replay The Spire","Shop Mod","Spikes Relics","StSLib","SuperFastMode","The Alterego","vexMod"],"gold_per_floor":[109,126,126,144,219,246,246,246,246],"floor_reached":8,"playtime":222,"items_purged":[],"score":67,"play_id":"23ad677b-0745-43ab-a15a-0be4dccc6358","local_time":"20201219175149","is_ascension_mode":true,"campfire_choices":[],"circlet_count":0,"master_deck":["Strike_B","Strike_B","Strike_B","Strike_B","Defend_B","Defend_B","Defend_B","Defend_B","Zap","Dualcast","hubris:Ukulele"],"relics":["Burning Blood","infinitespire:Cubic Diamond","hubris:Teleporter","hubris:Icosahedron"],"acts_visited":["Exordium"],"potions_floor_usage":[],"damage_taken":[{"damage":6.0,"enemies":"Jaw Worm","floor":1.0,"turns":4.0},{"damage":11.0,"enemies":"Small Slimes","floor":2.0,"turns":3.0},{"damage":3.0,"enemies":"2 Louse","floor":4.0,"turns":3.0},{"damage":25.0,"enemies":"Lagavulin","floor":6.0,"turns":6.0},{"damage":40,"enemies":"3 Sentries","floor":8,"turns":8}],"seed_played":"-6103124875552794291","potions_obtained":[{"floor":2.0,"key":"DistilledChaos"}],"is_trial":false,"path_per_floor":["M","M","?","M","?","E","?","E"],"character_chosen":"DEFECT","items_purchased":[],"campfire_rested":0,"item_purchase_floors":[],"current_hp_per_floor":[76,65,65,68,57,38,38,0,0],"gold":246,"neow_bonus":"TEN_PERCENT_HP_BONUS","is_daily":false,"chose_seed":false,"campfire_upgraded":0,"win_rate":0.0,"timestamp":1608375109,"path_taken":["M","M","?","M","?","E","?","E"],"items_purchased_type":[],"build_version":"2020-11-17","purchased_purges":0,"victory":false,"max_hp_per_floor":[82,82,82,82,82,82,82,82,82],"card_choices":[{"not_picked":["Coolheaded","Time Bomb","Redo"],"picked":"SKIP","floor":1.0},{"not_picked":["Steam","ReplaySolidLightProjector"],"picked":"hubris:Ukulele","floor":2.0},{"not_picked":["Sunder","Glacier","Hologram"],"picked":"SKIP","floor":4.0},{"not_picked":["Reinforced Body","Consume","Panic Button"],"picked":"SKIP","floor":6.0}],"player_experience":196427,"relics_obtained":[{"floor":6.0,"key":"hubris:Teleporter"}],"event_choices":[{"damage_healed":0.0,"max_hp_gain":0.0,"max_hp_loss":0.0,"gold_gain":75.0,"event_name":"betterThird:BetterGoop","player_choice":"Gold","floor":5.0,"gold_loss":0.0,"damage_taken":11.0}],"is_beta":true,"boss_relics":[],"items_purged_floors":[],"is_endless":false,"potions_floor_spawned":[2],"killed_by":"3 Sentries","ascension_level":4}}