{"host":"aqym1xxr3lb31d9m","time":1608383645,"event":{"mods":["BaseMod","Block Reminder","Colored Map","Colored Powertips","DeckTracker","Highlight Path","Minty Spire (QoL Compilation)","Practice Mode","Quick Restart","Random Character Button","StSLib","SuperFastMode"],"gold_per_floor":[14,61,80,91,109,109,128,128,128,128,138,138,206,256,256,352,352,365,386,24,124,198,198,222,222,297,347,397,397,397,397],"floor_reached":30,"playtime":1157,"items_purged":[],"score":544,"play_id":"bf77cd50-8927-4b44-98ce-1716bea4864b","local_time":"20201219221405","is_ascension_mode":true,"campfire_choices":[{"data":"Dagger Spray","floor":6,"key":"SMITH"},{"data":"Neutralize","floor":8,"key":"SMITH"},{"data":"Cloak And Dagger","floor":15,"key":"SMITH"},{"data":"Prepared","floor":23,"key":"SMITH"},{"data":"Well Laid Plans","floor":25,"key":"SMITH"},{"data":"Ghostly","floor":29,"key":"SMITH"}],"circlet_count":0,"master_deck":["AscendersBane","Strike_G","Strike_G","Strike_G","Defend_G","Defend_G","Defend_G","Defend_G","Defend_G","Survivor","Neutralize+1","Reflex","Well Laid Plans+1","Slice","PiercingWail","Dagger Spray+1","Sucker Punch","Tactician","Cloak And Dagger+1","Masterful Stab","Tools of the Trade","Backstab","Eviscerate+1","Prepared+1","Acrobatics","Blade Dance","Ghostly+1","Ghostly","Ghostly"],"relics":["Ring of the Serpent","Orichalcum","Shuriken","SsserpentHead","Golden Idol","Ice Cream","Sundial"],"acts_visited":["Exordium","TheCity"],"potions_floor_usage":[13,16,30],"damage_taken":[{"damage":1,"enemies":"Cultist","floor":1,"turns":5},{"damage":0,"enemies":"2 Louse","floor":3,"turns":4},{"damage":0,"enemies":"Jaw Worm","floor":4,"turns":4},{"damage":10,"enemies":"Red Slaver","floor":5,"turns":5},{"damage":1,"enemies":"2 Fungi Beasts","floor":7,"turns":3},{"damage":6,"enemies":"Blue Slaver","floor":11,"turns":5},{"damage":3,"enemies":"Red Slaver","floor":13,"turns":4},{"damage":0,"enemies":"Slime Boss","floor":16,"turns":7},{"damage":0,"enemies":"3 Byrds","floor":18,"turns":5},{"damage":11,"enemies":"Shell Parasite","floor":19,"turns":5},{"damage":18,"enemies":"Chosen and Byrds","floor":22,"turns":5},{"damage":15,"enemies":"Snecko","floor":24,"turns":5},{"damage":18,"enemies":"Slavers","floor":30,"turns":1}],"seed_played":"-7363183132582323525","potions_obtained":[{"floor":4,"key":"SmokeBomb"},{"floor":7,"key":"Poison Potion"},{"floor":10,"key":"Fire Potion"},{"floor":11,"key":"CunningPotion"},{"floor":24,"key":"SkillPotion"}],"is_trial":false,"path_per_floor":["M","T","M","M","M","R","M","R","T","?","M","?","M","?","R","B",null,"M","M","$","?","M","R","M","R","T","?","?","R","E"],"character_chosen":"THE_SILENT","items_purchased":["Ice Cream","Prepared"],"campfire_rested":0,"item_purchase_floors":[20,20],"current_hp_per_floor":[58,58,58,58,48,48,47,47,47,47,41,41,38,38,38,38,55,55,44,44,44,26,26,11,11,11,11,11,11,0,0],"gold":397,"neow_bonus":"TRANSFORM_TWO_CARDS","is_daily":false,"chose_seed":false,"campfire_upgraded":6,"win_rate":0.0,"timestamp":1608383645,"path_taken":["M","?","M","?","M","R","M","R","T","?","?","?","?","?","R","BOSS","M","M","$","?","?","R","M","R","T","?","?","R","E"],"items_purchased_type":["Relic","Card"],"build_version":"2020-12-13","purchased_purges":0,"victory":false,"max_hp_per_floor":[66,66,66,66,66,66,66,66,66,66,66,66,66,60,60,60,60,60,60,60,60,60,60,60,60,60,60,30,30,30,30],"card_choices":[{"not_picked":["Concentrate","Prepared"],"picked":"Slice","floor":1},{"not_picked":["Backflip","Acrobatics"],"picked":"PiercingWail","floor":3},{"not_picked":["Prepared","Dodge and Roll"],"picked":"Dagger Spray","floor":4},{"not_picked":["Cloak And Dagger","Catalyst"],"picked":"Sucker Punch","floor":5},{"not_picked":["Backflip","Acrobatics"],"picked":"Tactician","floor":7},{"not_picked":["Acrobatics","Dodge and Roll"],"picked":"Cloak And Dagger","floor":11},{"not_picked":["Backflip","PiercingWail"],"picked":"Masterful Stab","floor":13},{"not_picked":["Envenom","Night Terror"],"picked":"Tools of the Trade","floor":16},{"not_picked":["Sucker Punch","Slice+1"],"picked":"Backstab","floor":18},{"not_picked":["Outmaneuver","Leg Sweep"],"picked":"Eviscerate+1","floor":19},{"not_picked":["Dodge and Roll","Accuracy"],"picked":"Acrobatics","floor":22},{"not_picked":["Deadly Poison","Deflect"],"picked":"Blade Dance","floor":24}],"player_experience":3883444,"relics_obtained":[{"floor":2,"key":"Orichalcum"},{"floor":9,"key":"Shuriken"},{"floor":26,"key":"Sundial"}],"event_choices":[{"damage_healed":0,"gold_gain":0,"player_choice":"Got Potions","damage_taken":0,"max_hp_gain":0,"max_hp_loss":0,"event_name":"Lab","floor":10,"gold_loss":0},{"damage_healed":0,"gold_gain":0,"player_choice":"Trade","damage_taken":0,"relics_obtained":["SsserpentHead"],"max_hp_gain":0,"max_hp_loss":0,"event_name":"FaceTrader","floor":12,"gold_loss":0},{"damage_healed":0,"gold_gain":0,"player_choice":"Lose Max HP","damage_taken":0,"relics_obtained":["Golden Idol"],"max_hp_gain":0,"max_hp_loss":6,"event_name":"Golden Idol","floor":14,"gold_loss":0},{"damage_healed":0,"gold_gain":50,"player_choice":"Pray","damage_taken":0,"max_hp_gain":0,"max_hp_loss":0,"event_name":"Golden Shrine","floor":21,"gold_loss":0},{"damage_healed":0,"gold_gain":0,"player_choice":"Ignored","damage_taken":0,"max_hp_gain":0,"max_hp_loss":0,"event_name":"Cursed Tome","floor":27,"gold_loss":0},{"damage_healed":0,"gold_gain":0,"player_choice":"Became a Ghost","damage_taken":0,"max_hp_gain":0,"max_hp_loss":30,"event_name":"Ghosts","floor":28,"gold_loss":0,"cards_obtained":["Ghostly","Ghostly","Ghostly"]}],"is_beta":false,"boss_relics":[{"not_picked":["WristBlade","Black Star"],"picked":"Ring of the Serpent"}],"items_purged_floors":[],"is_endless":false,"potions_floor_spawned":[4,7,11,24],"killed_by":"Slavers","ascension_level":20}}