{"host":"foq4mrde4mssg7vt","time":1608405752,"event":{"mods":["AchievementEnabler","BaseMod","Colored Map","Colored Powertips","Highlight Path","Minty Spire (QoL Compilation)","Relic Stats","everything is the same but u backflip on backflip"],"gold_per_floor":[115,130,148,148,8,8,8,68,68,127,166,201,238,276,276,378,378,421,81,81,81,125,125,177,177,177,196,196,275,315,368,368,445,445,494,536,536,576,631,686,161,226,226,226,226,101,149,214,214,214,214,214,14,39,39],"floor_reached":56,"playtime":4659,"items_purged":["Defend_P","Strike_P","Consecrate","Strike_P"],"score":2111,"play_id":"da834108-be66-4b2e-9c47-791b056c58e9","local_time":"20201220032232","is_ascension_mode":true,"campfire_choices":[{"data":"TalkToTheHand","floor":7.0,"key":"SMITH"},{"floor":15.0,"key":"REST"},{"data":"TalkToTheHand","floor":23.0,"key":"SMITH"},{"floor":25.0,"key":"REST"},{"data":"MentalFortress","floor":28.0,"key":"SMITH"},{"data":"Wish","floor":32.0,"key":"SMITH"},{"data":"MentalFortress","floor":44.0,"key":"SMITH"},{"floor":49.0,"key":"RECALL"},{"data":"Defend_P","floor":52.0,"key":"PURGE"}],"circlet_count":0,"master_deck":["AscendersBane","Defend_P","Eruption","Vigilance","FollowUp","TalkToTheHand+1","Wish+1","EmptyBody","CutThroughFate","FearNoEvil","MentalFortress+1","DevaForm","TalkToTheHand+1","The Bomb","Worship","EmptyFist+1","Ragnarok","WaveOfTheHand","Meditate+1","WheelKick","Vault","Adaptation","MentalFortress+1","SpiritShield","WheelKick","LikeWater+1"],"relics":["Snecko Eye","Matryoshka","Bird Faced Urn","Damaru","Pear","HornCleat","Philosopher\u0027s Stone","Potion Belt","PreservedInsect","Bottled Flame","Dead Branch","Pen Nib","StoneCalendar","SlaversCollar","Prayer Wheel","Peace Pipe","Frozen Eye","Pocketwatch","Nunchaku","Mercury Hourglass"],"acts_visited":["Exordium","TheCity","TheBeyond","TheEnding"],"potions_floor_usage":[55,55,55],"damage_taken":[{"damage":6.0,"enemies":"Cultist","floor":1.0,"turns":5.0},{"damage":0.0,"enemies":"Small Slimes","floor":2.0,"turns":3.0},{"damage":2.0,"enemies":"Jaw Worm","floor":3.0,"turns":4.0},{"damage":29.0,"enemies":"3 Sentries","floor":8.0,"turns":10.0},{"damage":6.0,"enemies":"Lagavulin","floor":10.0,"turns":6.0},{"damage":0.0,"enemies":"Exordium Wildlife","floor":11.0,"turns":3.0},{"damage":0.0,"enemies":"2 Fungi Beasts","floor":12.0,"turns":3.0},{"damage":0.0,"enemies":"Looter","floor":13.0,"turns":3.0},{"damage":0.0,"enemies":"Exordium Thugs","floor":14.0,"turns":4.0},{"damage":12.0,"enemies":"The Guardian","floor":16.0,"turns":11.0},{"damage":0.0,"enemies":"Shell Parasite","floor":18.0,"turns":6.0},{"damage":21.0,"enemies":"Spheric Guardian","floor":22.0,"turns":4.0},{"damage":31.0,"enemies":"Slavers","floor":24.0,"turns":4.0},{"damage":0.0,"enemies":"Snecko","floor":27.0,"turns":4.0},{"damage":10.0,"enemies":"Gremlin Leader","floor":29.0,"turns":4.0},{"damage":10.0,"enemies":"Centurion and Healer","floor":30.0,"turns":5.0},{"damage":24.0,"enemies":"Slavers","floor":31.0,"turns":60.0},{"damage":0.0,"enemies":"Champ","floor":33.0,"turns":4.0},{"damage":4.0,"enemies":"3 Shapes","floor":35.0,"turns":4.0},{"damage":15.0,"enemies":"3 Darklings","floor":36.0,"turns":4.0},{"damage":16.0,"enemies":"Sphere and 2 Shapes","floor":38.0,"turns":5.0},{"damage":0.0,"enemies":"Mind Bloom Boss Battle","floor":39.0,"turns":3.0},{"damage":21.0,"enemies":"Reptomancer","floor":40.0,"turns":5.0},{"damage":0.0,"enemies":"Giant Head","floor":42.0,"turns":6.0},{"damage":23.0,"enemies":"Spire Growth","floor":47.0,"turns":7.0},{"damage":9.0,"enemies":"Reptomancer","floor":48.0,"turns":5.0},{"damage":2.0,"enemies":"Donu and Deca","floor":50.0,"turns":8.0},{"damage":0,"enemies":"Shield and Spear","floor":54,"turns":4},{"damage":50,"enemies":"The Heart","floor":55,"turns":9}],"seed_played":"7128877913421200381","potions_obtained":[{"floor":8.0,"key":"Swift Potion"},{"floor":13.0,"key":"Ancient Potion"},{"floor":14.0,"key":"LiquidBronze"},{"floor":16.0,"key":"DuplicationPotion"},{"floor":22.0,"key":"Swift Potion"},{"floor":30.0,"key":"Fire Potion"},{"floor":31.0,"key":"GamblersBrew"},{"floor":35.0,"key":"GamblersBrew"},{"floor":36.0,"key":"FearPotion"},{"floor":38.0,"key":"Weak Potion"},{"floor":47.0,"key":"Regen Potion"}],"is_trial":false,"path_per_floor":["M","M","M","?","$","?","R","E","T","E","M","M","M","M","R","B",null,"M","$","?","?","M","R","E","R","T","M","R","E","M","E","R","B",null,"M","M","?","M","?","E","$","E","T","R","?","$","M","E","R","B",null,"R","$","E","B",null],"character_chosen":"WATCHER","items_purchased":["Wish","FearNoEvil","TalkToTheHand","The Bomb","Frozen Eye","SpiritShield","BottledMiracle","LiquidMemories","PowerPotion"],"campfire_rested":2,"item_purchase_floors":[5,5,19,19,41,41,41,41,53],"current_hp_per_floor":[55,55,53,46,46,46,46,17,27,21,21,21,21,23,46,36,68,72,72,72,72,55,55,28,51,51,55,55,49,43,45,45,53,72,76,65,65,63,71,56,56,64,64,64,64,64,55,52,52,74,74,74,74,74,32],"gold":39,"neow_bonus":"BOSS_RELIC","is_daily":false,"chose_seed":false,"campfire_upgraded":5,"win_rate":0.0,"timestamp":1608405752,"path_taken":["M","M","M","?","$","?","R","E","T","E","M","M","M","?","R","BOSS","M","$","?","?","M","R","E","R","T","M","R","E","M","E","R","BOSS","M","M","?","M","?","E","?","E","T","R","?","$","M","E","R","BOSS","R","$","E","BOSS"],"items_purchased_type":["Card","Card","Card","Card","Relic","Card","Potion","Potion","Potion"],"build_version":"2020-12-13","purchased_purges":4,"victory":true,"max_hp_per_floor":[68,68,68,68,68,68,68,68,78,78,78,78,78,78,78,78,78,78,78,78,78,78,78,78,78,78,78,78,78,78,78,78,78,78,78,78,78,78,78,78,78,78,78,78,74,74,74,74,74,74,74,74,74,74,74],"relic_stats":{"counters":[29,203],"Dead Branch":[183],"StoneCalendar":[126],"PreservedInsect":417,"Pen Nib":[18],"Mercury Hourglass":[27],"Peace Pipe":1,"Nunchaku":[5],"Bird Faced Urn":[147],"Snecko Eye":[382,396,388,422],"Prayer Wheel":1,"obtain_stats":[{"Potion Belt":21,"Pear":9,"Dead Branch":26,"Damaru":9,"StoneCalendar":31,"PreservedInsect":24,"Pen Nib":29,"Mercury Hourglass":54,"Peace Pipe":40,"SlaversCollar":34,"Frozen Eye":41,"Bottled Flame":26,"Nunchaku":48,"Matryoshka":6,"HornCleat":10,"Bird Faced Urn":8,"Snecko Eye":0,"Philosopher\u0027s Stone":17,"Prayer Wheel":39,"PureWater":0,"Pocketwatch":42},{"Potion Belt":11,"Pear":4,"Dead Branch":13,"Damaru":4,"StoneCalendar":17,"PreservedInsect":13,"Pen Nib":15,"Mercury Hourglass":28,"Peace Pipe":23,"SlaversCollar":18,"Frozen Eye":23,"Bottled Flame":13,"Nunchaku":26,"Matryoshka":3,"HornCleat":5,"Bird Faced Urn":4,"Snecko Eye":0,"Philosopher\u0027s Stone":10,"Prayer Wheel":22,"PureWater":0,"Pocketwatch":24},{"Potion Belt":58,"Pear":22,"Dead Branch":66,"Damaru":22,"StoneCalendar":139,"PreservedInsect":66,"Pen Nib":74,"Mercury Hourglass":194,"Peace Pipe":164,"SlaversCollar":143,"Frozen Eye":164,"Bottled Flame":66,"Nunchaku":182,"Matryoshka":12,"HornCleat":28,"Bird Faced Urn":22,"Snecko Eye":0,"Philosopher\u0027s Stone":52,"Prayer Wheel":159,"PureWater":0,"Pocketwatch":170}],"Pocketwatch":[9]},"card_choices":[{"not_picked":["FlurryOfBlows","FlyingSleeves"],"picked":"FollowUp","floor":1.0},{"not_picked":["Study","Collect","FollowUp"],"picked":"SKIP","floor":2.0},{"not_picked":["FollowUp","JustLucky"],"picked":"TalkToTheHand","floor":3.0},{"not_picked":["Evaluate","Worship"],"picked":"EmptyBody","floor":8.0},{"not_picked":["Fasting2","Evaluate"],"picked":"CutThroughFate","floor":10.0},{"not_picked":["SashWhip","FollowUp","Indignation"],"picked":"SKIP","floor":11.0},{"not_picked":["WindmillStrike","PathToVictory"],"picked":"FearNoEvil","floor":12.0},{"not_picked":["PathToVictory","ForeignInfluence"],"picked":"MentalFortress","floor":13.0},{"not_picked":["PathToVictory","Devotion","Perseverance"],"picked":"SKIP","floor":14.0},{"not_picked":["SpiritShield","Vault"],"picked":"DevaForm","floor":16.0},{"not_picked":["ClearTheMind","FollowUp","Swivel"],"picked":"SKIP","floor":18.0},{"not_picked":["WaveOfTheHand","FlyingSleeves"],"picked":"EmptyFist+1","floor":22.0},{"not_picked":["Brilliance","Indignation"],"picked":"Ragnarok","floor":24.0},{"not_picked":["EmptyFist","Protect"],"picked":"WaveOfTheHand","floor":27.0},{"not_picked":["Weave","PathToVictory"],"picked":"Meditate+1","floor":29.0},{"not_picked":["FlurryOfBlows","ClearTheMind"],"picked":"WheelKick","floor":30.0},{"not_picked":["Consecrate","CutThroughFate","Conclude"],"picked":"SKIP","floor":31.0},{"not_picked":["SpiritShield","ConjureBlade"],"picked":"Vault","floor":33.0},{"not_picked":["CarveReality","Halt"],"picked":"Adaptation","floor":35.0},{"not_picked":["SashWhip","Indignation"],"picked":"MentalFortress","floor":36.0},{"not_picked":["FearNoEvil","Conclude+1","BattleHymn"],"picked":"SKIP","floor":38.0},{"not_picked":["CrushJoints","Fasting2+1","MentalFortress"],"picked":"SKIP","floor":40.0},{"not_picked":["Consecrate+1","Prostrate","WindmillStrike"],"picked":"SKIP","floor":42.0},{"not_picked":["ClearTheMind","CrushJoints+1"],"picked":"WheelKick","floor":47.0},{"not_picked":["Perseverance","InnerPeace","CutThroughFate"],"picked":"SKIP","floor":47.0},{"not_picked":["Protect","EmptyFist","CrushJoints"],"picked":"SKIP","floor":48.0},{"not_picked":["CutThroughFate","ClearTheMind"],"picked":"LikeWater+1","floor":54}],"player_experience":215024,"relics_obtained":[{"floor":8.0,"key":"Bird Faced Urn"},{"floor":9.0,"key":"Damaru"},{"floor":9.0,"key":"Pear"},{"floor":10.0,"key":"HornCleat"},{"floor":24.0,"key":"PreservedInsect"},{"floor":26.0,"key":"Bottled Flame"},{"floor":26.0,"key":"Dead Branch"},{"floor":29.0,"key":"Pen Nib"},{"floor":31.0,"key":"StoneCalendar"},{"floor":39.0,"key":"Prayer Wheel"},{"floor":40.0,"key":"Peace Pipe"},{"floor":42.0,"key":"Pocketwatch"},{"floor":48.0,"key":"Nunchaku"},{"floor":54,"key":"Mercury Hourglass"}],"event_choices":[{"cards_removed":["Strike_P"],"damage_healed":0.0,"max_hp_gain":0.0,"max_hp_loss":0.0,"gold_gain":0.0,"event_name":"Golden Wing","player_choice":"Card Removal","floor":4.0,"gold_loss":0.0,"damage_taken":7.0},{"cards_removed":["FearNoEvil"],"damage_healed":0.0,"max_hp_gain":0.0,"max_hp_loss":0.0,"gold_gain":0.0,"event_name":"WeMeetAgain","player_choice":"Gave Card","floor":6.0,"gold_loss":0.0,"damage_taken":0.0,"relics_obtained":["Matryoshka"]},{"damage_healed":0.0,"max_hp_gain":0.0,"max_hp_loss":0.0,"gold_gain":0.0,"cards_transformed":["Strike_P","Defend_P"],"event_name":"Drug Dealer","player_choice":"Became Test Subject","floor":20.0,"gold_loss":0.0,"damage_taken":0.0,"cards_obtained":["Worship","Consecrate"]},{"damage_healed":0.0,"max_hp_gain":0.0,"max_hp_loss":0.0,"gold_gain":0.0,"event_name":"The Mausoleum","player_choice":"Opened","floor":21.0,"gold_loss":0.0,"damage_taken":0.0,"relics_obtained":["Potion Belt"]},{"damage_healed":0.0,"max_hp_gain":0.0,"max_hp_loss":0.0,"gold_gain":0.0,"event_name":"SensoryStone","player_choice":"Memory 1","floor":37.0,"gold_loss":0.0,"damage_taken":0.0},{"damage_healed":0.0,"max_hp_gain":0.0,"max_hp_loss":0.0,"gold_gain":0.0,"event_name":"MindBloom","player_choice":"Fight","floor":39.0,"gold_loss":0.0,"damage_taken":0.0},{"damage_healed":0.0,"max_hp_gain":0.0,"max_hp_loss":4.0,"gold_gain":0.0,"event_name":"Winding Halls","player_choice":"Max HP","floor":45.0,"gold_loss":0.0,"damage_taken":0.0}],"is_beta":false,"boss_relics":[{"not_picked":["Calling Bell","Runic Dome"],"picked":"Philosopher\u0027s Stone"},{"not_picked":["Tiny House","Fusion Hammer"],"picked":"SlaversCollar"}],"items_purged_floors":[19,41,46,53],"is_endless":false,"potions_floor_spawned":[8,13,14,16,18,22,30,31,35,36,38,42,47,54],"ascension_level":14}}