{"host":"6ve8qn5s1am4lo6s","time":1608388113,"event":{"mods":["AchievementEnabler","BaseMod","BetterRewards","Downfall","Friendly Minions","GifTheSpireLib","Minty Spire (QoL Compilation)","Permanent Neow","Relic Stats","StSLib"],"gold_per_floor":[99,114,140,65,82,67,67,67,81,111,286,334,347,347,361,361,361],"floor_reached":16,"playtime":1842,"items_purged":[],"score":110,"play_id":"63762c07-143b-4a48-b877-02c8fb4f97e1","local_time":"20201219092833","is_ascension_mode":false,"campfire_choices":[{"floor":1,"key":"RECALL"},{"data":"champ:Taunt","floor":4,"key":"SMITH"},{"data":"champ:CrownThrow","floor":8,"key":"SMITH"}],"circlet_count":0,"master_deck":["champ:Strike","champ:Strike","champ:Strike","champ:Strike","champ:Defend","champ:Defend","champ:Defend","champ:Defend","champ:Execute","champ:Taunt+1","expansioncontent:Collect","champ:DefensiveStyle","champ:GutPunch","champ:FlashCut","champ:CrownThrow+1","champ:BladeFlurry","Doubt","champ:VampiricStrike","champ:Backstep"],"relics":["champ:ChampionCrown","Anchor","downfall:HeartBlessingRed","Bird Faced Urn","MealTicket"],"acts_visited":["Exordium"],"potions_floor_usage":[14],"damage_taken":[{"damage":17,"enemies":"Small Slimes","floor":2,"turns":4},{"damage":40,"enemies":"3 Sentries","floor":3,"turns":12},{"damage":5,"enemies":"Jaw Worm","floor":5,"turns":2},{"damage":10,"enemies":"downfall:FleeingMerchant","floor":6,"turns":4},{"damage":6,"enemies":"Cultist","floor":9,"turns":3},{"damage":32,"enemies":"Gremlin Nob","floor":10,"turns":6},{"damage":4,"enemies":"Exordium Wildlife","floor":13,"turns":4},{"damage":17,"enemies":"Blue Slaver","floor":15,"turns":4},{"damage":72,"enemies":"downfall:Silent","floor":16,"turns":12}],"seed_played":"-9136067888821072443","potions_obtained":[{"floor":3,"key":"Block Potion"},{"floor":9,"key":"champ:OpenerPotion"},{"floor":14,"key":"Fruit Juice"},{"floor":14,"key":"Guardian:BlockOnCardUsePotion"},{"floor":15,"key":"champ:UltimateStancePotion"}],"is_trial":false,"path_per_floor":["R","M","E","R","M","$","T","R","M","E","?","T","M","?","M","B"],"character_chosen":"THE_CHAMP","items_purchased":[],"campfire_rested":0,"item_purchase_floors":[],"current_hp_per_floor":[90,83,56,56,61,56,56,56,55,28,28,28,36,41,44,0,0],"gold":361,"neow_bonus":"RANDOM_COLORLESS","is_daily":false,"chose_seed":false,"campfire_upgraded":2,"win_rate":0.0,"timestamp":1608388113,"path_taken":["R","M","E","R","M","$","T","R","M","E","?","?","M","?","M","BOSS"],"items_purchased_type":[],"build_version":"2020-12-13","purchased_purges":0,"victory":false,"max_hp_per_floor":[90,90,90,90,90,90,90,90,90,90,90,90,90,95,95,95,95],"relic_stats":{"counters":[9,51],"Bird Faced Urn":[10],"MealTicket":0,"obtain_stats":[{"Anchor":3,"downfall:HeartBlessingRed":4,"Bird Faced Urn":10,"champ:ChampionCrown":0,"MealTicket":12},{"Anchor":2,"downfall:HeartBlessingRed":2,"Bird Faced Urn":6,"champ:ChampionCrown":0,"MealTicket":6},{"Anchor":16,"downfall:HeartBlessingRed":16,"Bird Faced Urn":31,"champ:ChampionCrown":0,"MealTicket":31}]},"card_choices":[{"not_picked":["Good Instincts","Enlightenment"],"picked":"expansioncontent:Collect","floor":0},{"not_picked":["champ:TornadoPunch","champ:PerfectedStrike"],"picked":"champ:DefensiveStyle","floor":2},{"not_picked":["champ:FalseCounter","champ:Haymaker"],"picked":"champ:GutPunch","floor":3},{"not_picked":["champ:FocusedGladiator","champ:CrookedStrike"],"picked":"champ:FlashCut","floor":5},{"not_picked":["champ:BladeFlurry","champ:GladiatorsShout"],"picked":"champ:CrownThrow","floor":6},{"not_picked":["champ:BerserkersShout","champ:EnragedBash"],"picked":"champ:BladeFlurry","floor":9},{"not_picked":["champ:DefensiveShout","champ:GladiatorsShout","champ:TornadoPunch"],"picked":"SKIP","floor":10},{"not_picked":["champ:BladeFlurry","champ:FaceSlap"],"picked":"champ:VampiricStrike","floor":13},{"not_picked":["champ:GutPunch","champ:FlashCut"],"picked":"champ:Backstep","floor":15}],"player_experience":305184,"relics_obtained":[{"floor":3,"key":"Anchor"},{"floor":10,"key":"Bird Faced Urn"},{"floor":12,"key":"MealTicket"}],"event_choices":[{"damage_healed":0,"gold_gain":0,"player_choice":"Got Potions","damage_taken":0,"max_hp_gain":0,"max_hp_loss":0,"event_name":"Lab","floor":14,"gold_loss":0}],"is_beta":false,"boss_relics":[],"items_purged_floors":[],"is_endless":false,"potions_floor_spawned":[3,9,15],"killed_by":"downfall:Silent","ascension_level":0}}