{"host":"dntw6kil9p09eemm","time":1608413660,"event":{"mods":["BaseMod","Colored Powertips","Downfall","Minty Spire (QoL Compilation)","Permanent Neow","Shop Mod","StSLib","Waifu the Spire"],"gold_per_floor":[349,349,274,292,292,327,327,327,342,47,58,74,21,41,55,160,160,10,27,27,27,40,58,58,75,110,110,110,123,223,34,48,151,151,151,171,130,130,130,140,140,60,60,60,74,74,93,110,130,130,130,156,17,17,17],"floor_reached":56,"playtime":4263,"items_purged":["hexamod:Strike","hexamod:Defend","hexamod:Defend","hexamod:Strike"],"score":1219,"play_id":"8dbc8a96-5e6d-4a5c-82d9-331f4af99d70","local_time":"20201220063420","is_ascension_mode":false,"campfire_choices":[{"floor":1.0,"key":"RECALL"},{"data":"hexamod:Float","floor":3.0,"key":"SMITH"},{"data":"hexamod:SearingWound","floor":18.0,"key":"SMITH"},{"data":"hexamod:FastForward","floor":27.0,"key":"SMITH"},{"data":"hexamod:FastForward","floor":35.0,"key":"SMITH"},{"data":"hexamod:ThermalTransfer","floor":44,"key":"SMITH"},{"floor":54,"key":"REST"}],"circlet_count":0,"master_deck":["hexamod:Strike+1","hexamod:Defend+1","hexamod:Sear","hexamod:Float+1","hexamod:ThermalTransfer","hexamod:Incineration","hexamod:Firestarter","hexamod:TimeOfNeed+1","hexamod:FastForward+1","hexamod:FastForward+1","hexamod:RadiantFlame","hexamod:EmpoweredFlame","hexamod:Incineration","hexamod:SearingWound+1","hexamod:StepThrough+1","hexamod:Firestarter+1","hexamod:ThermalTransfer+1","hexamod:CatchUp+1","hexamod:SixthSeal","hexamod:GhostOfSpireFuture","hexamod:ExtraCrispy+1","hexamod:SoulSteal+1","hexamod:Again+1","hexamod:SoulSteal","hexamod:FastForward+1","hexamod:BurningTouch","hexamod:EmpoweredFlame"],"relics":["hexamod:SpiritBrand","downfall:ShatteredFragment","downfall:HeartBlessingRed","hexamod:MatchstickCase","Membership Card","Meat on the Bone","MerchantsRug","Shuriken","Medical Kit","Sozu","downfall:HeartBlessingBlue","downfall:HeartBlessingGreen","hexamod:InflammatoryLetter","HornCleat","FossilizedHelix","Bottled Flame","hexamod:CandleOfCauterizing","Molten Egg 2","Anchor","hexamod:JarOfFuel"],"acts_visited":["Exordium","TheCity","TheBeyond","TheEnding"],"potions_floor_usage":[],"damage_taken":[{"damage":0.0,"enemies":"2 Louse","floor":4.0,"turns":2.0},{"damage":18.0,"enemies":"3 Sentries","floor":6.0,"turns":8.0},{"damage":0.0,"enemies":"Small Slimes","floor":9.0,"turns":2.0},{"damage":4.0,"enemies":"downfall:FleeingMerchant","floor":10.0,"turns":4.0},{"damage":0.0,"enemies":"Cultist","floor":11.0,"turns":3.0},{"damage":7.0,"enemies":"Gremlin Gang","floor":12.0,"turns":3.0},{"damage":6.0,"enemies":"downfall:FleeingMerchant","floor":13.0,"turns":4.0},{"damage":10.0,"enemies":"downfall:FleeingMerchant","floor":14.0,"turns":4.0},{"damage":11.0,"enemies":"Exordium Thugs","floor":15.0,"turns":3.0},{"damage":23.0,"enemies":"downfall:Silent","floor":16.0,"turns":6.0},{"damage":0.0,"enemies":"3 Byrds","floor":19.0,"turns":3.0},{"damage":4.0,"enemies":"Shelled Parasite and Fungi","floor":22.0,"turns":3.0},{"damage":4.0,"enemies":"Chosen and Byrds","floor":23.0,"turns":3.0},{"damage":14.0,"enemies":"Centurion and Healer","floor":25.0,"turns":3.0},{"damage":14.0,"enemies":"Gremlin Leader","floor":26.0,"turns":5.0},{"damage":3.0,"enemies":"Snake Plant","floor":29.0,"turns":2.0},{"damage":0.0,"enemies":"downfall:Defect","floor":30.0,"turns":3.0},{"damage":0.0,"enemies":"Shelled Parasite and Fungi","floor":32.0,"turns":3.0},{"damage":16.0,"enemies":"downfall:Ironclad","floor":33.0,"turns":6.0},{"damage":0.0,"enemies":"Orb Walker","floor":36.0,"turns":3.0},{"damage":0.0,"enemies":"3 Darklings","floor":40.0,"turns":4.0},{"damage":0,"enemies":"Writhing Mass","floor":45,"turns":3},{"damage":14,"enemies":"Jaw Worm Horde","floor":47,"turns":3},{"damage":0,"enemies":"3 Darklings","floor":48,"turns":4},{"damage":7,"enemies":"4 Shapes","floor":49,"turns":6},{"damage":0,"enemies":"downfall:Watcher","floor":50,"turns":6},{"damage":55,"enemies":"downfall:CharBossMerchant","floor":52,"turns":7},{"damage":122,"enemies":"downfall:NeowBoss","floor":55,"turns":23}],"seed_played":"-7331474395849042203","potions_obtained":[{"floor":6.0,"key":"SpeedPotion"},{"floor":9.0,"key":"DuplicationPotion"},{"floor":12.0,"key":"SkillPotion"},{"floor":15.0,"key":"SpeedPotion"},{"floor":16.0,"key":"AttackPotion"}],"is_trial":false,"path_per_floor":["R","?","R","M","?","E","T","?","M","$","M","M","$","$","M","B",null,"R","M","?","?","M","M","T","M","E","R","?","M","?","$","M","B",null,"R","M","$","?","?","M","T","$","?","R","M","$","M","M","M","B",null,"E","$","R","B",null],"character_chosen":"THE_SPIRIT","items_purchased":["Membership Card","hexamod:FastForward","Meat on the Bone","MerchantsRug","Shuriken","Medical Kit","hexamod:CandleOfCauterizing","hexamod:GhostOfSpireFuture","hexamod:ExtraCrispy","hexamod:JarOfFuel","hexamod:BurningTouch","hexamod:EmpoweredFlame"],"campfire_rested":1,"item_purchase_floors":[10,10,10,14,14,14,31,37,42,53,53,53],"current_hp_per_floor":[63,42,42,42,42,24,24,73,73,69,69,62,56,46,47,36,73,83,83,83,83,79,75,75,61,47,47,47,44,44,44,44,40,83,83,83,83,83,83,83,83,83,83,83,83,83,69,69,62,62,83,40,40,64,21],"gold":17,"neow_bonus":"TWO_FIFTY_GOLD","is_daily":false,"chose_seed":false,"campfire_upgraded":5,"win_rate":0.0,"timestamp":1608413660,"path_taken":["R","?","R","M","?","E","T","?","?","$","M","?","?","$","M","BOSS","R","M","?","?","M","M","T","?","E","R","?","?","?","$","M","BOSS","R","M","$","?","?","M","T","$","?","R","M","?","M","M","M","BOSS","E","$","R","BOSS"],"items_purchased_type":["Relic","Card","Relic","Relic","Relic","Relic","Relic","Card","Card","Relic","Card","Card"],"build_version":"2020-12-13","purchased_purges":4,"victory":true,"max_hp_per_floor":[63,63,63,63,63,63,63,73,73,73,73,73,73,73,73,73,73,83,83,83,83,83,83,83,83,83,83,83,83,83,83,83,83,83,83,83,83,83,83,83,83,83,83,83,83,83,83,83,83,83,83,83,83,83,83],"card_choices":[{"not_picked":["hexamod:CatchUp","hexamod:RainOfEmbers"],"picked":"hexamod:ThermalTransfer","floor":4.0},{"not_picked":["hexamod:DynamicBlow","hexamod:InspiringFlames"],"picked":"hexamod:Incineration","floor":6.0},{"not_picked":["hexamod:GhostOfSpirePast","hexamod:GhostShield"],"picked":"hexamod:Firestarter","floor":9.0},{"not_picked":["hexamod:SpectersWail","hexamod:InspiringFlames"],"picked":"hexamod:TimeOfNeed","floor":10.0},{"not_picked":["hexamod:NecessarySacrifice","hexamod:NightmareGuise","hexamod:ShieldOfDarkness"],"picked":"SKIP","floor":11.0},{"not_picked":["hexamod:ChargedBarrage","hexamod:Again"],"picked":"hexamod:FastForward","floor":12.0},{"not_picked":["hexamod:NightmareGuise","hexamod:Firestarter"],"picked":"hexamod:RadiantFlame","floor":13.0},{"not_picked":["hexamod:AdvancingGuard","hexamod:NightmareGuise"],"picked":"hexamod:EmpoweredFlame","floor":14.0},{"not_picked":["hexamod:GhostShield","hexamod:RainOfEmbers"],"picked":"hexamod:Incineration","floor":15.0},{"not_picked":["hexamod:SixthSeal","hexamod:HexaLevel"],"picked":"hexamod:SearingWound","floor":16.0},{"not_picked":["hexamod:ThirdSeal","hexamod:AdvancingGuard+1","hexamod:SwordOfDarkness"],"picked":"SKIP","floor":19.0},{"not_picked":["hexamod:HeatMetal","hexamod:NightmareGuise"],"picked":"hexamod:StepThrough","floor":22.0},{"not_picked":["hexamod:HeatMetal","hexamod:NightmareGuise","hexamod:SpectersWail"],"picked":"SKIP","floor":23.0},{"not_picked":["hexamod:AdvancingGuard","hexamod:PowerFromBeyond"],"picked":"hexamod:Firestarter+1","floor":25.0},{"not_picked":["hexamod:RadiantFlame","hexamod:GhostLash","hexamod:RainOfEmbers+1"],"picked":"SKIP","floor":26.0},{"not_picked":["hexamod:HeatShield+1","hexamod:SwordOfDarkness","hexamod:Hexaguard"],"picked":"SKIP","floor":29.0},{"not_picked":["hexamod:Rewind","hexamod:GhostOfSpirePast"],"picked":"hexamod:ThermalTransfer","floor":30.0},{"not_picked":["hexamod:UnleashSpirits","hexamod:BurningTouch"],"picked":"hexamod:CatchUp","floor":32.0},{"not_picked":["hexamod:EmpoweringStance","hexamod:TimeOfNeed"],"picked":"hexamod:SixthSeal","floor":33.0},{"not_picked":["hexamod:GhostLash+1","hexamod:NightmareStrike","hexamod:Hexaguard"],"picked":"SKIP","floor":36.0},{"not_picked":["hexamod:GhostShield","hexamod:SuperheatedStrike","hexamod:NightmareStrike"],"picked":"SKIP","floor":40.0},{"not_picked":["hexamod:ThermalTransfer+1","hexamod:WildfireWeapon"],"picked":"hexamod:SoulSteal+1","floor":45},{"not_picked":["hexamod:Hexaguard","hexamod:EtherealExpedition+1"],"picked":"hexamod:Again","floor":47},{"not_picked":["hexamod:SpectersWail+1","hexamod:GhostLash+1"],"picked":"hexamod:SoulSteal","floor":48},{"not_picked":["hexamod:NightmareGuise","hexamod:ShieldOfDarkness+1"],"picked":"hexamod:FastForward+1","floor":49},{"not_picked":["hexamod:HauntingEcho+1","hexamod:Firestarter+1","hexamod:SpectersWail+1"],"picked":"SKIP","floor":52}],"player_experience":355073,"relics_obtained":[{"floor":6.0,"key":"hexamod:MatchstickCase"},{"floor":24.0,"key":"hexamod:InflammatoryLetter"},{"floor":26.0,"key":"HornCleat"},{"floor":30.0,"key":"FossilizedHelix"},{"floor":30.0,"key":"Bottled Flame"},{"floor":39.0,"key":"Centennial Puzzle"},{"floor":41.0,"key":"Molten Egg 2"},{"floor":52,"key":"Anchor"}],"event_choices":[{"damage_healed":0.0,"max_hp_gain":0.0,"max_hp_loss":0.0,"gold_gain":0.0,"cards_transformed":["hexamod:Defend"],"event_name":"Living Wall","player_choice":"Change","floor":5.0,"gold_loss":0.0,"damage_taken":0.0,"cards_obtained":["hexamod:TurnItUp"]},{"cards_removed":["hexamod:TurnItUp"],"damage_healed":39.0,"max_hp_gain":10.0,"max_hp_loss":0.0,"gold_gain":0.0,"event_name":"Bonfire Elementals","player_choice":"Offered Rare","floor":8.0,"gold_loss":0.0,"damage_taken":0.0},{"damage_healed":0.0,"max_hp_gain":0.0,"max_hp_loss":0.0,"gold_gain":0.0,"event_name":"Lab","player_choice":"Got Potions","floor":28.0,"gold_loss":0.0,"damage_taken":0.0}],"is_beta":false,"boss_relics":[{"not_picked":["Fusion Hammer","SlaversCollar"],"picked":"Sozu"},{"not_picked":["Runic Pyramid","Velvet Choker","Cursed Key"]}],"items_purged_floors":[13,14,31,42],"is_endless":false,"potions_floor_spawned":[6,9,12,15,16,22,25,29,30,32,45,47,48],"ascension_level":0}}