{"host":"jak4ncvfzor9mys0","time":1608344444,"event":{"mods":["2.2 Compatiblity","AchievementEnabler","BaseMod","Better Altar","Better Match","Better Note","Better Sensory Stone","Better Skull","Better Third Choice","BetterRewards","Block Reminder","Colored Map","Colored Powertips","Energized Spire","Gold Saver","Hubris","Infinite Spire","Key Reminder","Minty Spire (QoL Compilation)","Rare Cards Sparkle","Red Circlet Mod","Relic Sorter","Relic Stats","Replay The Spire","Retaliation","StSLib","SuperFastMode","The Blue Laboratory"],"gold_per_floor":[286,336,353,353,40,40,51,51,51,64,93,109,9,9,9,113,113,53,53,53],"floor_reached":19,"playtime":1086,"items_purged":["Strike_B","Strike_B"],"score":265,"play_id":"5a66eae5-ea83-43cf-90ba-d9a967ca7221","local_time":"20201218182044","is_ascension_mode":false,"campfire_choices":[{"data":"Zap","floor":6,"key":"SMITH"},{"data":"Dualcast","floor":15,"key":"SMITH"}],"circlet_count":0,"master_deck":["Strike_B","Strike_B","Defend_B","Defend_B","Defend_B","Defend_B","Zap+1","Dualcast+1","Streamline","Stack","Redo+1","Leap","Beam Cell"],"relics":["Cracked Core","Pen Nib","PreservedInsect","hubris:Potato","Lantern"],"acts_visited":["Exordium","TheCity"],"potions_floor_usage":[11],"damage_taken":[{"damage":1,"enemies":"Cultist","floor":1,"turns":3},{"damage":0,"enemies":"2 Louse","floor":3,"turns":2},{"damage":1,"enemies":"infinitespire:Voidling","floor":7,"turns":3},{"damage":5,"enemies":"Looter","floor":10,"turns":3},{"damage":7,"enemies":"Gremlin Nob","floor":11,"turns":3},{"damage":5,"enemies":"Exordium Wildlife","floor":12,"turns":4},{"damage":45,"enemies":"Fading Forest","floor":16,"turns":11},{"damage":12,"enemies":"2 Thieves","floor":18,"turns":4},{"damage":74,"enemies":"Shell Parasite","floor":19,"turns":6}],"seed_played":"-4919509333181321392","potions_obtained":[{"floor":3,"key":"blueLaboratory:PhilterOfMotion"},{"floor":7,"key":"blueLaboratory:CoolantVial"},{"floor":16,"key":"Reflective Coating"}],"is_trial":false,"path_per_floor":["M","T","M","?","$","R","M","?","T","M","E","M","$","?","R","B",null,"M","M"],"character_chosen":"DEFECT","items_purchased":["Streamline","hubris:Potato"],"campfire_rested":0,"item_purchase_floors":[0,5],"current_hp_per_floor":[74,74,74,74,74,74,73,73,73,68,61,56,56,56,56,21,75,63,0,0],"gold":53,"neow_bonus":"","is_daily":false,"chose_seed":false,"campfire_upgraded":2,"win_rate":0.0,"timestamp":1608344444,"path_taken":["M","?","M","?","$","R","?","?","T","M","E","M","?","?","R","BOSS","M","?"],"items_purchased_type":["Card","Relic"],"build_version":"2020-12-13","purchased_purges":2,"victory":false,"max_hp_per_floor":[75,75,75,75,75,75,75,75,75,75,75,75,75,75,75,75,75,75,75,75],"relic_stats":{"counters":[21,75],"Pen Nib":[2],"PreservedInsect":21,"obtain_stats":[{"Lantern":11,"NeowsBlessing":0,"infinitespire:Satchel":7,"ReplayTheSpireMod:SealedPack":21,"PreservedInsect":2,"Pen Nib":9,"Kunai":9,"hubris:Towel":4,"Cracked Core":0,"StrikeDummy":21,"hubris:Potato":5},{"Lantern":17,"NeowsBlessing":0,"infinitespire:Satchel":3,"ReplayTheSpireMod:SealedPack":10,"PreservedInsect":13,"Pen Nib":15,"Kunai":3,"hubris:Towel":1,"Cracked Core":0,"StrikeDummy":10,"hubris:Potato":14},{"Lantern":50,"NeowsBlessing":0,"infinitespire:Satchel":3,"ReplayTheSpireMod:SealedPack":30,"PreservedInsect":39,"Pen Nib":44,"Kunai":3,"hubris:Towel":1,"Cracked Core":0,"StrikeDummy":30,"hubris:Potato":41}]},"card_choices":[{"not_picked":["FTL","ReplayTheSpireMod:Reroute Power","Compile Driver"],"picked":"SKIP","floor":1},{"not_picked":["Genetic Algorithm","ReplayTheSpireMod:System Scan","Beam Cell"],"picked":"SKIP","floor":3},{"not_picked":["FTL","Recycle"],"picked":"Stack","floor":7},{"not_picked":["Skim","Stack"],"picked":"Redo","floor":10},{"not_picked":["ReplayGash","Steam Power"],"picked":"Leap","floor":11},{"not_picked":["Storm","Force Field","Coolheaded"],"picked":"SKIP","floor":12},{"not_picked":["Fusion","Stack+1"],"picked":"Beam Cell","floor":18}],"player_experience":2643976,"relics_obtained":[{"floor":2,"key":"PreservedInsect"},{"floor":9,"key":"Pen Nib"},{"floor":11,"key":"Lantern"}],"event_choices":[{"damage_healed":0,"gold_gain":0,"player_choice":"Leave","damage_taken":0,"max_hp_gain":0,"max_hp_loss":0,"event_name":"FaceTrader","floor":4,"gold_loss":0},{"damage_healed":0,"gold_gain":0,"player_choice":"Upgraded","damage_taken":0,"max_hp_gain":0,"max_hp_loss":0,"event_name":"Upgrade Shrine","floor":14,"gold_loss":0,"cards_upgraded":["Redo"]}],"is_beta":false,"boss_relics":[{"not_picked":["infinitespire:Cupcake","energizedSpire:OgreHead","Fusion Hammer"]}],"items_purged_floors":[0,13],"is_endless":false,"potions_floor_spawned":[3,7,10,16],"killed_by":"Shell Parasite","ascension_level":0}}