{"host":"m6aaltr68g9tvoay","time":1608359256,"event":{"mods":["AchievementEnabler","BaseMod","Colored Map","Minty Spire (QoL Compilation)","StSLib"],"gold_per_floor":[119,119,143,11,11,45,45,84,84,84,6,19,33,33,33,33,33],"floor_reached":16,"playtime":322,"items_purged":["Injury"],"score":259,"play_id":"78912739-23ea-4015-b289-7ef6ec8c7f4c","local_time":"20201218222736","is_ascension_mode":true,"campfire_choices":[{"data":"Backflip","floor":7,"key":"SMITH"},{"floor":15,"key":"REST"}],"circlet_count":0,"master_deck":["AscendersBane","Strike_G","Strike_G","Strike_G","Strike_G","Strike_G","Defend_G","Defend_G","Defend_G","Defend_G","Defend_G","Survivor","Neutralize","Flying Knee","Backflip+1","PiercingWail","Dagger Spray","Parasite","Noxious Fumes","Cloak And Dagger","Deadly Poison"],"relics":["Ring of the Snake","NeowsBlessing","Golden Idol","Sundial","Mummified Hand","Potion Belt"],"acts_visited":["Exordium"],"potions_floor_usage":[8,16],"damage_taken":[{"damage":0,"enemies":"Small Slimes","floor":1,"turns":1},{"damage":0,"enemies":"2 Louse","floor":3,"turns":1},{"damage":0,"enemies":"Lagavulin","floor":6,"turns":1},{"damage":49,"enemies":"Gremlin Nob","floor":8,"turns":5},{"damage":1,"enemies":"Jaw Worm","floor":12,"turns":4},{"damage":1,"enemies":"2 Fungi Beasts","floor":13,"turns":4},{"damage":47,"enemies":"The Guardian","floor":16,"turns":9}],"seed_played":"-3366032650262386483","potions_obtained":[{"floor":8,"key":"LiquidBronze"}],"is_trial":false,"path_per_floor":["M","?","M","$","?","E","R","E","T","?","$","M","M","?","R","B"],"character_chosen":"THE_SILENT","items_purchased":["AttackPotion","Noxious Fumes"],"campfire_rested":1,"item_purchase_floors":[4,11],"current_hp_per_floor":[59,59,59,59,59,59,59,10,10,26,26,25,24,24,43,0,0],"gold":33,"neow_bonus":"THREE_ENEMY_KILL","is_daily":false,"chose_seed":false,"campfire_upgraded":1,"win_rate":0.0,"timestamp":1608359256,"path_taken":["M","?","M","$","?","E","R","E","T","?","?","M","M","?","R","BOSS"],"items_purchased_type":["Potion","Card"],"build_version":"2020-12-13","purchased_purges":1,"victory":false,"max_hp_per_floor":[66,66,66,66,66,66,66,66,66,66,66,66,66,66,66,66,66],"card_choices":[{"not_picked":["Cloak And Dagger","Footwork"],"picked":"Flying Knee","floor":1},{"not_picked":["Masterful Stab","Quick Slash"],"picked":"Backflip","floor":3},{"not_picked":["Quick Slash","Outmaneuver"],"picked":"PiercingWail","floor":6},{"not_picked":["Concentrate","Unload"],"picked":"Dagger Spray","floor":8},{"not_picked":["Well Laid Plans","Slice"],"picked":"Cloak And Dagger","floor":12},{"not_picked":["Bane","Cloak And Dagger"],"picked":"Deadly Poison","floor":13}],"player_experience":1261026,"relics_obtained":[{"floor":6,"key":"Sundial"},{"floor":8,"key":"Mummified Hand"},{"floor":9,"key":"Potion Belt"}],"event_choices":[{"damage_healed":0,"gold_gain":0,"player_choice":"Take Wound","damage_taken":0,"relics_obtained":["Golden Idol"],"max_hp_gain":0,"max_hp_loss":0,"event_name":"Golden Idol","floor":2,"gold_loss":0,"cards_obtained":["Injury"]},{"damage_healed":0,"gold_gain":0,"player_choice":"Ignored","damage_taken":0,"max_hp_gain":0,"max_hp_loss":0,"event_name":"Shining Light","floor":5,"gold_loss":0},{"damage_healed":16,"gold_gain":0,"player_choice":"Healed and dodged fight","damage_taken":0,"max_hp_gain":0,"max_hp_loss":0,"event_name":"Mushrooms","floor":10,"gold_loss":0,"cards_obtained":["Parasite"]},{"damage_healed":0,"gold_gain":0,"player_choice":"Searched \u00270\u0027 times","damage_taken":0,"max_hp_gain":0,"max_hp_loss":0,"event_name":"Dead Adventurer","floor":14,"gold_loss":0}],"is_beta":false,"boss_relics":[],"items_purged_floors":[4],"is_endless":false,"potions_floor_spawned":[8],"killed_by":"The Guardian","ascension_level":19}}