{"host":"0kaxg9rjckhp4v2r","time":1608411094,"event":{"mods":["AchievementEnabler","BaseMod","Bestiary","Better Altar","Better Match","Better Note","Better Sensory Stone","Better Silent Start","Better Skull","Better Third Choice","Better-Laid Plans","Colored Powertips","Disable Question Mark Monsters","Emptier Cage","Minty Spire (QoL Compilation)","Quick Restart","SacredBarkPlus","StSLib","The Dragon Tamer","The Marked","TheFirefly","Unceasing Turn Reminder","yUi"],"gold_per_floor":[117,135,135,30,43,43,56,76,76,76,91,124,124,145,145,266,266,280,280,19,44,44,44,58,58,58,58,58],"floor_reached":27,"playtime":1132,"items_purged":["theMarked:Strike"],"score":235,"play_id":"d24f59b3-5aa1-439b-9804-dcea55e6c3d1","local_time":"20201219155134","is_ascension_mode":false,"campfire_choices":[{"data":"theMarked:EmpowerWeapon","floor":6,"key":"SMITH"},{"data":"theMarked:SoldierOfQuellstein","floor":10,"key":"SMITH"},{"floor":15,"key":"REST"},{"data":"Finesse","floor":23,"key":"SMITH"}],"circlet_count":0,"master_deck":["theMarked:Strike","theMarked:Strike","theMarked:Strike","theMarked:Strike","theMarked:Defend","theMarked:Defend","theMarked:Defend","theMarked:Defend","theMarked:SoldierOfQuellstein+1","theMarked:BanishingStrike","theMarked:ElectricStrings","theMarked:SwordAndMagic","theMarked:EmpowerWeapon+1","theMarked:RogueSparks","theMarked:EnhanceMovement","theMarked:BindingBlade","theMarked:EmpowerWeapon","theMarked:Levitate+1","theMarked:DeterminationOfTheMarked+1","Finesse+1","theMarked:HeritageOfTheMarked+1","theMarked:HeritageOfTheMarked+1"],"relics":["theMarked:BronzeBlade","Regal Pillow","Frozen Egg 2","Calipers","Golden Idol","Ancient Tea Set"],"acts_visited":["Exordium","TheCity"],"potions_floor_usage":[7,12,14,16,18,24,25,25],"damage_taken":[{"damage":1,"enemies":"Jaw Worm","floor":1,"turns":5},{"damage":5,"enemies":"Small Slimes","floor":2,"turns":4},{"damage":0,"enemies":"2 Louse","floor":5,"turns":2},{"damage":11,"enemies":"Exordium Wildlife","floor":7,"turns":2},{"damage":0,"enemies":"Looter","floor":8,"turns":4},{"damage":5,"enemies":"2 Fungi Beasts","floor":11,"turns":3},{"damage":9,"enemies":"Gremlin Nob","floor":12,"turns":4},{"damage":2,"enemies":"Blue Slaver","floor":14,"turns":2},{"damage":9,"enemies":"The Guardian","floor":16,"turns":7},{"damage":20,"enemies":"3 Byrds","floor":18,"turns":5},{"damage":8,"enemies":"2 Thieves","floor":21,"turns":4},{"damage":16,"enemies":"Snake Plant","floor":24,"turns":2},{"damage":17,"enemies":"Slavers","floor":25,"turns":2},{"damage":0,"enemies":"Centurion and Healer","floor":27,"turns":3}],"seed_played":"-8999952201843911742","potions_obtained":[{"floor":5,"key":"Fire Potion"},{"floor":7,"key":"SkillPotion"},{"floor":8,"key":"theMarked:SummonPotion"},{"floor":12,"key":"AttackPotion"},{"floor":14,"key":"Ancient Potion"},{"floor":16,"key":"EssenceOfSteel"},{"floor":21,"key":"SmokeBomb"}],"is_trial":false,"path_per_floor":["M","M","?","$","M","R","M","M","T","R","M","E","?","M","R","B",null,"M","?","$","M","?","R","M","E","T","M"],"character_chosen":"THE_DEFAULT","items_purchased":["theMarked:EmpowerWeapon","theMarked:RogueSparks","Finesse","Fire Potion","Explosive Potion"],"campfire_rested":1,"item_purchase_floors":[4,4,20,20,20],"current_hp_per_floor":[69,64,39,39,39,39,28,28,28,28,23,14,14,12,46,37,65,45,45,45,37,37,37,21,4,4,4,4],"gold":58,"neow_bonus":"THREE_CARDS","is_daily":false,"chose_seed":false,"campfire_upgraded":3,"win_rate":0.0,"timestamp":1608411094,"path_taken":["M","M","?","$","M","R","M","M","T","R","M","E","?","M","R","BOSS","M","?","$","M","?","R","M","E","T","?"],"items_purchased_type":["Card","Card","Card","Potion","Potion"],"build_version":"2020-12-13","purchased_purges":1,"victory":false,"max_hp_per_floor":[70,70,70,70,70,70,70,70,70,70,70,70,65,65,65,65,65,65,65,65,65,65,65,65,65,65,65,65],"card_choices":[{"not_picked":["theMarked:Parkour","theMarked:HeightenedSenses"],"picked":"theMarked:BanishingStrike","floor":0},{"not_picked":["theMarked:Parkour","theMarked:TakeCover"],"picked":"theMarked:ElectricStrings","floor":1},{"not_picked":["theMarked:BanishingStrike","theMarked:ChainLightning"],"picked":"theMarked:SwordAndMagic","floor":2},{"not_picked":["theMarked:LightningStrikesTwice","theMarked:ChainLightning","theMarked:HeightenedSenses"],"picked":"SKIP","floor":5},{"not_picked":["theMarked:Parkour","theMarked:Electrocute"],"picked":"theMarked:EnhanceMovement","floor":7},{"not_picked":["theMarked:ShockingTouch","theMarked:Electrocute"],"picked":"theMarked:BindingBlade","floor":8},{"not_picked":["theMarked:ElectricStrings","theMarked:PowerFlow","theMarked:EmpowerWeapon"],"picked":"SKIP","floor":11},{"not_picked":["theMarked:HeightenedSenses","theMarked:EnhanceMovement","theMarked:EmpowerWeapon"],"picked":"SKIP","floor":12},{"not_picked":["theMarked:ChainLightning","theMarked:SwordAndMagic"],"picked":"theMarked:EmpowerWeapon","floor":14},{"not_picked":["theMarked:SoldierForm+1","theMarked:FavorableWinds"],"picked":"theMarked:Levitate","floor":16},{"not_picked":["theMarked:EnhanceMovement","theMarked:HeightenedSenses+1"],"picked":"theMarked:DeterminationOfTheMarked+1","floor":18},{"not_picked":["theMarked:TwofoldDefense","theMarked:ChainLightning"],"picked":"theMarked:HeritageOfTheMarked+1","floor":21},{"not_picked":["theMarked:Frustration","theMarked:BanishingWave"],"picked":"theMarked:HeritageOfTheMarked+1","floor":24}],"player_experience":284705,"relics_obtained":[{"floor":9,"key":"Frozen Egg 2"},{"floor":12,"key":"Calipers"},{"floor":26,"key":"Ancient Tea Set"}],"event_choices":[{"damage_healed":0,"gold_gain":0,"player_choice":"Relic ","damage_taken":25,"max_hp_gain":0,"max_hp_loss":0,"event_name":"betterThird:BetterScrap","floor":3,"gold_loss":0,"cards_obtained":["White Noise"]},{"damage_healed":0,"gold_gain":0,"player_choice":"Lose Max HP","damage_taken":0,"relics_obtained":["Golden Idol"],"max_hp_gain":0,"max_hp_loss":5,"event_name":"Golden Idol","floor":13,"gold_loss":0},{"damage_healed":0,"gold_gain":0,"player_choice":"Forge","damage_taken":0,"max_hp_gain":0,"max_hp_loss":0,"event_name":"Accursed Blacksmith","floor":19,"gold_loss":0,"cards_upgraded":["theMarked:Levitate"]},{"damage_healed":0,"gold_gain":0,"player_choice":"Ignored","damage_taken":0,"max_hp_gain":0,"max_hp_loss":0,"event_name":"betterNote:BetterNote","floor":22,"gold_loss":0,"cards_obtained":["DeusExMachina"]}],"is_beta":false,"boss_relics":[{"not_picked":["Philosopher\u0027s Stone","Snecko Eye"],"picked":"theMarked:BronzeBlade"}],"items_purged_floors":[20],"is_endless":false,"potions_floor_spawned":[5,7,8,12,14,16,21],"killed_by":"Centurion and Healer","ascension_level":0}}