{"host":"9tzam4717zt8ei1o","time":1608393222,"event":{"mods":["BaseMod","Colored Map","Keyboard Shortcuts","Minty Spire (QoL Compilation)","Quick Restart","StSLib","SuperFastMode"],"gold_per_floor":[114,73,85,235,160,160,187,255,336,348,370,382,394,422,434,524,536,559,591,23,23,23,58,58,58,58,58,58,71,71,97,97,176,176,190,190,90,101,101,101,101,149,149,175,175,186,186,186,29,29,29,29,29],"floor_reached":52,"playtime":1324,"items_purged":["Strike_G","Strike_G+1"],"score":1285,"play_id":"6bf4d778-c83e-4570-b575-eab31f273588","local_time":"20201220005342","is_ascension_mode":true,"campfire_choices":[{"data":"Cloak And Dagger","floor":6.0,"key":"SMITH"},{"data":"Neutralize","floor":10.0,"key":"SMITH"},{"data":"Terror","floor":12.0,"key":"SMITH"},{"floor":15.0,"key":"REST"},{"data":"Calculated Gamble","floor":24.0,"key":"SMITH"},{"data":"Prepared","floor":25.0,"key":"SMITH"},{"data":"Acrobatics","floor":27.0,"key":"SMITH"},{"data":"Accuracy","floor":30.0,"key":"SMITH"},{"data":"Choke","floor":32.0,"key":"SMITH"},{"data":"A Thousand Cuts","floor":41.0,"key":"SMITH"},{"data":"Tactician","floor":45.0,"key":"SMITH"},{"data":"Noxious Fumes","floor":47.0,"key":"SMITH"},{"floor":50.0,"key":"RECALL"}],"circlet_count":0,"master_deck":["AscendersBane","Strike_G+1","Defend_G+1","Defend_G+1","Defend_G+1","Defend_G+1","Defend_G+1","Survivor","Neutralize+1","Bullet Time","Choke+1","Terror+1","Cloak And Dagger+1","Backflip","Venomology","Acrobatics+1","Accuracy+1","After Image","Prepared+1","Calculated Gamble+1","Calculated Gamble","Blade Dance","Noxious Fumes+1","A Thousand Cuts+1","Cloak And Dagger+1","Tactician+1","PiercingWail"],"relics":["Ring of the Snake","MawBank","Pantograph","GremlinMask","Philosopher\u0027s Stone","Eternal Feather","WingedGreaves","Vajra","Gremlin Horn","Coffee Dripper","Tingsha","OrangePellets"],"acts_visited":["Exordium","TheCity","TheBeyond"],"potions_floor_usage":[52],"damage_taken":[{"damage":10.0,"enemies":"2 Louse","floor":1.0,"turns":3.0},{"damage":20.0,"enemies":"Small Slimes","floor":3.0,"turns":5.0},{"damage":23.0,"enemies":"Gremlin Nob","floor":7.0,"turns":4.0},{"damage":0.0,"enemies":"Jaw Worm","floor":11.0,"turns":2.0},{"damage":5.0,"enemies":"Exordium Wildlife","floor":14.0,"turns":4.0},{"damage":29.0,"enemies":"The Guardian","floor":16.0,"turns":13.0},{"damage":23.0,"enemies":"Shell Parasite","floor":18.0,"turns":6.0},{"damage":0.0,"enemies":"Chosen","floor":19.0,"turns":3.0},{"damage":60.0,"enemies":"Gremlin Leader","floor":23.0,"turns":13.0},{"damage":4.0,"enemies":"Centurion and Healer","floor":29.0,"turns":5.0},{"damage":16.0,"enemies":"Slavers","floor":31.0,"turns":7.0},{"damage":25.0,"enemies":"Automaton","floor":33.0,"turns":9.0},{"damage":3.0,"enemies":"3 Darklings","floor":35.0,"turns":5.0},{"damage":16.0,"enemies":"3 Shapes","floor":38.0,"turns":3.0},{"damage":52.0,"enemies":"2 Orb Walkers","floor":42.0,"turns":5.0},{"damage":4.0,"enemies":"Transient","floor":46.0,"turns":6.0},{"damage":44.0,"enemies":"Donu and Deca","floor":51.0,"turns":8.0},{"damage":49,"enemies":"Awakened One","floor":52,"turns":5}],"seed_played":"4551434070709664668","potions_obtained":[{"floor":3.0,"key":"BlessingOfTheForge"},{"floor":7.0,"key":"ColorlessPotion"},{"floor":14.0,"key":"AttackPotion"},{"floor":16.0,"key":"Swift Potion"},{"floor":19.0,"key":"FairyPotion"},{"floor":29.0,"key":"Regen Potion"},{"floor":33.0,"key":"LiquidBronze"},{"floor":35.0,"key":"Fruit Juice"}],"is_trial":false,"path_per_floor":["M","$","M","?","?","R","E","?","T","R","M","R","?","M","R","B",null,"M","M","$","?","?","E","R","R","T","R","?","M","R","E","R","B",null,"M","?","$","M","M","$","R","?","?","T","R","M","R","?","$","R","B","B"],"character_chosen":"THE_SILENT","items_purchased":["Terror","After Image","Eternal Feather","Prepared","OrangePellets"],"campfire_rested":1,"item_purchase_floors":[2,20,20,20,49],"current_hp_per_floor":[49,49,29,29,29,29,6,6,6,6,6,6,6,1,20,16,54,31,31,31,31,31,1,13,25,25,37,37,33,45,44,59,41,60,62,62,62,46,46,46,61,9,9,9,24,20,35,35,35,50,23,0,0],"gold":29,"neow_bonus":"ONE_RANDOM_RARE_CARD","is_daily":false,"chose_seed":false,"campfire_upgraded":11,"win_rate":0.0,"timestamp":1608393222,"path_taken":["M","$","M","?","?","R","E","?","T","R","?","R","?","?","R","BOSS","M","M","$","?","?","E","R","R","T","R","?","?","R","E","R","BOSS","M","?","$","M","M","$","R","?","?","T","R","M","R","?","?","R","BOSS","BOSS"],"items_purchased_type":["Card","Card","Relic","Card","Relic"],"build_version":"2020-12-13","purchased_purges":2,"victory":false,"max_hp_per_floor":[66,66,66,66,66,66,66,66,66,66,66,66,66,66,66,66,66,66,66,66,66,66,66,66,66,66,66,66,66,66,66,66,66,66,71,71,71,71,71,71,71,71,71,71,71,71,71,67,67,67,67,67,67],"card_choices":[{"not_picked":["Bane","Underhanded Strike"],"picked":"Choke","floor":1.0},{"not_picked":["Predator","Backflip"],"picked":"Cloak And Dagger","floor":3.0},{"not_picked":["Flying Knee","Terror"],"picked":"Backflip","floor":7.0},{"not_picked":["Skewer","Choke","Burst"],"picked":"SKIP","floor":11.0},{"not_picked":["Distraction","Sucker Punch","Dash"],"picked":"SKIP","floor":14.0},{"not_picked":["Malaise","Night Terror"],"picked":"Venomology","floor":16.0},{"not_picked":["Underhanded Strike","Endless Agony"],"picked":"Acrobatics","floor":18.0},{"not_picked":["Bane","Backflip"],"picked":"Accuracy","floor":19.0},{"not_picked":["Acrobatics+1","Slice"],"picked":"Calculated Gamble","floor":23.0},{"not_picked":["Footwork","All Out Attack+1"],"picked":"Blade Dance","floor":29.0},{"not_picked":["Dodge and Roll","Leg Sweep"],"picked":"Noxious Fumes","floor":31.0},{"not_picked":["Envenom","Die Die Die"],"picked":"A Thousand Cuts","floor":33.0},{"not_picked":["Leg Sweep","Backflip"],"picked":"Cloak And Dagger+1","floor":35.0},{"not_picked":["Dodge and Roll","Dagger Throw+1"],"picked":"Tactician","floor":38.0},{"not_picked":["Crippling Poison","Caltrops"],"picked":"PiercingWail","floor":46.0}],"player_experience":97905,"relics_obtained":[{"floor":7.0,"key":"MawBank"},{"floor":9.0,"key":"Pantograph"},{"floor":23.0,"key":"WingedGreaves"},{"floor":26.0,"key":"Vajra"},{"floor":31.0,"key":"Gremlin Horn"},{"floor":42.0,"key":"Tingsha"}],"event_choices":[{"damage_healed":0.0,"max_hp_gain":0.0,"max_hp_loss":0.0,"gold_gain":150.0,"event_name":"Liars Game","player_choice":"AGREE","floor":4.0,"gold_loss":0.0,"damage_taken":0.0,"cards_obtained":["Doubt"]},{"cards_removed":["Doubt"],"damage_healed":0.0,"max_hp_gain":0.0,"max_hp_loss":0.0,"gold_gain":0.0,"event_name":"The Cleric","player_choice":"Card Removal","floor":5.0,"gold_loss":75.0,"damage_taken":0.0},{"damage_healed":0.0,"max_hp_gain":0.0,"max_hp_loss":0.0,"gold_gain":56.0,"event_name":"Golden Wing","player_choice":"Gained Gold","floor":8.0,"gold_loss":0.0,"damage_taken":0.0},{"damage_healed":0.0,"max_hp_gain":0.0,"max_hp_loss":0.0,"gold_gain":0.0,"event_name":"FaceTrader","player_choice":"Trade","floor":13.0,"gold_loss":0.0,"damage_taken":0.0,"relics_obtained":["GremlinMask"]},{"damage_healed":0.0,"max_hp_gain":0.0,"max_hp_loss":0.0,"gold_gain":0.0,"event_name":"Back to Basics","player_choice":"Simplicity","floor":21.0,"gold_loss":0.0,"damage_taken":0.0,"cards_upgraded":["Strike_G","Strike_G","Strike_G","Strike_G","Defend_G","Defend_G","Defend_G","Defend_G","Defend_G"]},{"damage_healed":0.0,"max_hp_gain":0.0,"max_hp_loss":0.0,"gold_gain":0.0,"event_name":"Vampires","player_choice":"Ignored","floor":22.0,"gold_loss":0.0,"damage_taken":0.0},{"damage_healed":0.0,"max_hp_gain":0.0,"max_hp_loss":0.0,"gold_gain":0.0,"cards_transformed":["Strike_G"],"event_name":"Transmorgrifier","player_choice":"Transformed","floor":28.0,"gold_loss":0.0,"damage_taken":0.0,"cards_obtained":["Calculated Gamble"]},{"damage_healed":0.0,"max_hp_gain":0.0,"max_hp_loss":0.0,"gold_gain":0.0,"event_name":"SensoryStone","player_choice":"Memory 1","floor":36.0,"gold_loss":0.0,"damage_taken":0.0},{"damage_healed":0.0,"max_hp_gain":0.0,"max_hp_loss":0.0,"gold_gain":0.0,"event_name":"Mysterious Sphere","player_choice":"Fight","floor":42.0,"gold_loss":0.0,"damage_taken":0.0},{"cards_removed":["Strike_G"],"damage_healed":0.0,"max_hp_gain":0.0,"max_hp_loss":0.0,"gold_gain":0.0,"event_name":"Falling","player_choice":"Removed Attack","floor":43.0,"gold_loss":0.0,"damage_taken":0.0},{"damage_healed":0.0,"max_hp_gain":0.0,"max_hp_loss":4.0,"gold_gain":0.0,"event_name":"Winding Halls","player_choice":"Max HP","floor":48.0,"gold_loss":0.0,"damage_taken":0.0}],"is_beta":false,"boss_relics":[{"not_picked":["Tiny House","Busted Crown"],"picked":"Philosopher\u0027s Stone"},{"not_picked":["SlaversCollar","Snecko Eye"],"picked":"Coffee Dripper"}],"items_purged_floors":[20,37],"is_endless":false,"potions_floor_spawned":[3,7,14,16,19,29,33,35,38],"killed_by":"Awakened One","ascension_level":20}}