{"host":"88sw61cmk1203zgj","time":1608355562,"event":{"mods":["BaseMod","Minty Spire (QoL Compilation)"],"gold_per_floor":[117,117,97,110,129,160,172,137,184,184,212,229,259,278,278,379,379,390,402,402,402,422,422,454,454,454,454,454],"floor_reached":27,"playtime":1391,"items_purged":[],"score":352,"play_id":"14fed2af-7ed5-4d76-a06f-2951a8dcb91b","local_time":"20201219002602","is_ascension_mode":true,"campfire_choices":[{"data":"Barrage","floor":10,"key":"SMITH"},{"floor":15,"key":"REST"},{"floor":23,"key":"REST"},{"floor":25,"key":"REST"}],"circlet_count":0,"master_deck":["Strike_B","Strike_B","Defend_B+1","Defend_B","Defend_B","Defend_B","Zap+1","Dualcast","Chaos","Conserve Battery","Chill","Barrage+1","Doom and Gloom","Ball Lightning","Loop","Buffer","Cold Snap+1","Genetic Algorithm","Beam Cell","Genetic Algorithm+1"],"relics":["Runic Pyramid","Pantograph","Potion Belt","Odd Mushroom","Empty Cage","Nunchaku","Mummified Hand"],"acts_visited":["Exordium","TheCity"],"potions_floor_usage":[6,6,13,24,24],"damage_taken":[{"damage":6,"enemies":"Cultist","floor":1,"turns":4},{"damage":6,"enemies":"2 Louse","floor":4,"turns":3},{"damage":1,"enemies":"Small Slimes","floor":5,"turns":3},{"damage":26,"enemies":"Gremlin Nob","floor":6,"turns":4},{"damage":0,"enemies":"3 Louse","floor":7,"turns":5},{"damage":3,"enemies":"Lagavulin","floor":11,"turns":5},{"damage":1,"enemies":"Looter","floor":12,"turns":4},{"damage":0,"enemies":"The Mushroom Lair","floor":13,"turns":2},{"damage":13,"enemies":"Exordium Thugs","floor":14,"turns":4},{"damage":14,"enemies":"Slime Boss","floor":16,"turns":9},{"damage":13,"enemies":"Spheric Guardian","floor":18,"turns":5},{"damage":32,"enemies":"2 Thieves","floor":19,"turns":4},{"damage":16,"enemies":"Cultist and Chosen","floor":22,"turns":7},{"damage":32,"enemies":"Slavers","floor":24,"turns":6},{"damage":31,"enemies":"Snecko","floor":27,"turns":7}],"seed_played":"6221520905427169254","potions_obtained":[{"floor":3,"key":"DistilledChaos"},{"floor":4,"key":"SneckoOil"},{"floor":5,"key":"DuplicationPotion"},{"floor":6,"key":"BlessingOfTheForge"},{"floor":16,"key":"Fruit Juice"},{"floor":18,"key":"FearPotion"},{"floor":22,"key":"Energy Potion"}],"is_trial":false,"path_per_floor":["M","?","?","M","M","E","M","?","T","R","E","M","?","M","R","B",null,"M","M","?","?","M","R","E","R","T","M"],"character_chosen":"DEFECT","items_purchased":[],"campfire_rested":3,"item_purchase_floors":[],"current_hp_per_floor":[62,47,47,41,40,14,14,32,32,32,29,28,28,15,37,48,68,55,23,23,23,7,29,2,26,26,0,0],"gold":454,"neow_bonus":"BOSS_RELIC","is_daily":false,"chose_seed":false,"campfire_upgraded":1,"win_rate":0.0,"timestamp":1608355562,"path_taken":["M","?","?","M","M","E","?","?","T","R","E","M","?","M","R","BOSS","M","M","?","?","?","R","E","R","T","M"],"items_purchased_type":[],"build_version":"2020-12-13","purchased_purges":0,"victory":false,"max_hp_per_floor":[75,75,75,75,75,75,75,75,75,75,75,75,75,75,75,75,75,75,75,75,75,75,75,80,80,80,80,80],"card_choices":[{"not_picked":["Hologram","Sweeping Beam"],"picked":"Chaos","floor":1},{"not_picked":["Rebound","FTL"],"picked":"Conserve Battery","floor":4},{"not_picked":["Steam","Stack","Aggregate"],"picked":"SKIP","floor":5},{"not_picked":["Chaos","Undo"],"picked":"Chill","floor":6},{"not_picked":["Self Repair","Compile Driver"],"picked":"Barrage","floor":7},{"not_picked":["Beam Cell","Stack"],"picked":"Doom and Gloom","floor":11},{"not_picked":["Melter","Streamline","Stack"],"picked":"SKIP","floor":12},{"not_picked":["Lockon","Tempest"],"picked":"Ball Lightning","floor":13},{"not_picked":["Coolheaded","Stack"],"picked":"Loop","floor":14},{"not_picked":["Seek","Creative AI"],"picked":"Buffer","floor":16},{"not_picked":["Stack+1","Steam"],"picked":"Cold Snap+1","floor":18},{"not_picked":["Storm","Sweeping Beam"],"picked":"Genetic Algorithm","floor":19},{"not_picked":["Self Repair","Hologram"],"picked":"Beam Cell","floor":22},{"not_picked":["Sweeping Beam","Redo"],"picked":"Genetic Algorithm+1","floor":24}],"player_experience":1417531,"relics_obtained":[{"floor":6,"key":"Pantograph"},{"floor":11,"key":"Potion Belt"},{"floor":13,"key":"Odd Mushroom"},{"floor":24,"key":"Nunchaku"},{"floor":26,"key":"Mummified Hand"}],"event_choices":[{"damage_healed":0,"gold_gain":0,"player_choice":"Entered Light","damage_taken":15,"max_hp_gain":0,"max_hp_loss":0,"event_name":"Shining Light","floor":2,"gold_loss":0,"cards_upgraded":["Zap","Defend_B"]},{"damage_healed":0,"gold_gain":0,"player_choice":"Bought 1 Potion","damage_taken":0,"max_hp_gain":0,"max_hp_loss":0,"event_name":"The Woman in Blue","floor":3,"gold_loss":0},{"damage_healed":18,"gold_gain":0,"player_choice":"Healed","damage_taken":0,"max_hp_gain":0,"max_hp_loss":0,"event_name":"The Cleric","floor":8,"gold_loss":35},{"damage_healed":0,"gold_gain":0,"player_choice":"Fought Mushrooms","damage_taken":0,"max_hp_gain":0,"max_hp_loss":0,"event_name":"Mushrooms","floor":13,"gold_loss":0},{"damage_healed":0,"gold_gain":0,"player_choice":"Ignored","damage_taken":0,"max_hp_gain":0,"max_hp_loss":0,"event_name":"Ghosts","floor":20,"gold_loss":0},{"damage_healed":0,"gold_gain":0,"player_choice":"0 cards matched","damage_taken":0,"max_hp_gain":0,"max_hp_loss":0,"event_name":"Match and Keep!","floor":21,"gold_loss":0,"cards_obtained":[]}],"is_beta":false,"boss_relics":[{"not_picked":["Nuclear Battery","Calling Bell"],"picked":"Empty Cage"}],"items_purged_floors":[],"is_endless":false,"potions_floor_spawned":[4,5,6,16,18,22],"killed_by":"Snecko","ascension_level":9}}