{"host":"zw7mtpqi2yatqhwv","time":1608405755,"event":{"mods":["2.2 Compatiblity","A Magickal Journey","AchievementEnabler","Act Like it!","Aspiration","Bard","BaseMod","Beaked The Cultist","Better Altar","Better Match","Better Note","Better Sensory Stone","Better Skull","Better Third Choice","BetterRewards","CCEM","Colored Map","Colored Powertips","Conspire","Downfall","Friendly Minions","GifTheSpireLib","Glutton Mod","Halation","Hermit","Highlight Path","Hubris","Infinite Spire","Jedi Mod","JesterMod","Jorbs\u0027s Wanderer Trilogy","Mad Scientist","Marisa????????","Mimic Mod","Minty Spire (QoL Compilation)","Permanent Neow","READ ME - Guardian Mod","READ ME - Snecko Mod","Rare Cards Sparkle","RatMod","Replay The Spire","Shade Mod","Shop Mod","Spicy Shops","StSLib","Strawberry Spire","Stuff the Spire","The Blackbeard","The Construct","The Cursed","The Death Knight","The Disciple","The Elementalist","The Factory","The Gatherer","The Hierophant","The Juggle","The Jungle","The Mystic","The Necromancer","The Runesmith","The Servant 0.9.4","The Spell Scribe","The Wild Card","TheVacant","Unceasing Turn Reminder","vexMod"],"gold_per_floor":[118,118,12129,10885,10885,10912,10931,10960,10960,10930,10945,10945,10961,10976,10976,11076,11076,11096,11096,11108,11108,11108,11108],"floor_reached":22,"playtime":1996,"items_purged":[],"score":271,"play_id":"27ca12a5-1070-468f-9a0a-2e4287decdb1","local_time":"20201219202235","is_ascension_mode":false,"campfire_choices":[{"data":"theVacant:CleanseSoul","floor":12,"key":"SMITH"}],"circlet_count":0,"master_deck":["theVacant:VacantStarterStrike","theVacant:VacantStarterStrike","theVacant:VacantStarterStrike","theVacant:VacantStarterStrike","theVacant:VacantStarterDefend","theVacant:VacantStarterDefend","theVacant:VacantStarterDefend","theVacant:VacantStarterDefend","theVacant:Release","theVacant:Crunch","theVacant:CleanseSoul+1","Regret","theVacant:PitOfDespair","Magnetism+1","theVacant:BattleScars","theVacant:Rejection","theVacant:Hex","theVacant:Threat","theVacant:FiendFrost","Replay:SS_forest_6","theVacant:Jab","theVacant:Reconnect","theVacant:Unearth","theVacant:EyePoke","theVacant:ShriekingBlast","theVacant:PitOfDespair","theVacant:Exorcise","Sanctity","hermit:Glare","theVacant:Husk"],"relics":["Replay:M_StaffOfTheSnake","Counterbalance","Potion Belt","strawberrySpire:Treaders","jedi:archwizardhat","CCEMRelics:GrindingGear","Lantern","Onion Ring","BranchBurnRelic","infinitespire:Cubic Diamond","aspiration:WatcherSkillbook","infinitespire:Beetle Shell"],"acts_visited":["Exordium","TheCity"],"potions_floor_usage":[13,14,14,16],"damage_taken":[{"damage":5,"enemies":"Small Slimes","floor":1,"turns":4},{"damage":2,"enemies":"conspire:RoseBush","floor":3,"turns":4},{"damage":36,"enemies":"strawberrySpire:EnergyPylons","floor":6,"turns":3},{"damage":12,"enemies":"Cultist","floor":7,"turns":4},{"damage":3,"enemies":"Lagavulin","floor":8,"turns":5},{"damage":0,"enemies":"Large Slime","floor":11,"turns":4},{"damage":0,"enemies":"3 Louse","floor":13,"turns":2},{"damage":0,"enemies":"Lots of Slimes","floor":14,"turns":2},{"damage":18,"enemies":"Slime Boss","floor":16,"turns":10},{"damage":4,"enemies":"3 Byrds","floor":18,"turns":4},{"damage":40,"enemies":"Shell Parasite","floor":20,"turns":4},{"damage":47,"enemies":"Cultist and Chosen","floor":22,"turns":6}],"seed_played":"8789784573477554154","potions_obtained":[{"floor":3,"key":"SpeedPotion"},{"floor":8,"key":"Dexterity Potion"},{"floor":10,"key":"hexamod:EctoCoolerPotion"},{"floor":10,"key":"DeathKnight:BottledBloodEchoes"},{"floor":13,"key":"Fire Potion"},{"floor":14,"key":"SkillPotion"}],"is_trial":true,"path_per_floor":["M","?","M","$","?","E","M","E","T","?","M","R","M","M","R_BF","B",null,"M","?","M","?","M"],"character_chosen":"THE_VACANT","items_purchased":["Potion Belt","Magnetism","Dead Branch","strawberrySpire:Treaders","jedi:archwizardhat","theVacant:BattleScars","theVacant:Rejection","theVacant:Hex","theVacant:Threat","theVacant:FiendFrost","Replay:SS_forest_6"],"campfire_rested":0,"item_purchase_floors":[4,4,4,4,4,4,4,4,4,4,4],"current_hp_per_floor":[75,75,73,73,73,37,33,38,38,38,46,46,51,51,51,48,80,76,76,36,36,0,0],"gold":11108,"neow_bonus":"","is_daily":false,"chose_seed":false,"campfire_upgraded":1,"win_rate":0.0,"timestamp":1608405755,"path_taken":["M","?","M","$","?","E","M","E","T","?","M","R","M","?","R_BF","BOSS","M","?","M","?","M"],"items_purchased_type":["Relic","Card","Relic","Relic","Relic","Card","Card","Card","Card","Card","Card"],"build_version":"2020-12-13","purchased_purges":0,"victory":false,"max_hp_per_floor":[80,80,80,80,80,80,80,80,80,80,80,80,80,80,80,80,80,80,80,80,80,80,80],"card_choices":[{"not_picked":["theVacant:GraveDigger","theVacant:Fling"],"picked":"theVacant:CleanseSoul","floor":1},{"not_picked":["theVacant:GraveWave","theVacant:CursedBlast"],"picked":"theVacant:PitOfDespair","floor":3},{"not_picked":["theVacant:WaitInWrath","theVacant:Husk"],"picked":"theVacant:Jab","floor":6},{"not_picked":["theVacant:Fling","theVacant:WhenDarknessComes"],"picked":"theVacant:Reconnect","floor":7},{"not_picked":["theVacant:BattleScars","theVacant:ShriekingBlast"],"picked":"theVacant:Unearth","floor":8},{"not_picked":["theVacant:Return","theVacant:FranticBlow"],"picked":"theVacant:EyePoke","floor":11},{"not_picked":["theVacant:TwistFate","theVacant:Unearth"],"picked":"theVacant:ShriekingBlast","floor":13},{"not_picked":["theVacant:ShutAway","theVacant:Fling"],"picked":"theVacant:PitOfDespair","floor":14},{"not_picked":["Phantasmal Killer","Doppelganger"],"picked":"theVacant:Exorcise","floor":16},{"not_picked":["theVacant:GraveWave","Prostrate","Replay:Cycle"],"picked":"Sanctity","floor":18},{"not_picked":["theVacant:Spinshield+1","theVacant:Soothe+1","theVacant:Cower"],"picked":"theVacant:Husk","floor":20}],"player_experience":90768,"relics_obtained":[{"floor":6,"key":"CCEMRelics:GrindingGear"},{"floor":8,"key":"Lantern"},{"floor":9,"key":"Onion Ring"}],"event_choices":[{"damage_healed":0,"gold_gain":0,"player_choice":"Box","damage_taken":0,"relics_obtained":["Counterbalance"],"max_hp_gain":0,"max_hp_loss":0,"event_name":"Big Fish","floor":2,"gold_loss":0,"cards_obtained":["Regret"]},{"damage_healed":0,"gold_gain":0,"player_choice":"Bought 2 Potions","damage_taken":0,"max_hp_gain":0,"max_hp_loss":0,"event_name":"The Woman in Blue","floor":10,"gold_loss":0},{"damage_healed":0,"gold_gain":0,"player_choice":"Take","damage_taken":0,"max_hp_gain":0,"max_hp_loss":0,"event_name":"betterNote:BetterNote","floor":19,"gold_loss":0,"cards_obtained":["hermit:Glare"]},{"damage_healed":0,"gold_gain":0,"player_choice":"Gave Potion","damage_taken":0,"relics_obtained":["infinitespire:Beetle Shell"],"max_hp_gain":0,"max_hp_loss":0,"event_name":"WeMeetAgain","floor":21,"gold_loss":0}],"is_beta":false,"boss_relics":[{"not_picked":["Kintsugi","Painkiller Herb"],"picked":"aspiration:WatcherSkillbook"}],"items_purged_floors":[],"is_endless":false,"potions_floor_spawned":[3,8,13,14],"killed_by":"Cultist and Chosen","ascension_level":0}}