{"host":"szp1d6dso4pv7ddl","time":1608344909,"event":{"mods":["AchievementEnabler","Alarm Clock","BaseMod","Bestiary","Block Reminder","Colored Map","Colored Powertips","Curses Come First","Displayed Cursed Tome","Highlight Path","Minty Spire (QoL Compilation)","Permanent Neow","Quick Restart","Relic Sorter","Relic Stats","StSLib","Synergy Search"],"gold_per_floor":[117,128,128,42,42,42,67,67,67,67,119,119,41,75,75,203,203,226,245,245,170,195,195,238,65,92,92,110,110,209,222,222,351,351,367,367,382,382,406,406,442,442,442,442,465,465,91,110,110,110,110],"floor_reached":50,"playtime":2460,"items_purged":["Defend_G","Strike_G"],"score":680,"play_id":"3884b61c-af4f-4701-83fe-18e248287d6a","local_time":"20201218182829","is_ascension_mode":true,"campfire_choices":[{"data":"Dodge and Roll","floor":6.0,"key":"SMITH"},{"floor":8.0,"key":"REST"},{"data":"Blade Dance","floor":10.0,"key":"SMITH"},{"floor":15.0,"key":"REST"},{"data":"Blade Dance","floor":23.0,"key":"SMITH"},{"floor":27.0,"key":"RECALL"},{"data":"Phantasmal Killer","floor":32.0,"key":"SMITH"},{"floor":40.0,"key":"REST"},{"floor":46.0,"key":"REST"},{"floor":49.0,"key":"REST"}],"circlet_count":0,"master_deck":["Strike_G","Strike_G","Strike_G+1","Defend_G","Defend_G+1","Defend_G","Survivor","Neutralize+1","Blade Dance+1","Backflip","Choke+1","Dodge and Roll+1","Dagger Spray","Unload","Choke","After Image","CurseOfTheBell","Blade Dance+1","Dodge and Roll","Flash of Steel","Sucker Punch+1","Phantasmal Killer+1","Malaise","Finisher","Panache","Infinite Blades","Parasite"],"relics":["Sozu","Pen Nib","Letter Opener","Busted Crown","Boot","TungstenRod","Golden Idol","Bottled Lightning","Whetstone","Calling Bell","Oddly Smooth Stone","Singing Bowl","Thread and Needle"],"acts_visited":["Exordium","TheCity","TheBeyond"],"potions_floor_usage":[],"damage_taken":[{"damage":0.0,"enemies":"Cultist","floor":1.0,"turns":5.0},{"damage":0.0,"enemies":"Jaw Worm","floor":2.0,"turns":3.0},{"damage":5.0,"enemies":"Small Slimes","floor":7.0,"turns":2.0},{"damage":22.0,"enemies":"Gremlin Nob","floor":14.0,"turns":4.0},{"damage":24.0,"enemies":"The Guardian","floor":16.0,"turns":10.0},{"damage":0.0,"enemies":"Spheric Guardian","floor":18.0,"turns":4.0},{"damage":0.0,"enemies":"3 Byrds","floor":19.0,"turns":4.0},{"damage":0.0,"enemies":"Centurion and Healer","floor":22.0,"turns":6.0},{"damage":13.0,"enemies":"Book of Stabbing","floor":24.0,"turns":4.0},{"damage":0.0,"enemies":"Cultist and Chosen","floor":28.0,"turns":5.0},{"damage":6.0,"enemies":"Snecko","floor":31.0,"turns":5.0},{"damage":21.0,"enemies":"Champ","floor":33.0,"turns":12.0},{"damage":0.0,"enemies":"Orb Walker","floor":35.0,"turns":3.0},{"damage":0.0,"enemies":"3 Shapes","floor":37.0,"turns":3.0},{"damage":30.0,"enemies":"3 Darklings","floor":39.0,"turns":5.0},{"damage":46.0,"enemies":"Nemesis","floor":41.0,"turns":10.0},{"damage":15.0,"enemies":"Spire Growth","floor":45.0,"turns":5.0},{"damage":4.0,"enemies":"Writhing Mass","floor":48.0,"turns":7.0},{"damage":52,"enemies":"Donu and Deca","floor":50,"turns":5}],"seed_played":"-856473333631867590","potions_obtained":[],"is_trial":false,"path_per_floor":["M","M","?","$","?","R","M","R","T","R","T","?","$","E","R","B",null,"M","M","?","?","M","R","E","$","T","R","M","?","?","M","R","B",null,"M","?","M","?","M","R","E","?","T","?","M","R","$","M","R","B"],"character_chosen":"THE_SILENT","items_purchased":["Choke","Dodge and Roll","Unload","Flash of Steel","Panache","Infinite Blades"],"campfire_rested":5,"item_purchase_floors":[4,4,13,25,47,47],"current_hp_per_floor":[63,63,49,49,32,32,27,48,48,48,48,48,48,26,47,23,58,60,62,53,53,53,53,40,40,40,40,40,64,64,58,58,37,65,67,67,67,67,39,61,17,19,19,19,6,30,30,28,52,0,0],"gold":110,"neow_bonus":"BOSS_RELIC","is_daily":false,"chose_seed":false,"campfire_upgraded":4,"win_rate":0.0,"timestamp":1608344909,"path_taken":["M","M","?","$","?","R","M","R","T","R","?","?","$","E","R","BOSS","M","?","?","?","M","R","E","$","T","R","M","?","?","M","R","BOSS","M","?","M","?","M","R","E","?","T","?","M","R","$","M","R","BOSS"],"items_purchased_type":["Card","Card","Card","Card","Card","Card"],"build_version":"2020-12-13","purchased_purges":2,"victory":false,"max_hp_per_floor":[70,70,70,70,70,70,70,70,70,70,70,70,70,70,70,70,70,72,74,74,74,74,74,74,74,74,74,74,74,74,74,74,74,74,76,72,72,72,74,74,76,78,78,78,80,80,80,82,82,82,82],"relic_stats":{"Sozu":8,"Busted Crown":14,"Singing Bowl":16,"counters":[19,102],"Golden Idol":121,"Pen Nib":[21],"Letter Opener":[128],"Whetstone":["Choke","Strike_G"],"Boot":[41],"obtain_stats":[{"Singing Bowl":17,"Golden Idol":5,"Oddly Smooth Stone":17,"Thread and Needle":17,"Pen Nib":24,"Whetstone":11,"Letter Opener":14,"Boot":41,"Sozu":0,"Calling Bell":17,"Busted Crown":34,"Bottled Lightning":9,"TungstenRod":43,"Ring of the Snake":0},{"Singing Bowl":5,"Golden Idol":2,"Oddly Smooth Stone":5,"Thread and Needle":5,"Pen Nib":9,"Whetstone":3,"Letter Opener":4,"Boot":16,"Sozu":0,"Calling Bell":5,"Busted Crown":12,"Bottled Lightning":3,"TungstenRod":16,"Ring of the Snake":0},{"Singing Bowl":24,"Golden Idol":8,"Oddly Smooth Stone":24,"Thread and Needle":24,"Pen Nib":42,"Whetstone":10,"Letter Opener":14,"Boot":85,"Sozu":0,"Calling Bell":24,"Busted Crown":64,"Bottled Lightning":10,"TungstenRod":85,"Ring of the Snake":0}],"TungstenRod":8},"card_choices":[{"not_picked":["Calculated Gamble","Skewer"],"picked":"Blade Dance","floor":1.0},{"not_picked":["Masterful Stab","Well Laid Plans"],"picked":"Backflip","floor":2.0},{"not_picked":["Infinite Blades","Deflect"],"picked":"Dagger Spray","floor":7.0},{"not_picked":["Dagger Throw","Flying Knee"],"picked":"Choke","floor":14.0},{"not_picked":["Unload","Phantasmal Killer"],"picked":"After Image","floor":16.0},{"not_picked":["Setup","Riddle With Holes","Slice"],"picked":"Singing Bowl","floor":18.0},{"not_picked":["Quick Slash+1","Dagger Spray","Dash+1"],"picked":"Singing Bowl","floor":19.0},{"not_picked":["Dagger Throw","Deflect"],"picked":"Blade Dance","floor":22.0},{"not_picked":["Reflex","Outmaneuver"],"picked":"Dodge and Roll","floor":24.0},{"not_picked":["Cloak And Dagger","PiercingWail"],"picked":"Sucker Punch+1","floor":28.0},{"not_picked":["Cloak And Dagger+1","Outmaneuver"],"picked":"Phantasmal Killer","floor":31.0},{"not_picked":["Wraith Form v2","Die Die Die"],"picked":"Malaise","floor":33.0},{"not_picked":["Caltrops+1"],"picked":"Singing Bowl","floor":35.0},{"not_picked":[],"picked":"Finisher","floor":37.0},{"not_picked":["Backflip"],"picked":"Singing Bowl","floor":39.0},{"not_picked":["Dodge and Roll"],"picked":"Singing Bowl","floor":41.0},{"not_picked":["PanicButton"],"picked":"Singing Bowl","floor":42.0},{"not_picked":["Cloak And Dagger"],"picked":"Singing Bowl","floor":45.0},{"not_picked":["Slice"],"picked":"Singing Bowl","floor":48.0}],"player_experience":975366,"relics_obtained":[{"floor":9.0,"key":"Bottled Lightning"},{"floor":11.0,"key":"Whetstone"},{"floor":14.0,"key":"Letter Opener"},{"floor":17.0,"key":"Oddly Smooth Stone"},{"floor":17.0,"key":"Singing Bowl"},{"floor":17.0,"key":"Thread and Needle"},{"floor":24.0,"key":"Pen Nib"},{"floor":41.0,"key":"Boot"},{"floor":43.0,"key":"TungstenRod"}],"event_choices":[{"damage_healed":0.0,"max_hp_gain":0.0,"max_hp_loss":0.0,"gold_gain":0.0,"event_name":"Shining Light","player_choice":"Entered Light","floor":3.0,"gold_loss":0.0,"damage_taken":14.0,"cards_upgraded":["Defend_G","Neutralize"]},{"damage_healed":0.0,"max_hp_gain":0.0,"max_hp_loss":0.0,"gold_gain":0.0,"event_name":"Golden Idol","player_choice":"Take Damage","floor":5.0,"gold_loss":0.0,"damage_taken":17.0,"relics_obtained":["Golden Idol"]},{"cards_removed":["Defend_G"],"damage_healed":0.0,"max_hp_gain":0.0,"max_hp_loss":0.0,"gold_gain":0.0,"event_name":"Bonfire Elementals","player_choice":"Offered Basic","floor":12.0,"gold_loss":0.0,"damage_taken":0.0},{"damage_healed":0.0,"max_hp_gain":0.0,"max_hp_loss":0.0,"gold_gain":0.0,"event_name":"Cursed Tome","player_choice":"Stopped","floor":20.0,"gold_loss":0.0,"damage_taken":9.0},{"cards_removed":["Strike_G"],"damage_healed":0.0,"max_hp_gain":0.0,"max_hp_loss":0.0,"gold_gain":0.0,"event_name":"Beggar","player_choice":"Gave Gold","floor":21.0,"gold_loss":75.0,"damage_taken":0.0},{"damage_healed":24.0,"max_hp_gain":0.0,"max_hp_loss":0.0,"gold_gain":0.0,"event_name":"The Library","player_choice":"Heal","floor":29.0,"gold_loss":0.0,"damage_taken":0.0},{"damage_healed":0.0,"max_hp_gain":0.0,"max_hp_loss":0.0,"gold_gain":99.0,"event_name":"Nest","player_choice":"Stole From Cult","floor":30.0,"gold_loss":0.0,"damage_taken":0.0},{"damage_healed":0.0,"max_hp_gain":0.0,"max_hp_loss":4.0,"gold_gain":0.0,"event_name":"Winding Halls","player_choice":"Max HP","floor":36.0,"gold_loss":0.0,"damage_taken":0.0},{"damage_healed":0.0,"max_hp_gain":0.0,"max_hp_loss":0.0,"gold_gain":0.0,"event_name":"Tomb of Lord Red Mask","player_choice":"Ignored","floor":38.0,"gold_loss":0.0,"damage_taken":0.0},{"damage_healed":0.0,"max_hp_gain":0.0,"max_hp_loss":0.0,"gold_gain":0.0,"event_name":"SensoryStone","player_choice":"Memory 1","floor":42.0,"gold_loss":0.0,"damage_taken":0.0},{"damage_healed":0.0,"max_hp_gain":0.0,"max_hp_loss":0.0,"gold_gain":0.0,"event_name":"Mysterious Sphere","player_choice":"Ignored","floor":44.0,"gold_loss":0.0,"damage_taken":0.0}],"is_beta":false,"boss_relics":[{"not_picked":["Ectoplasm","Velvet Choker"],"picked":"Calling Bell"},{"not_picked":["SacredBark","Runic Dome"],"picked":"Busted Crown"}],"items_purged_floors":[25,47],"is_endless":false,"potions_floor_spawned":[1,2,16,22,24,41,45,48],"killed_by":"Donu and Deca","ascension_level":8}}