{"host":"yvb207ks1sg3cxef","time":1608397184,"event":{"mods":["2.2 Compatiblity","BaseMod","Bestiary","Colored Powertips","Minty Spire (QoL Compilation)","Permanent Neow","Quick Restart","Relic Stats","StSLib"],"gold_per_floor":[116,133,133,133,147,147,1,1,1,29,39,50,85,130,130,204,204,223,238,238,238,256,291,309,339,365,378,403,403,502,175,175,251,251,270,270,288,302,302,328,328,343,343,16,16,33,44,61,61,61,61,61,12,44,44],"floor_reached":56,"playtime":4863,"items_purged":["Pain","Strike_G","Defend_G"],"score":1898,"play_id":"d6c87cf3-314f-42f5-b2bd-015607cc492d","local_time":"20201219222944","is_ascension_mode":true,"campfire_choices":[{"data":"Noxious Fumes","floor":6.0,"key":"SMITH"},{"data":"Well Laid Plans","floor":8.0,"key":"SMITH"},{"data":"Wraith Form v2","floor":15.0,"key":"SMITH"},{"data":"Catalyst","floor":29.0,"key":"SMITH"},{"data":"Concentrate","floor":32.0,"key":"SMITH"},{"data":"Malaise","floor":41.0,"key":"SMITH"},{"floor":45.0,"key":"RECALL"},{"floor":49.0,"key":"REST"},{"data":"Catalyst","floor":52.0,"key":"SMITH"}],"circlet_count":0,"master_deck":["AscendersBane","Defend_G","Defend_G","Defend_G","Defend_G","Survivor","Neutralize","Dagger Spray+1","Blur+1","Dagger Throw+1","Noxious Fumes+1","Well Laid Plans+1","Wraith Form v2+1","Malaise+1","Catalyst+1","Wraith Form v2+1","Reflex","Predator","Flying Knee+1","Leg Sweep","Catalyst+1","Backflip","Catalyst+1","Concentrate+1","Corpse Explosion","Deadly Poison+1","Backflip+1","Backflip","Noxious Fumes+1","Caltrops+1"],"relics":["Astrolabe","WarpedTongs","Darkstone Periapt","Mummified Hand","MealTicket","SacredBark","Gremlin Horn","Blood Vial","Strawberry","Question Card","DollysMirror","Philosopher\u0027s Stone","Orichalcum","Potion Belt","Toy Ornithopter"],"acts_visited":["Exordium","TheCity","TheBeyond","TheEnding"],"potions_floor_usage":[55,55,55],"damage_taken":[{"damage":0.0,"enemies":"Small Slimes","floor":1.0,"turns":3.0},{"damage":0.0,"enemies":"Cultist","floor":2.0,"turns":3.0},{"damage":3.0,"enemies":"Jaw Worm","floor":5.0,"turns":3.0},{"damage":4.0,"enemies":"3 Sentries","floor":10.0,"turns":7.0},{"damage":0.0,"enemies":"Exordium Thugs","floor":11.0,"turns":5.0},{"damage":0.0,"enemies":"Looter","floor":12.0,"turns":3.0},{"damage":1.0,"enemies":"Gremlin Nob","floor":13.0,"turns":5.0},{"damage":14.0,"enemies":"Hexaghost","floor":16.0,"turns":11.0},{"damage":0.0,"enemies":"Shell Parasite","floor":18.0,"turns":8.0},{"damage":5.0,"enemies":"Chosen","floor":19.0,"turns":6.0},{"damage":2.0,"enemies":"Snecko","floor":22.0,"turns":7.0},{"damage":7.0,"enemies":"Book of Stabbing","floor":23.0,"turns":9.0},{"damage":3.0,"enemies":"Shelled Parasite and Fungi","floor":24.0,"turns":7.0},{"damage":13.0,"enemies":"Slavers","floor":25.0,"turns":6.0},{"damage":11.0,"enemies":"Centurion and Healer","floor":27.0,"turns":8.0},{"damage":1.0,"enemies":"Gremlin Leader","floor":28.0,"turns":8.0},{"damage":0.0,"enemies":"Champ","floor":33.0,"turns":8.0},{"damage":0.0,"enemies":"3 Shapes","floor":35.0,"turns":4.0},{"damage":34.0,"enemies":"3 Darklings","floor":37.0,"turns":6.0},{"damage":0.0,"enemies":"Transient","floor":38.0,"turns":5.0},{"damage":1.0,"enemies":"Giant Head","floor":40.0,"turns":8.0},{"damage":0.0,"enemies":"Writhing Mass","floor":42.0,"turns":6.0},{"damage":8.0,"enemies":"Spire Growth","floor":46.0,"turns":4.0},{"damage":8.0,"enemies":"Transient","floor":47.0,"turns":5.0},{"damage":25.0,"enemies":"4 Shapes","floor":48.0,"turns":6.0},{"damage":13.0,"enemies":"Donu and Deca","floor":50.0,"turns":7.0},{"damage":12.0,"enemies":"Shield and Spear","floor":54.0,"turns":5.0},{"damage":46,"enemies":"The Heart","floor":55,"turns":9}],"seed_played":"-4715445805188092590","potions_obtained":[{"floor":1.0,"key":"CunningPotion"},{"floor":11.0,"key":"SpeedPotion"},{"floor":18.0,"key":"Explosive Potion"},{"floor":24.0,"key":"Regen Potion"},{"floor":27.0,"key":"ColorlessPotion"},{"floor":28.0,"key":"FearPotion"},{"floor":37.0,"key":"GamblersBrew"},{"floor":40.0,"key":"FairyPotion"},{"floor":46.0,"key":"Dexterity Potion"},{"floor":48.0,"key":"GamblersBrew"},{"floor":54.0,"key":"Swift Potion"}],"is_trial":false,"path_per_floor":["M","M","?","?","M","R","$","R","T","E","M","M","E","T","R","B",null,"M","M","?","?","M","E","M","E","T","M","E","R","?","$","R","B",null,"M","?","M","M","?","E","R","M","T","$","R","M","M","M","R","B",null,"R","$","E","B",null],"character_chosen":"THE_SILENT","items_purchased":["Well Laid Plans","DollysMirror","Concentrate","Potion Belt","SkillPotion","Block Potion"],"campfire_rested":1,"item_purchase_floors":[7,31,31,44,44,53],"current_hp_per_floor":[63,63,56,56,53,53,53,53,53,49,49,49,48,48,48,34,61,61,56,56,56,54,47,44,70,77,66,67,67,67,77,77,77,77,77,73,39,41,41,42,42,44,44,59,59,53,47,24,45,34,63,63,73,61,32],"gold":44,"neow_bonus":"BOSS_RELIC","is_daily":false,"chose_seed":false,"campfire_upgraded":7,"win_rate":0.0,"timestamp":1608397184,"path_taken":["M","M","?","?","M","R","$","R","T","E","?","M","E","?","R","BOSS","M","M","?","?","M","E","M","E","T","?","E","R","?","$","R","BOSS","M","?","M","M","?","E","R","M","T","$","R","M","M","M","R","BOSS","R","$","E","BOSS"],"items_purchased_type":["Card","Relic","Card","Relic","Potion","Potion"],"build_version":"2020-12-13","purchased_purges":3,"victory":true,"max_hp_per_floor":[70,70,70,70,70,70,70,70,70,70,70,70,70,70,70,70,70,70,70,70,70,70,70,70,70,77,77,77,77,77,77,77,77,77,77,73,73,73,73,73,73,73,73,73,73,73,73,73,73,73,73,73,73,73,73],"relic_stats":{"Darkstone Periapt":0,"Blood Vial":18,"Gremlin Horn":[19,19],"counters":[28,172],"Mummified Hand":[98],"Astrolabe":["Dagger Spray","Blur","Dagger Throw"],"MealTicket":35,"Orichalcum":[48],"Question Card":10,"obtain_stats":[{"Darkstone Periapt":9,"Potion Belt":44,"Gremlin Horn":23,"Astrolabe":0,"SacredBark":17,"Orichalcum":40,"Question Card":28,"WarpedTongs":4,"Blood Vial":25,"Mummified Hand":10,"DollysMirror":31,"Strawberry":26,"MealTicket":14,"Philosopher\u0027s Stone":34,"Toy Ornithopter":54,"Ring of the Snake":0},{"Darkstone Periapt":3,"Potion Belt":22,"Gremlin Horn":12,"Astrolabe":0,"SacredBark":8,"Orichalcum":21,"Question Card":16,"WarpedTongs":2,"Blood Vial":14,"Mummified Hand":4,"DollysMirror":16,"Strawberry":14,"MealTicket":7,"Philosopher\u0027s Stone":17,"Toy Ornithopter":27,"Ring of the Snake":0},{"Darkstone Periapt":9,"Potion Belt":136,"Gremlin Horn":70,"Astrolabe":0,"SacredBark":40,"Orichalcum":130,"Question Card":99,"WarpedTongs":6,"Blood Vial":83,"Mummified Hand":16,"DollysMirror":99,"Strawberry":83,"MealTicket":29,"Philosopher\u0027s Stone":107,"Toy Ornithopter":163,"Ring of the Snake":0}],"Toy Ornithopter":10,"WarpedTongs":[157]},"card_choices":[{"not_picked":["Well Laid Plans","Outmaneuver"],"picked":"Noxious Fumes","floor":1.0},{"not_picked":["Endless Agony","Quick Slash"],"picked":"Dagger Throw","floor":2.0},{"not_picked":["Distraction","Deflect","All Out Attack"],"picked":"SKIP","floor":5.0},{"not_picked":["Dagger Throw","Acrobatics","Masterful Stab"],"picked":"SKIP","floor":10.0},{"not_picked":["Escape Plan","Terror"],"picked":"Wraith Form v2","floor":11.0},{"not_picked":["Cloak And Dagger","Slice","Well Laid Plans"],"picked":"SKIP","floor":12.0},{"not_picked":["Dodge and Roll","Escape Plan","Deflect"],"picked":"SKIP","floor":13.0},{"not_picked":["Dodge and Roll","Escape Plan","Deflect"],"picked":"SKIP","floor":13.0},{"not_picked":["Phantasmal Killer","Glass Knife"],"picked":"Malaise","floor":16.0},{"not_picked":["Quick Slash","Prepared"],"picked":"Catalyst","floor":18.0},{"not_picked":["Setup","Dodge and Roll","Underhanded Strike"],"picked":"SKIP","floor":19.0},{"not_picked":["Slice","Masterful Stab"],"picked":"Reflex","floor":22.0},{"not_picked":["Dash","Cloak And Dagger"],"picked":"Predator","floor":23.0},{"not_picked":["Dagger Throw","Dagger Spray+1"],"picked":"Flying Knee+1","floor":24.0},{"not_picked":["Infinite Blades","Unload"],"picked":"Leg Sweep","floor":25.0},{"not_picked":["Cloak And Dagger","Prepared"],"picked":"Catalyst","floor":27.0},{"not_picked":["Acrobatics","Dagger Throw"],"picked":"Backflip","floor":28.0},{"not_picked":["Adrenaline","A Thousand Cuts","Tools of the Trade"],"picked":"Corpse Explosion","floor":33.0},{"not_picked":["Flying Knee","Dagger Throw","Prepared","Predator"],"picked":"SKIP","floor":35.0},{"not_picked":["Dagger Throw","Eviscerate","Prepared"],"picked":"Deadly Poison+1","floor":37.0},{"not_picked":["Accuracy","Underhanded Strike","Riddle With Holes"],"picked":"Backflip+1","floor":38.0},{"not_picked":["Quick Slash","Outmaneuver","Prepared+1","Venomology"],"picked":"SKIP","floor":40.0},{"not_picked":["Quick Slash+1","Distraction","Bane","Prepared"],"picked":"SKIP","floor":42.0},{"not_picked":["Flechettes","Reflex","Blade Dance+1"],"picked":"Backflip","floor":46.0},{"not_picked":["Endless Agony","Die Die Die","Flechettes","Quick Slash"],"picked":"SKIP","floor":47.0},{"not_picked":["Tactician+1","Deflect","Backstab"],"picked":"Noxious Fumes+1","floor":48.0},{"not_picked":["Eviscerate","Dagger Spray","Tactician"],"picked":"Caltrops+1","floor":54.0}],"player_experience":191737,"relics_obtained":[{"floor":9.0,"key":"Darkstone Periapt"},{"floor":10.0,"key":"Mummified Hand"},{"floor":14.0,"key":"MealTicket"},{"floor":23.0,"key":"Gremlin Horn"},{"floor":25.0,"key":"Blood Vial"},{"floor":26.0,"key":"Strawberry"},{"floor":28.0,"key":"Question Card"},{"floor":40.0,"key":"Orichalcum"},{"floor":54.0,"key":"Toy Ornithopter"}],"event_choices":[{"cards_removed":["Strike_G"],"damage_healed":0.0,"max_hp_gain":0.0,"max_hp_loss":0.0,"gold_gain":0.0,"event_name":"Golden Wing","player_choice":"Card Removal","floor":3.0,"gold_loss":0.0,"damage_taken":7.0},{"damage_healed":0.0,"max_hp_gain":0.0,"max_hp_loss":0.0,"gold_gain":0.0,"event_name":"Accursed Blacksmith","player_choice":"Rummage","floor":4.0,"gold_loss":0.0,"damage_taken":0.0,"relics_obtained":["WarpedTongs"],"cards_obtained":["Pain"]},{"damage_healed":0.0,"max_hp_gain":0.0,"max_hp_loss":0.0,"gold_gain":0.0,"event_name":"Vampires","player_choice":"Ignored","floor":20.0,"gold_loss":0.0,"damage_taken":0.0},{"damage_healed":0.0,"max_hp_gain":0.0,"max_hp_loss":0.0,"gold_gain":0.0,"event_name":"Duplicator","player_choice":"Copied","floor":21.0,"gold_loss":0.0,"damage_taken":0.0,"cards_obtained":["Wraith Form v2"]},{"damage_healed":0.0,"max_hp_gain":0.0,"max_hp_loss":0.0,"gold_gain":99.0,"event_name":"Nest","player_choice":"Stole From Cult","floor":30.0,"gold_loss":0.0,"damage_taken":0.0},{"damage_healed":0.0,"max_hp_gain":0.0,"max_hp_loss":4.0,"gold_gain":0.0,"event_name":"Winding Halls","player_choice":"Max HP","floor":36.0,"gold_loss":0.0,"damage_taken":0.0},{"cards_removed":["Dagger Throw"],"damage_healed":0.0,"max_hp_gain":0.0,"max_hp_loss":0.0,"gold_gain":0.0,"event_name":"Falling","player_choice":"Removed Attack","floor":39.0,"gold_loss":0.0,"damage_taken":0.0}],"is_beta":false,"boss_relics":[{"not_picked":["Sozu","Runic Dome"],"picked":"SacredBark"},{"not_picked":["Tiny House","Velvet Choker"],"picked":"Philosopher\u0027s Stone"}],"items_purged_floors":[7,31,44],"is_endless":false,"potions_floor_spawned":[1,11,13,16,18,23,24,27,28,37,40,46,48,54],"ascension_level":13}}