{"host":"wl5kcyk3ocgwii71","time":1608417136,"event":{"mods":["AchievementEnabler","BaseMod","Better Altar","Better Match","Better Note","Better Sensory Stone","Better Skull","Better Third Choice","Colored Powertips","Downfall","Hermit","Minty Spire (QoL Compilation)","Quick Restart","Replay The Spire","StSLib","The Servant 0.9.4"],"gold_per_floor":[114,114,129,129,54,89,89,101,124,138,38,49,64,139,139,139,139],"floor_reached":16,"playtime":427,"items_purged":["Strike_G","Strike_G"],"score":165,"play_id":"16513542-2ef5-490c-b375-77b5dfc4ce32","local_time":"20201219143216","is_ascension_mode":true,"campfire_choices":[{"data":"Cloak And Dagger","floor":7,"key":"SMITH"},{"data":"Acrobatics","floor":15,"key":"SMITH"}],"circlet_count":0,"master_deck":["Strike_G","Strike_G","Defend_G","Defend_G","Defend_G","Defend_G","Defend_G","Survivor","Neutralize+1","Cloak And Dagger+1","Flying Knee","Grand Finale","Acrobatics+1"],"relics":["Ring of the Snake","NeowsBlessing","Juzu Bracelet","Bag of Preparation"],"acts_visited":["Exordium"],"potions_floor_usage":[10],"damage_taken":[{"damage":0,"enemies":"Cultist","floor":1,"turns":1},{"damage":0,"enemies":"Jaw Worm","floor":3,"turns":1},{"damage":0,"enemies":"Gremlin Nob","floor":6,"turns":1},{"damage":0,"enemies":"Small Slimes","floor":8,"turns":3},{"damage":3,"enemies":"Exordium Thugs","floor":10,"turns":4},{"damage":6,"enemies":"Gremlin Gang","floor":12,"turns":6},{"damage":0,"enemies":"2 Fungi Beasts","floor":13,"turns":4},{"damage":36,"enemies":"The Guardian","floor":16,"turns":13}],"seed_played":"-2844539227873263180","potions_obtained":[{"floor":6,"key":"ColorlessPotion"},{"floor":13,"key":"Dexterity Potion"}],"is_trial":false,"path_per_floor":["M","?","M","?","$","E","R","M","T","M","$","M","M","?","R","B"],"character_chosen":"THE_SILENT","items_purchased":[],"campfire_rested":0,"item_purchase_floors":[],"current_hp_per_floor":[63,63,63,56,56,56,56,56,56,53,53,47,47,36,36,0,0],"gold":139,"neow_bonus":"THREE_ENEMY_KILL","is_daily":false,"chose_seed":false,"campfire_upgraded":2,"win_rate":0.0,"timestamp":1608417136,"path_taken":["M","?","M","?","?","E","R","M","T","M","$","M","M","?","R","BOSS"],"items_purchased_type":[],"build_version":"2020-12-13","purchased_purges":2,"victory":false,"max_hp_per_floor":[70,70,70,70,70,70,70,70,70,70,70,70,70,70,70,70,70],"card_choices":[{"not_picked":["Underhanded Strike","Hidden Blade"],"picked":"Cloak And Dagger","floor":1},{"not_picked":["Blade Dance","Slice"],"picked":"Flying Knee","floor":3},{"not_picked":["Poisoned Stab","Slice"],"picked":"Grand Finale","floor":6},{"not_picked":["Sucker Punch","Slice","Cloak And Dagger"],"picked":"SKIP","floor":8},{"not_picked":["Poisoned Stab","Cloak And Dagger","Bouncing Flask"],"picked":"SKIP","floor":10},{"not_picked":["Sucker Punch","Outmaneuver","Venomology"],"picked":"SKIP","floor":12},{"not_picked":["Setup","Hidden Blade"],"picked":"Acrobatics","floor":13}],"player_experience":367603,"relics_obtained":[{"floor":6,"key":"Juzu Bracelet"},{"floor":9,"key":"Bag of Preparation"}],"event_choices":[{"damage_healed":0,"gold_gain":0,"player_choice":"Grow","damage_taken":0,"max_hp_gain":0,"max_hp_loss":0,"event_name":"Living Wall","floor":2,"gold_loss":0,"cards_upgraded":["Neutralize"]},{"cards_removed":["Strike_G"],"damage_healed":0,"gold_gain":0,"player_choice":"Card Removal","damage_taken":7,"max_hp_gain":0,"max_hp_loss":0,"event_name":"Golden Wing","floor":4,"gold_loss":0},{"damage_healed":0,"gold_gain":75,"player_choice":"Gold","damage_taken":11,"max_hp_gain":1,"max_hp_loss":0,"event_name":"betterThird:BetterGoop","floor":14,"gold_loss":0}],"is_beta":false,"boss_relics":[],"items_purged_floors":[5,11],"is_endless":false,"potions_floor_spawned":[6,13],"killed_by":"The Guardian","ascension_level":6}}