{"host":"Teixeira","time":1608392506,"event":{"mods":["2.2 Compatiblity","Aspiration","BaseMod","Better Match","Better Note","Better Sensory Stone","Better Skull","Better Third Choice","Colored Map","Colored Powertips","Hermit","Hubris","Infinite Spire","Marked Mod","Minty Spire (QoL Compilation)","Permanent Neow","Quick Restart","Rare Cards Sparkle","Relic Filter","Replay The Spire","Spicy Shops","StSLib","SuperFastMode"],"gold_per_floor":[117,131,156,156,156,156,199,218,218,256,256,299,314,347,347,472,535,559,559,484,484,497,536,579,622,622,622,653,671,651,101,101,101,101],"floor_reached":33,"playtime":2022,"items_purged":["Strike_G","Strike_G"],"score":386,"play_id":"0df4c07d-b6a3-415e-8117-37bd1d227f58","local_time":"20201219124146","is_ascension_mode":true,"campfire_choices":[{"data":"Poisoned Stab","floor":6.0,"key":"SMITH"},{"data":"Poisoned Stab","floor":11.0,"key":"SMITH"},{"data":"Draining Mist","floor":15.0,"key":"SMITH"},{"floor":27,"key":"REST"},{"data":"Footwork","floor":32,"key":"SMITH"}],"circlet_count":0,"master_deck":["Strike_G","Strike_G+1","Strike_G","Defend_G","Defend_G","Defend_G","Defend_G","Survivor","Neutralize","Deflect","Poisoned Stab+1","ReplayTheSpireMod:Private Reserves","hubris:TrickCloak","Leg Sweep","Poisoned Stab+1","Draining Mist+1","Crippling Poison","Night Terror","Deflect","Footwork+1"],"relics":["Ring of the Snake","aspiration:Nostalgia","Cracked Core","Golden Idol","Question Card","Chameleon Ring","Iron Hammer","WingedGreaves","Ornamental Fan","aspiration:FetidBarrel","Tiny House","Matryoshka","Bag of Marbles","hubris:TenFootPole","infinitespire:FocusingShard","Regal Pillow","infinitespire:Satchel","Bag of Preparation","Byrd Skull"],"acts_visited":["Exordium","TheCity"],"potions_floor_usage":[23,23,23,23,24,25],"damage_taken":[{"damage":4.0,"enemies":"2 Louse","floor":1.0,"turns":3.0},{"damage":0.0,"enemies":"Small Slimes","floor":2.0,"turns":3.0},{"damage":0.0,"enemies":"Cultist","floor":3.0,"turns":3.0},{"damage":19.0,"enemies":"Gremlin Nob","floor":7.0,"turns":4.0},{"damage":8.0,"enemies":"Large Slime","floor":8.0,"turns":7.0},{"damage":8.0,"enemies":"Lagavulin","floor":10.0,"turns":5.0},{"damage":8.0,"enemies":"3 Sentries","floor":12.0,"turns":7.0},{"damage":0.0,"enemies":"2 Fungi Beasts","floor":13.0,"turns":3.0},{"damage":6.0,"enemies":"Lagavulin","floor":14.0,"turns":5.0},{"damage":13.0,"enemies":"The Guardian","floor":16.0,"turns":9.0},{"damage":25.0,"enemies":"2 Thieves","floor":18.0,"turns":4.0},{"damage":0.0,"enemies":"Chosen","floor":22.0,"turns":4.0},{"damage":19,"enemies":"Slavers","floor":23,"turns":5},{"damage":11,"enemies":"Gremlin Leader","floor":24,"turns":6},{"damage":10,"enemies":"Slavers","floor":25,"turns":5},{"damage":20,"enemies":"Replay:Snechameleon","floor":28,"turns":5},{"damage":11,"enemies":"Snecko","floor":29,"turns":4},{"damage":23,"enemies":"LordOfAnnihilation","floor":33,"turns":1}],"seed_played":"782922317064893968","potions_obtained":[{"floor":1.0,"key":"SpeedPotion"},{"floor":8.0,"key":"Elixir"},{"floor":12.0,"key":"Regen Potion"},{"floor":13.0,"key":"FearPotion"},{"floor":17.0,"key":"EntropicBrew"},{"floor":22.0,"key":"Ancient Potion"},{"floor":25,"key":"Cursed Concoction"},{"floor":28,"key":"FearPotion"},{"floor":30,"key":"FearPotion"}],"is_trial":false,"path_per_floor":["M","M","M","?","?","R","E","M","T","E","R","E","M","E","R","B",null,"M","?","$","?","M","E","E","E","T","R","E","M","?","$","R","B"],"character_chosen":"THE_SILENT","items_purchased":["Bag of Preparation","Byrd Skull"],"campfire_rested":1,"item_purchase_floors":[31,31],"current_hp_per_floor":[66,66,66,66,66,66,47,39,39,31,31,23,23,39,39,26,75,50,50,50,50,50,31,20,10,10,47,27,16,16,16,16,0,0],"gold":101,"neow_bonus":"NOSTALGIA","is_daily":false,"chose_seed":false,"campfire_upgraded":4,"win_rate":0.0,"timestamp":1608392506,"path_taken":["M","M","M","?","?","R","E","?","T","E","R","E","M","E","R","BOSS","M","?","$","?","M","E","E","E","T","R","E","M","?","$","R","BOSS"],"items_purchased_type":["Relic","Relic"],"build_version":"2020-11-17","purchased_purges":2,"victory":false,"max_hp_per_floor":[70,70,70,70,70,70,70,70,70,70,70,70,70,70,70,70,75,75,75,75,75,75,75,75,75,75,75,75,75,75,75,75,75,75],"card_choices":[{"not_picked":["Sucker Punch","hubris:SlightOfHand","Outmaneuver"],"picked":"Deflect","floor":1.0},{"not_picked":["A Thousand Cuts","Dodge and Roll","Hidden Blade"],"picked":"Poisoned Stab","floor":2.0},{"not_picked":["Blur","Outmaneuver","Backflip","Heel Hook"],"picked":"SKIP","floor":3.0},{"not_picked":["Replay:Sssssssssshield","Forethought","Survey Options"],"picked":"ReplayTheSpireMod:Private Reserves","floor":4.0},{"not_picked":["All Out Attack","Flying Knee","Outmaneuver","Masterful Stab"],"picked":"SKIP","floor":7.0},{"not_picked":["Quick Slash","Riddle With Holes","Outmaneuver"],"picked":"Leg Sweep","floor":8.0},{"not_picked":["PiercingWail","Predator","Slice"],"picked":"Poisoned Stab","floor":10.0},{"not_picked":["Sucker Punch","Skewer","ReplayTheSpireMod:Shiv Toss","Underhanded Strike"],"picked":"SKIP","floor":12.0},{"not_picked":["Dagger Throw","Masterful Stab","Deadly Poison"],"picked":"Draining Mist","floor":13.0},{"not_picked":["Acrobatics","Phantasmal Killer","Dagger Throw"],"picked":"Crippling Poison","floor":14.0},{"not_picked":["Replay:Bag of Tricks","Phantasmal Killer","Doppelganger"],"picked":"Night Terror","floor":16.0},{"not_picked":["Tactician","Heel Hook","Quick Slash"],"picked":"Deflect","floor":17.0},{"not_picked":["Underhanded Strike","Predator","Dagger Spray","Caltrops"],"picked":"SKIP","floor":18.0},{"not_picked":["ReplayTheSpireMod:Shiv Toss","Slice","Escape Plan+1","Distraction"],"picked":"SKIP","floor":22.0},{"not_picked":["Quick Slash","Backstab","Masterful Stab","Phantasmal Killer"],"picked":"SKIP","floor":23},{"not_picked":["Quick Slash","Backstab","Masterful Stab","Phantasmal Killer"],"picked":"SKIP","floor":23},{"not_picked":["Quick Slash","Backstab","Masterful Stab","Phantasmal Killer"],"picked":"SKIP","floor":23},{"not_picked":["Infinite Blades","Adrenaline","Draining Mist+1","Backflip"],"picked":"SKIP","floor":24},{"not_picked":["Well Laid Plans","Replay:Poison Smokescreen+1","Dagger Throw","Dagger Spray+1"],"picked":"SKIP","floor":25},{"not_picked":["Leg Sweep+1","Footwork","Tactician","Deflect"],"picked":"SKIP","floor":28},{"not_picked":["Leg Sweep+1","Tactician","Deflect"],"picked":"Footwork","floor":28},{"not_picked":["Leg Sweep","Sucker Punch","hubris:SlightOfHand","Caltrops"],"picked":"SKIP","floor":29}],"player_experience":36027,"relics_obtained":[{"floor":7.0,"key":"Chameleon Ring"},{"floor":9.0,"key":"Iron Hammer"},{"floor":10.0,"key":"WingedGreaves"},{"floor":12.0,"key":"Ornamental Fan"},{"floor":14.0,"key":"aspiration:FetidBarrel"},{"floor":23,"key":"Matryoshka"},{"floor":24,"key":"Bag of Marbles"},{"floor":25,"key":"hubris:TenFootPole"},{"floor":26,"key":"infinitespire:FocusingShard"},{"floor":26,"key":"Regal Pillow"},{"floor":28,"key":"infinitespire:Satchel"}],"event_choices":[{"damage_healed":0.0,"max_hp_gain":0.0,"max_hp_loss":0.0,"gold_gain":1.0,"event_name":"betterStone:BetterStone","player_choice":"1","floor":4.0,"gold_loss":0.0,"damage_taken":0.0},{"damage_healed":0.0,"max_hp_gain":0.0,"max_hp_loss":0.0,"gold_gain":0.0,"cards_transformed":["Defend_G"],"event_name":"Transmorgrifier","player_choice":"Transformed","floor":5.0,"gold_loss":0.0,"damage_taken":0.0,"cards_obtained":["hubris:TrickCloak"]},{"damage_healed":0.0,"max_hp_gain":0.0,"max_hp_loss":0.0,"gold_gain":0.0,"event_name":"betterNote:BetterNote","player_choice":"Ignored","floor":19.0,"gold_loss":0.0,"damage_taken":0.0,"cards_obtained":["Study"]},{"damage_healed":0,"gold_gain":0,"player_choice":"Bought 1 Potion","damage_taken":0,"max_hp_gain":0,"max_hp_loss":0,"event_name":"The Woman in Blue","floor":30,"gold_loss":0}],"is_beta":true,"boss_relics":[{"not_picked":["hubris:CrackedHourglass","Runic Pyramid"],"picked":"Tiny House"}],"items_purged_floors":[20,31],"is_endless":false,"potions_floor_spawned":[1,8,12,13,22,25,28],"killed_by":"LordOfAnnihilation","ascension_level":2}}