{"host":"r53pw7z744tg3fxg","time":1608400581,"event":{"mods":["AchievementEnabler","BaseMod","Colored Map","Colored Powertips","Highlight Path","Minty Spire (QoL Compilation)","Quick Restart","Transform Curses"],"gold_per_floor":[119,194,212,212,137,172,172,200,200,217,247,260,272,297,297,397,397,409,8,43,55,55,55,82,99,99,110,110,125,225,245,245,341,341,351,364,59,70,70,102,102,113,113,124,124,124,124,140,140,140,140],"floor_reached":50,"playtime":2507,"items_purged":[],"score":803,"play_id":"84324a53-a0d7-425e-934b-25899d694ac7","local_time":"20201219105621","is_ascension_mode":true,"campfire_choices":[{"data":"ForeignInfluence","floor":7.0,"key":"SMITH"},{"floor":15.0,"key":"REST"},{"data":"SashWhip","floor":23.0,"key":"SMITH"},{"floor":28.0,"key":"REST"},{"floor":32.0,"key":"REST"},{"floor":41,"key":"REST"},{"floor":46,"key":"REST"},{"data":"Madness","floor":49,"key":"SMITH"}],"circlet_count":0,"master_deck":["Strike_P+1","Strike_P","Strike_P","Strike_P+1","Defend_P","Defend_P+1","Defend_P","Defend_P","Eruption+1","Vigilance","BowlingBash","ThirdEye","CarveReality","ForeignInfluence+1","SashWhip+1","CutThroughFate","EmptyBody","FollowUp","PathToVictory","SpiritShield","Conclude","Good Instincts","FlurryOfBlows","Tantrum","Consecrate+1","ClearTheMind","DeceiveReality+1","LessonLearned","Devotion","WheelKick","Panache+1","PathToVictory+1","Nirvana+1","Madness+1","Madness","Study+1"],"relics":["HolyWater","Pear","InkBottle","Sundial","Bag of Preparation","Eternal Feather","SlaversCollar","Centennial Puzzle","Orichalcum","Regal Pillow","HornCleat","Torii","Mercury Hourglass","Membership Card","Ginger","StrikeDummy"],"acts_visited":["Exordium","TheCity","TheBeyond"],"potions_floor_usage":[38,40,40,50,50],"damage_taken":[{"damage":2.0,"enemies":"Small Slimes","floor":1.0,"turns":3.0},{"damage":1.0,"enemies":"2 Louse","floor":3.0,"turns":3.0},{"damage":0.0,"enemies":"Gremlin Nob","floor":6.0,"turns":2.0},{"damage":5.0,"enemies":"3 Sentries","floor":8.0,"turns":3.0},{"damage":0.0,"enemies":"Jaw Worm","floor":10.0,"turns":2.0},{"damage":4.0,"enemies":"Gremlin Nob","floor":11.0,"turns":3.0},{"damage":0.0,"enemies":"Red Slaver","floor":12.0,"turns":1.0},{"damage":3.0,"enemies":"Gremlin Gang","floor":13.0,"turns":3.0},{"damage":0.0,"enemies":"Lagavulin","floor":14.0,"turns":2.0},{"damage":38.0,"enemies":"The Guardian","floor":16.0,"turns":10.0},{"damage":5.0,"enemies":"Shell Parasite","floor":18.0,"turns":4.0},{"damage":7.0,"enemies":"2 Thieves","floor":20.0,"turns":3.0},{"damage":5.0,"enemies":"Snake Plant","floor":21.0,"turns":5.0},{"damage":8.0,"enemies":"Slavers","floor":24.0,"turns":2.0},{"damage":9.0,"enemies":"Snecko","floor":25.0,"turns":3.0},{"damage":12.0,"enemies":"Centurion and Healer","floor":27.0,"turns":5.0},{"damage":12.0,"enemies":"Cultist and Chosen","floor":29.0,"turns":4.0},{"damage":13.0,"enemies":"Colosseum Slavers","floor":30.0,"turns":4.0},{"damage":4.0,"enemies":"Colosseum Nobs","floor":30.0,"turns":3.0},{"damage":7.0,"enemies":"Chosen and Byrds","floor":31.0,"turns":4.0},{"damage":20.0,"enemies":"Collector","floor":33.0,"turns":6.0},{"damage":21,"enemies":"3 Darklings","floor":35,"turns":5},{"damage":0,"enemies":"3 Shapes","floor":36,"turns":3},{"damage":0,"enemies":"Spire Growth","floor":38,"turns":3},{"damage":35,"enemies":"Giant Head","floor":40,"turns":6},{"damage":8,"enemies":"4 Shapes","floor":42,"turns":4},{"damage":22,"enemies":"Transient","floor":44,"turns":5},{"damage":11,"enemies":"Maw","floor":48,"turns":5},{"damage":87,"enemies":"Time Eater","floor":50,"turns":6}],"seed_played":"-1997803945821547144","potions_obtained":[{"floor":3.0,"key":"DistilledChaos"},{"floor":11.0,"key":"SneckoOil"},{"floor":13.0,"key":"StancePotion"},{"floor":16.0,"key":"Weak Potion"},{"floor":18.0,"key":"BottledMiracle"},{"floor":25.0,"key":"Swift Potion"},{"floor":29.0,"key":"SkillPotion"},{"floor":31.0,"key":"Weak Potion"},{"floor":33.0,"key":"SteroidPotion"},{"floor":35,"key":"SkillPotion"},{"floor":38,"key":"SkillPotion"},{"floor":40,"key":"DuplicationPotion"},{"floor":44,"key":"GamblersBrew"},{"floor":48,"key":"Ambrosia"}],"is_trial":false,"path_per_floor":["M","?","M","?","$","E","R","E","T","M","E","M","M","E","R","B",null,"M","$","M","M","?","R","E","M","T","M","R","M","?","M","R","B",null,"M","M","$","M","?","E","R","M","T","M","?","R","?","M","R","B"],"character_chosen":"WATCHER","items_purchased":["CarveReality","Centennial Puzzle","Orichalcum","Good Instincts","Devotion","Membership Card"],"campfire_rested":5,"item_purchase_floors":[5,19,19,19,37,37],"current_hp_per_floor":[63,52,51,51,51,61,61,56,56,56,52,52,49,49,82,44,73,68,68,61,56,56,68,60,51,51,39,82,70,53,46,82,62,77,56,56,56,56,56,21,78,70,70,48,38,82,82,71,82,0,0],"gold":140,"neow_bonus":"UPGRADE_CARD","is_daily":false,"chose_seed":false,"campfire_upgraded":3,"win_rate":0.0,"timestamp":1608400581,"path_taken":["M","?","M","?","?","E","R","E","T","?","E","M","M","E","R","BOSS","M","$","?","M","?","R","E","M","T","M","R","M","?","M","R","BOSS","M","M","$","M","?","E","R","M","T","M","?","R","?","M","R","BOSS"],"items_purchased_type":["Card","Relic","Relic","Card","Card","Relic"],"build_version":"2020-12-13","purchased_purges":0,"victory":false,"max_hp_per_floor":[72,72,72,72,72,82,82,82,82,82,82,82,82,82,82,82,82,82,82,82,82,82,82,82,82,82,82,82,82,82,82,82,82,82,82,82,82,82,82,82,82,82,82,82,82,82,82,82,82,82,82],"card_choices":[{"not_picked":["CutThroughFate","Halt"],"picked":"BowlingBash","floor":1.0},{"not_picked":["TalkToTheHand","FlyingSleeves"],"picked":"ThirdEye","floor":3.0},{"not_picked":["Wireheading","Devotion"],"picked":"ForeignInfluence","floor":6.0},{"not_picked":["CrushJoints","BowlingBash"],"picked":"SashWhip","floor":8.0},{"not_picked":["Perseverance","CrushJoints"],"picked":"CutThroughFate","floor":10.0},{"not_picked":["Crescendo","Study"],"picked":"EmptyBody","floor":11.0},{"not_picked":["InnerPeace","CutThroughFate"],"picked":"FollowUp","floor":12.0},{"not_picked":["JustLucky","FlyingSleeves","Brilliance"],"picked":"SKIP","floor":13.0},{"not_picked":["ReachHeaven","Pray"],"picked":"PathToVictory","floor":14.0},{"not_picked":["Omniscience","Vault"],"picked":"SpiritShield","floor":16.0},{"not_picked":["CrushJoints","ForeignInfluence"],"picked":"Conclude","floor":18.0},{"not_picked":["Halt","PathToVictory"],"picked":"FlurryOfBlows","floor":20.0},{"not_picked":["Protect+1","Establishment"],"picked":"Tantrum","floor":21.0},{"not_picked":["TalkToTheHand","Wallop","CrushJoints+1"],"picked":"SKIP","floor":24.0},{"not_picked":["Halt+1","CrushJoints"],"picked":"Consecrate+1","floor":25.0},{"not_picked":["ThirdEye+1","FlyingSleeves"],"picked":"ClearTheMind","floor":27.0},{"not_picked":["Omniscience","Meditate","Vengeance"],"picked":"SKIP","floor":29.0},{"not_picked":["ThirdEye+1","JustLucky"],"picked":"DeceiveReality+1","floor":31.0},{"not_picked":["Ragnarok","Vault"],"picked":"LessonLearned","floor":33.0},{"not_picked":["BowlingBash","FlyingSleeves","Protect+1"],"picked":"SKIP","floor":35},{"not_picked":["FlyingSleeves","JustLucky+1","Collect"],"picked":"SKIP","floor":36},{"not_picked":["WreathOfFlame+1","Weave+1","WheelKick"],"picked":"SKIP","floor":38},{"not_picked":["WreathOfFlame+1","Weave+1"],"picked":"WheelKick","floor":38},{"not_picked":["Enlightenment","Secret Weapon"],"picked":"Panache","floor":39},{"not_picked":["EmptyMind","FollowUp+1"],"picked":"PathToVictory+1","floor":40},{"not_picked":["Worship","Fasting2+1","SashWhip"],"picked":"SKIP","floor":42},{"not_picked":["SashWhip","CutThroughFate+1"],"picked":"Nirvana+1","floor":44},{"not_picked":["FollowUp","ReachHeaven"],"picked":"Study+1","floor":48}],"player_experience":1127033,"relics_obtained":[{"floor":6.0,"key":"Pear"},{"floor":8.0,"key":"InkBottle"},{"floor":9.0,"key":"Sundial"},{"floor":11.0,"key":"Bag of Preparation"},{"floor":14.0,"key":"Eternal Feather"},{"floor":24.0,"key":"Regal Pillow"},{"floor":26.0,"key":"HornCleat"},{"floor":30.0,"key":"Torii"},{"floor":30.0,"key":"Mercury Hourglass"},{"floor":40,"key":"Ginger"},{"floor":43,"key":"StrikeDummy"}],"event_choices":[{"damage_healed":0.0,"max_hp_gain":0.0,"max_hp_loss":0.0,"gold_gain":75.0,"event_name":"World of Goop","player_choice":"Gather Gold","floor":2.0,"gold_loss":0.0,"damage_taken":11.0},{"damage_healed":0.0,"max_hp_gain":0.0,"max_hp_loss":0.0,"gold_gain":0.0,"event_name":"Golden Wing","player_choice":"Ignored","floor":4.0,"gold_loss":0.0,"damage_taken":0.0},{"damage_healed":0.0,"max_hp_gain":0.0,"max_hp_loss":0.0,"gold_gain":0.0,"event_name":"Ghosts","player_choice":"Ignored","floor":22.0,"gold_loss":0.0,"damage_taken":0.0},{"damage_healed":0.0,"max_hp_gain":0.0,"max_hp_loss":0.0,"gold_gain":0.0,"event_name":"Colosseum","player_choice":"Fight","floor":30.0,"gold_loss":0.0,"damage_taken":0.0},{"damage_healed":0.0,"max_hp_gain":0.0,"max_hp_loss":0.0,"gold_gain":0.0,"event_name":"Colosseum","player_choice":"Fought Nobs","floor":30.0,"gold_loss":0.0,"damage_taken":0.0},{"damage_healed":0,"gold_gain":0,"player_choice":"Memory 1","damage_taken":0,"max_hp_gain":0,"max_hp_loss":0,"event_name":"SensoryStone","floor":39,"gold_loss":0},{"damage_healed":0,"gold_gain":0,"player_choice":"Embrace Madness","damage_taken":10,"max_hp_gain":0,"max_hp_loss":0,"event_name":"Winding Halls","floor":45,"gold_loss":0,"cards_obtained":["Madness","Madness"]},{"damage_healed":0,"gold_gain":0,"player_choice":"Forge","damage_taken":0,"max_hp_gain":0,"max_hp_loss":0,"event_name":"Accursed Blacksmith","floor":47,"gold_loss":0,"cards_upgraded":["Panache"]}],"is_beta":false,"boss_relics":[{"not_picked":["Empty Cage","Fusion Hammer"],"picked":"SlaversCollar"},{"not_picked":["Calling Bell","SacredBark"],"picked":"HolyWater"}],"items_purged_floors":[],"is_endless":false,"potions_floor_spawned":[3,11,13,16,18,25,29,31,33,35,38,40,44,48],"killed_by":"Time Eater","ascension_level":7}}