{"host":"xcuflocadasoaqda","time":1608417698,"event":{"mods":["BaseMod","Bestiary","Filter the Spire","Minty Spire (QoL Compilation)","Relic Stats"],"gold_per_floor":[109,184,196,196,209,209,222,222,222],"floor_reached":8,"playtime":1404,"items_purged":[],"score":96,"play_id":"7337d45c-c97e-4b76-8939-9dc292c12388","local_time":"20201219164138","is_ascension_mode":true,"campfire_choices":[{"data":"Blasphemy","floor":6,"key":"SMITH"}],"circlet_count":0,"master_deck":["AscendersBane","Eruption","Vigilance","Swivel","ThirdEye","Crescendo","FlyingSleeves","EmptyBody","EmptyBody","TalkToTheHand","Swivel","CutThroughFate","ClearTheMind","Blasphemy+1","Consecrate"],"relics":["Pandora\u0027s Box"],"acts_visited":["Exordium"],"potions_floor_usage":[8],"damage_taken":[{"damage":0,"enemies":"Small Slimes","floor":1,"turns":3},{"damage":0,"enemies":"Jaw Worm","floor":3,"turns":3},{"damage":0,"enemies":"Cultist","floor":5,"turns":3},{"damage":14,"enemies":"Large Slime","floor":7,"turns":6},{"damage":100034,"enemies":"3 Sentries","floor":8,"turns":9}],"seed_played":"1956048009263275568","potions_obtained":[{"floor":5,"key":"BottledMiracle"}],"is_trial":false,"path_per_floor":["M","?","M","?","M","R","M","E"],"character_chosen":"WATCHER","items_purchased":[],"campfire_rested":0,"item_purchase_floors":[],"current_hp_per_floor":[61,50,50,50,50,50,36,0,0],"gold":222,"neow_bonus":"BOSS_RELIC","is_daily":false,"chose_seed":false,"campfire_upgraded":1,"win_rate":0.0,"timestamp":1608417698,"path_taken":["M","?","M","?","M","R","M","E"],"items_purchased_type":[],"build_version":"2020-12-13","purchased_purges":0,"victory":false,"max_hp_per_floor":[68,68,68,68,68,68,68,68,68],"relic_stats":{"counters":[5,23],"Pandora\u0027s Box":["Swivel","ThirdEye","Crescendo","FlyingSleeves","EmptyBody","EmptyBody","TalkToTheHand","Swivel"],"obtain_stats":[{"Pandora\u0027s Box":0,"PureWater":0},{"Pandora\u0027s Box":0,"PureWater":0},{"Pandora\u0027s Box":0,"PureWater":0}]},"card_choices":[{"not_picked":["SashWhip","EmptyBody"],"picked":"CutThroughFate","floor":1},{"not_picked":["Nirvana","CutThroughFate"],"picked":"ClearTheMind","floor":3},{"not_picked":["InnerPeace","Protect","Vengeance"],"picked":"SKIP","floor":5},{"not_picked":["ClearTheMind","FollowUp"],"picked":"Consecrate","floor":7}],"player_experience":1768230,"relics_obtained":[],"event_choices":[{"damage_healed":0,"gold_gain":75,"player_choice":"Gather Gold","damage_taken":11,"max_hp_gain":0,"max_hp_loss":0,"event_name":"World of Goop","floor":2,"gold_loss":0},{"damage_healed":0,"gold_gain":0,"player_choice":"1 cards matched","damage_taken":0,"max_hp_gain":0,"max_hp_loss":0,"event_name":"Match and Keep!","floor":4,"gold_loss":0,"cards_obtained":["Blasphemy"]}],"is_beta":false,"boss_relics":[],"items_purged_floors":[],"is_endless":false,"potions_floor_spawned":[5],"killed_by":"3 Sentries","ascension_level":20}}