{"host":"o0q01dgb4z8zpo6o","time":1608347744,"event":{"mods":["BaseMod","GifTheSpireLib","Minty Spire (QoL Compilation)","Relic Stats","StSLib"],"gold_per_floor":[115,40,60,60,60,89,89,116,182,204,227,33,45,57,57,133,133,149,149,161,179,191,191,222,232,302,302,302,320,338,48,48,48,48],"floor_reached":33,"playtime":1733,"items_purged":["Strike_B"],"score":536,"play_id":"80ad2229-910a-4057-8b72-8c05f7b73bcb","local_time":"20201218191544","is_ascension_mode":true,"campfire_choices":[{"data":"Defragment","floor":7,"key":"SMITH"},{"data":"Coolheaded","floor":15,"key":"SMITH"},{"data":"Capacitor","floor":23,"key":"SMITH"},{"data":"Self Repair","floor":27,"key":"SMITH"},{"data":"Chill","floor":32,"key":"SMITH"}],"circlet_count":0,"master_deck":["AscendersBane","Strike_B","Strike_B","Defend_B","Defend_B","Defend_B","Zap","Dualcast","Leap","Defragment+1","Doom and Gloom","Compile Driver","Hologram","Ball Lightning","Coolheaded+1","Self Repair+1","Chill+1","Ball Lightning","Capacitor+1","Coolheaded+1","Tempest+1","Recycle+1","Echo Form","Core Surge"],"relics":["Cracked Core","NeowsBlessing","MealTicket","MawBank","Ancient Tea Set","Coffee Dripper","The Courier","Toxic Egg 2","Chemical X"],"acts_visited":["Exordium","TheCity"],"potions_floor_usage":[16,24,29,29,30],"damage_taken":[{"damage":0,"enemies":"2 Louse","floor":1,"turns":1},{"damage":0,"enemies":"Jaw Worm","floor":3,"turns":1},{"damage":0,"enemies":"3 Sentries","floor":6,"turns":1},{"damage":26,"enemies":"Lagavulin","floor":8,"turns":6},{"damage":4,"enemies":"Small Slimes","floor":10,"turns":3},{"damage":14,"enemies":"3 Louse","floor":11,"turns":3},{"damage":6,"enemies":"Exordium Thugs","floor":13,"turns":4},{"damage":0,"enemies":"Large Slime","floor":14,"turns":5},{"damage":14,"enemies":"Slime Boss","floor":16,"turns":7},{"damage":0,"enemies":"Spheric Guardian","floor":18,"turns":3},{"damage":0,"enemies":"Shell Parasite","floor":20,"turns":5},{"damage":14,"enemies":"Centurion and Healer","floor":21,"turns":6},{"damage":13,"enemies":"Snecko","floor":22,"turns":6},{"damage":37,"enemies":"Gremlin Leader","floor":24,"turns":6},{"damage":13,"enemies":"Snake Plant","floor":25,"turns":4},{"damage":12,"enemies":"Cultist and Chosen","floor":29,"turns":5},{"damage":0,"enemies":"Chosen and Byrds","floor":30,"turns":3},{"damage":71,"enemies":"Automaton","floor":33,"turns":6}],"seed_played":"-1896061333392158104","potions_obtained":[{"floor":3,"key":"Strength Potion"},{"floor":6,"key":"FearPotion"},{"floor":11,"key":"Fruit Juice"},{"floor":24,"key":"SpeedPotion"},{"floor":28,"key":"AttackPotion"},{"floor":29,"key":"DistilledChaos"},{"floor":30,"key":"Weak Potion"}],"is_trial":false,"path_per_floor":["M","?","M","?","?","E","R","E","T","M","M","$","M","M","R","B",null,"M","?","M","M","M","R","E","M","T","R","?","M","M","$","R","B"],"character_chosen":"DEFECT","items_purchased":["Coolheaded","Self Repair","Echo Form","Chemical X","Core Surge"],"campfire_rested":0,"item_purchase_floors":[12,12,31,31,31],"current_hp_per_floor":[64,64,64,69,62,62,62,36,36,32,18,33,34,41,41,39,71,78,78,78,71,58,58,28,22,22,22,22,20,30,45,45,0,0],"gold":48,"neow_bonus":"THREE_ENEMY_KILL","is_daily":false,"chose_seed":false,"campfire_upgraded":5,"win_rate":0.0,"timestamp":1608347744,"path_taken":["M","?","M","?","?","E","R","E","T","M","M","$","M","M","R","BOSS","M","?","M","M","M","R","E","M","T","R","?","M","?","$","R","BOSS"],"items_purchased_type":["Card","Card","Card","Relic","Card"],"build_version":"2020-12-13","purchased_purges":1,"victory":false,"max_hp_per_floor":[71,71,71,76,76,76,76,76,76,76,76,76,76,76,76,81,81,81,81,81,81,81,81,81,81,81,81,81,81,81,81,81,81,81],"relic_stats":{"counters":[18,75],"MealTicket":30,"Chemical X":[1],"MawBank":48,"obtain_stats":[{"NeowsBlessing":0,"MealTicket":6,"The Courier":24,"Coffee Dripper":17,"Chemical X":31,"Toxic Egg 2":26,"Cracked Core":0,"MawBank":8,"Ancient Tea Set":9},{"NeowsBlessing":0,"MealTicket":3,"The Courier":14,"Coffee Dripper":9,"Chemical X":17,"Toxic Egg 2":15,"Cracked Core":0,"MawBank":4,"Ancient Tea Set":4},{"NeowsBlessing":0,"MealTicket":3,"The Courier":57,"Coffee Dripper":31,"Chemical X":69,"Toxic Egg 2":61,"Cracked Core":0,"MawBank":9,"Ancient Tea Set":9}]},"card_choices":[{"not_picked":["Self Repair","Redo"],"picked":"Leap","floor":1},{"not_picked":["White Noise","Static Discharge"],"picked":"Defragment","floor":3},{"not_picked":["Sweeping Beam","Double Energy"],"picked":"Doom and Gloom","floor":6},{"not_picked":["Force Field","Lockon"],"picked":"Compile Driver","floor":8},{"not_picked":["Steam Power","Beam Cell"],"picked":"Hologram","floor":10},{"not_picked":["Go for the Eyes","Sweeping Beam"],"picked":"Ball Lightning","floor":11},{"not_picked":["Ball Lightning","Leap"],"picked":"Chill","floor":13},{"not_picked":["Skim","Rebound"],"picked":"Ball Lightning","floor":14},{"not_picked":["Hologram","Lockon","Heatsinks"],"picked":"SKIP","floor":18},{"not_picked":["Streamline","Rebound","Stack"],"picked":"SKIP","floor":20},{"not_picked":["Melter","Conserve Battery"],"picked":"Coolheaded+1","floor":21},{"not_picked":["Cold Snap","Conserve Battery+1","Melter"],"picked":"SKIP","floor":22},{"not_picked":["Cold Snap","Coolheaded","Go for the Eyes"],"picked":"SKIP","floor":24},{"not_picked":["Recycle","Lockon","Beam Cell"],"picked":"SKIP","floor":25},{"not_picked":["Aggregate+1","Go for the Eyes"],"picked":"Tempest+1","floor":29},{"not_picked":["Steam+1","Coolheaded+1"],"picked":"Recycle+1","floor":30}],"player_experience":1014840,"relics_obtained":[{"floor":6,"key":"MealTicket"},{"floor":8,"key":"MawBank"},{"floor":9,"key":"Ancient Tea Set"},{"floor":24,"key":"The Courier"},{"floor":26,"key":"Toxic Egg 2"}],"event_choices":[{"cards_removed":["Defend_B"],"damage_healed":0,"gold_gain":0,"player_choice":"Card Removal","damage_taken":0,"max_hp_gain":0,"max_hp_loss":0,"event_name":"The Cleric","floor":2,"gold_loss":75},{"damage_healed":0,"gold_gain":0,"player_choice":"Donut","damage_taken":0,"max_hp_gain":5,"max_hp_loss":0,"event_name":"Big Fish","floor":4,"gold_loss":0},{"cards_removed":["Strike_B"],"damage_healed":0,"gold_gain":0,"player_choice":"Card Removal","damage_taken":7,"max_hp_gain":0,"max_hp_loss":0,"event_name":"Golden Wing","floor":5,"gold_loss":0},{"damage_healed":0,"gold_gain":0,"player_choice":"Read","damage_taken":0,"max_hp_gain":0,"max_hp_loss":0,"event_name":"The Library","floor":19,"gold_loss":0,"cards_obtained":["Capacitor"]},{"damage_healed":0,"gold_gain":0,"player_choice":"Got Potions","damage_taken":0,"max_hp_gain":0,"max_hp_loss":0,"event_name":"Lab","floor":28,"gold_loss":0}],"is_beta":false,"boss_relics":[{"not_picked":["Runic Dome","Velvet Choker"],"picked":"Coffee Dripper"}],"items_purged_floors":[12],"is_endless":false,"potions_floor_spawned":[3,6,11,14,24,29,30],"killed_by":"Automaton","ascension_level":15}}