{"host":"soyfmymeou4emntr","time":1608344100,"event":{"mods":["BaseMod","Minty Spire (QoL Compilation)","Relic Sorter","Relic Stats","StSLib"],"gold_per_floor":[111,34,48,48,48,48,79,92,119,119,135,148,148,186,186,186,186],"floor_reached":16,"playtime":1069,"items_purged":[],"score":220,"play_id":"19905632-e589-429e-8498-d0d52130f7a0","local_time":"20201218191500","is_ascension_mode":true,"campfire_choices":[{"data":"Burst","floor":6,"key":"SMITH"},{"data":"Bouncing Flask","floor":10,"key":"SMITH"},{"floor":13,"key":"REST"},{"data":"Catalyst","floor":15,"key":"SMITH"}],"circlet_count":0,"master_deck":["AscendersBane","Strike_G","Strike_G","Strike_G","Strike_G+1","Strike_G+1","Defend_G","Defend_G","Defend_G","Defend_G","Defend_G","Survivor","Neutralize","Dagger Spray","Bouncing Flask+1","Deadly Poison","Neutralize","Burst+1","Cloak And Dagger","Blur","Bouncing Flask","Footwork","Catalyst+1"],"relics":["Ring of the Snake","Art of War","Golden Idol","Potion Belt","Whetstone","Unceasing Top"],"acts_visited":["Exordium"],"potions_floor_usage":[14,16],"damage_taken":[{"damage":0,"enemies":"Cultist","floor":1,"turns":4},{"damage":0,"enemies":"Small Slimes","floor":3,"turns":4},{"damage":27,"enemies":"Gremlin Nob","floor":7,"turns":4},{"damage":4,"enemies":"Jaw Worm","floor":8,"turns":4},{"damage":5,"enemies":"Large Slime","floor":11,"turns":7},{"damage":5,"enemies":"2 Fungi Beasts","floor":12,"turns":4},{"damage":14,"enemies":"3 Sentries","floor":14,"turns":10},{"damage":22,"enemies":"Slime Boss","floor":16,"turns":5}],"seed_played":"4065818829729282771","potions_obtained":[{"floor":8,"key":"GhostInAJar"},{"floor":12,"key":"AttackPotion"}],"is_trial":false,"path_per_floor":["M","$","M","?","?","R","E","M","T","R","M","M","R","E","R","B"],"character_chosen":"THE_SILENT","items_purchased":["Bouncing Flask"],"campfire_rested":1,"item_purchase_floors":[2],"current_hp_per_floor":[59,59,59,59,59,59,32,28,28,28,23,18,36,22,22,0,0],"gold":186,"neow_bonus":"RANDOM_COMMON_RELIC","is_daily":false,"chose_seed":false,"campfire_upgraded":3,"win_rate":0.0,"timestamp":1608344100,"path_taken":["M","$","M","?","?","R","E","M","T","R","M","M","R","E","R","BOSS"],"items_purchased_type":["Card"],"build_version":"2020-12-13","purchased_purges":0,"victory":false,"max_hp_per_floor":[66,66,66,60,60,60,60,60,60,60,60,60,60,60,60,60,60],"relic_stats":{"counters":[8,42],"Golden Idol":23,"Art of War":[4],"Whetstone":["Strike_G","Strike_G"],"obtain_stats":[{"Potion Belt":7,"Golden Idol":4,"Art of War":0,"Whetstone":9,"Unceasing Top":14,"Ring of the Snake":0},{"Potion Belt":3,"Golden Idol":2,"Art of War":0,"Whetstone":4,"Unceasing Top":7,"Ring of the Snake":0},{"Potion Belt":12,"Golden Idol":8,"Art of War":0,"Whetstone":16,"Unceasing Top":37,"Ring of the Snake":0}],"Unceasing Top":[0],"Ring of the Snake":[16]},"card_choices":[{"not_picked":["Outmaneuver","Sucker Punch"],"picked":"Dagger Spray","floor":1},{"not_picked":["Dodge and Roll","Sucker Punch"],"picked":"Deadly Poison","floor":3},{"not_picked":["Outmaneuver","Underhanded Strike"],"picked":"Cloak And Dagger","floor":7},{"not_picked":["Poisoned Stab","Sucker Punch"],"picked":"Blur","floor":8},{"not_picked":["Distraction","Expertise"],"picked":"Bouncing Flask","floor":11},{"not_picked":["Dodge and Roll","Concentrate"],"picked":"Footwork","floor":12},{"not_picked":["Expertise","Accuracy"],"picked":"Catalyst","floor":14}],"player_experience":2602165,"relics_obtained":[{"floor":7,"key":"Potion Belt"},{"floor":9,"key":"Whetstone"},{"floor":14,"key":"Unceasing Top"}],"event_choices":[{"damage_healed":0,"gold_gain":0,"player_choice":"Lose Max HP","damage_taken":0,"relics_obtained":["Golden Idol"],"max_hp_gain":0,"max_hp_loss":6,"event_name":"Golden Idol","floor":4,"gold_loss":0},{"damage_healed":0,"gold_gain":0,"player_choice":"2 cards matched","damage_taken":0,"max_hp_gain":0,"max_hp_loss":0,"event_name":"Match and Keep!","floor":5,"gold_loss":0,"cards_obtained":["Neutralize","Burst"]}],"is_beta":false,"boss_relics":[],"items_purged_floors":[],"is_endless":false,"potions_floor_spawned":[8,12],"killed_by":"Slime Boss","ascension_level":20}}