{"host":"b5mzvg96njlg7ry9","time":1608368131,"event":{"mods":["AlwaysNeverKeys","Aspiration","BaseMod","Better Note","Better Third Choice","BetterRewards","Colored Map","Colored Powertips","Downfall","Highlight Path","Hubris","Infinite Spire","Minty Spire (QoL Compilation)","Quick Restart","Relic Sorter","Replay The Spire","Shop Mod","StSLib","SuperFastMode"],"gold_per_floor":[874,889,921,933,202,219,244,262,262,296,310,329,349,749,764,869,869,869,881,900,900,934,934,934,967,967,1000,1068,1068,1080,602,612,713,813,813,813,945,945,1145,1177,1177,1203,1313,1343,1443,1115,1126,1145,1164,1164,1164,1199,985,985,985],"floor_reached":56,"playtime":4266,"items_purged":["Guardian:Strike_Guardian","Guardian:Defend_Guardian","Guardian:Strike_Guardian","Guardian:Strike_Guardian","Guardian:Strike_Guardian"],"score":2306,"play_id":"426f712c-de4f-40d8-ad3f-032eadf25654","local_time":"20201219095531","is_ascension_mode":true,"campfire_choices":[{"floor":1.0,"key":"DIG"},{"data":"Guardian:RefractedBeam","floor":9.0,"key":"SMITH"},{"data":"Pot Of Greed","floor":18.0,"key":"SMITH"},{"data":"Guardian:RefractedBeam+1","floor":23.0,"key":"SMITH"},{"floor":35.0,"key":"DIG"},{"data":"infinitespire:Collect","floor":38.0,"key":"SMITH"},{"data":"Guardian:RefractedBeam+2","floor":54,"key":"SMITH"}],"circlet_count":0,"master_deck":["Guardian:Defend_Guardian","Guardian:Defend_Guardian","Guardian:Defend_Guardian","Guardian:CurlUp+1","Guardian:TwinSlam","Guardian:DonusPower","Guardian:SentryBeam","Guardian:StasisField","Guardian:ExploitGems+1","Guardian:DecasProtection","Guardian:RefractedBeam+3","Pot Of Greed+1","Pot Of Greed+1","Guardian:ExploitGems","Delirium","Guardian:Repulse+1","Pain","infinitespire:Collect+1","Guardian:CompilePackage","hubris:DuctTapeCard","Guardian:PrismaticBeam+1"],"relics":["Coffee Dripper","hubris:Icosahedron","downfall:HeartBlessingRed","downfall:HeartBlessingBlue","downfall:HeartBlessingGreen","Akabeko","hubris:CuriousFeather","Eternal Feather","PreservedInsect","Snack Pack","MerchantsRug","OrangePellets","Blood Vial","Mummified Hand","Du-Vu Doll","Enchiridion","Quantum Egg","Bottled Lightning","hubris:DuctTape","aspiration:HatOfInfinitePower","Membership Card","Lantern","Incense Burner","Replay:Wanted Poster","Bag of Marbles","WingedGreaves","Strawberry","aspiration:AnachronicSnailShell","Omamori","Replay:Bottled Steam","Blue Candle","Letter Opener","Medical Kit","Art of War","ReplayFunnel","Centennial Puzzle","infinitespire:Satchel"],"acts_visited":["Exordium","TheCity","TheBeyond","TheEnding"],"potions_floor_usage":[],"damage_taken":[{"damage":0.0,"enemies":"Cultist","floor":2.0,"turns":3.0},{"damage":8.0,"enemies":"Lagavulin","floor":3.0,"turns":6.0},{"damage":0.0,"enemies":"2 Louse","floor":4.0,"turns":3.0},{"damage":0.0,"enemies":"downfall:FleeingMerchant","floor":5.0,"turns":4.0},{"damage":0.0,"enemies":"Small Slimes","floor":6.0,"turns":2.0},{"damage":0.0,"enemies":"2 Fungi Beasts","floor":8.0,"turns":2.0},{"damage":0.0,"enemies":"Gremlin Nob","floor":10.0,"turns":2.0},{"damage":2.0,"enemies":"Lots of Slimes","floor":11.0,"turns":3.0},{"damage":0.0,"enemies":"3 Louse","floor":12.0,"turns":1.0},{"damage":6.0,"enemies":"Lots of Slimes","floor":13.0,"turns":3.0},{"damage":0.0,"enemies":"downfall:FleeingMerchant","floor":14.0,"turns":4.0},{"damage":0.0,"enemies":"Large Slime","floor":15.0,"turns":1.0},{"damage":0.0,"enemies":"downfall:Watcher","floor":16.0,"turns":5.0},{"damage":0.0,"enemies":"Spheric Guardian","floor":19.0,"turns":1.0},{"damage":0.0,"enemies":"3 Byrds","floor":20.0,"turns":3.0},{"damage":0.0,"enemies":"Replay:Snechameleon","floor":22.0,"turns":3.0},{"damage":8.0,"enemies":"Book of Stabbing","floor":25.0,"turns":2.0},{"damage":24.0,"enemies":"Gremlin Leader","floor":27.0,"turns":3.0},{"damage":0.0,"enemies":"downfall:FleeingMerchant","floor":28.0,"turns":3.0},{"damage":0.0,"enemies":"Shelled Parasite and Fungi","floor":30.0,"turns":2.0},{"damage":0.0,"enemies":"Cultist and Chosen","floor":32.0,"turns":3.0},{"damage":1.0,"enemies":"downfall:Ironclad","floor":33.0,"turns":3.0},{"damage":10.0,"enemies":"Giant Head","floor":37.0,"turns":2.0},{"damage":0.0,"enemies":"infinitespire:Three Voidlings","floor":39.0,"turns":2.0},{"damage":13.0,"enemies":"Nightmare_Alpha","floor":39.0,"turns":4.0},{"damage":6.0,"enemies":"R_Hoarder","floor":40.0,"turns":3.0},{"damage":0.0,"enemies":"Reptomancer","floor":42.0,"turns":2.0},{"damage":1.0,"enemies":"Orb Walker","floor":43.0,"turns":2.0},{"damage":12.0,"enemies":"R_Hoarder","floor":44.0,"turns":4.0},{"damage":1.0,"enemies":"3 Shapes","floor":47.0,"turns":2.0},{"damage":1.0,"enemies":"Sphere and 2 Shapes","floor":48.0,"turns":2.0},{"damage":1.0,"enemies":"4 Shapes","floor":49.0,"turns":4.0},{"damage":1,"enemies":"downfall:Defect","floor":50,"turns":2},{"damage":0,"enemies":"downfall:CharBossMerchant","floor":52,"turns":2},{"damage":5,"enemies":"downfall:NeowBoss","floor":55,"turns":9}],"seed_played":"9033979192476847615","potions_obtained":[{"floor":8.0,"key":"Guardian:StasisDiscoveryPotion"},{"floor":10.0,"key":"EssenceOfSteel"},{"floor":11.0,"key":"Ancient Potion"},{"floor":19.0,"key":"SpeedPotion"},{"floor":20.0,"key":"SpeedPotion"},{"floor":30.0,"key":"FearPotion"},{"floor":40.0,"key":"Energy Potion"},{"floor":43.0,"key":"sneckomod:MuddlingPotion"},{"floor":47.0,"key":"Guardian:DefensiveModePotion"},{"floor":48.0,"key":"Guardian:DefensiveModePotion"}],"is_trial":false,"path_per_floor":["R_BF","M","E","M","$","M","T","M","R","E","M","M","M","$","M","B",null,"R","M","M","?","E","R","T","E","?","E","$","?","M","?","M","B",null,"R_BF","?","E","R","?","E","T","E","M","E","?","$","M","M","M","B",null,"E","$","R","B",null],"character_chosen":"GUARDIAN","items_purchased":["Guardian:ExploitGems+1","Eternal Feather","PreservedInsect","Orrery","War Paint","Guardian:CrystalBeam","MerchantsRug","Guardian:Gem_Red","OrangePellets","Membership Card","Lantern","Fruit Juice","Swift Potion","Guardian:Gem_Lightblue","Medical Kit","Guardian:Gem_White","Art of War","ReplayFunnel","infinitespire:Satchel","Guardian:PrismaticBeam+1","Guardian:Gem_Red"],"campfire_rested":0,"item_purchase_floors":[5,5,5,5,14,14,14,14,14,28,28,28,28,28,46,46,46,46,53,53,53],"current_hp_per_floor":[82,82,74,74,74,74,74,74,83,83,85,85,81,83,83,87,89,90,90,90,74,78,90,90,82,82,62,73,73,77,77,81,86,93,95,95,94,102,95,95,95,102,101,94,94,94,97,100,102,101,102,102,102,102,102],"gold":985,"neow_bonus":"BOSS_RELIC","is_daily":false,"chose_seed":false,"campfire_upgraded":5,"win_rate":0.0,"timestamp":1608368131,"path_taken":["R_BF","M","E","M","$","M","T","M","R","E","?","M","M","$","M","BOSS","R","M","M","?","E","R","T","E","?","E","$","?","?","?","M","BOSS","R_BF","?","E","R","?","E","T","E","M","E","?","$","?","M","M","BOSS","E","$","R","BOSS"],"items_purchased_type":["Card","Relic","Relic","Relic","Relic","Card","Relic","Card","Relic","Relic","Relic","Potion","Potion","Card","Relic","Card","Relic","Relic","Relic","Card","Card"],"build_version":"2020-12-13","purchased_purges":5,"victory":true,"max_hp_per_floor":[90,90,90,90,90,90,90,90,90,90,90,90,90,90,90,90,90,90,90,90,90,90,90,90,90,90,90,95,95,95,95,95,95,95,95,95,102,102,102,102,102,102,102,102,102,102,102,102,102,102,102,102,102,102,102],"card_choices":[{"not_picked":["Guardian:ChargeCore","Guardian:Gem_Lightblue"],"picked":"Guardian:DonusPower","floor":2.0},{"not_picked":["Guardian:TemporalShield","Guardian:ChargeUp"],"picked":"Guardian:SentryBeam","floor":3.0},{"not_picked":["Guardian:TemporalShield","Guardian:CrystalBeam","Guardian:Planning"],"picked":"SKIP","floor":4.0},{"not_picked":["Guardian:ChargeCore","Guardian:Incinerate"],"picked":"Guardian:StasisField","floor":5.0},{"not_picked":["Guardian:PrimingBeam","Guardian:Preprogram"],"picked":"Guardian:Gem_Yellow","floor":5.0},{"not_picked":["Guardian:Gem_Lightblue","Guardian:TemporalShield"],"picked":"Guardian:Gem_Cyan","floor":5.0},{"not_picked":["Guardian:ShieldCharger","Guardian:FloatingOrbs"],"picked":"Guardian:DecasProtection","floor":5.0},{"not_picked":["Guardian:PolyBeam","Guardian:DonusPower"],"picked":"Guardian:RefractedBeam","floor":5.0},{"not_picked":["Guardian:RollAttack","Guardian:Reroute","Guardian:ShieldCharger"],"picked":"SKIP","floor":6.0},{"not_picked":["Guardian:PiercingHide","Guardian:Clone","Guardian:Suspension"],"picked":"SKIP","floor":8.0},{"not_picked":["Guardian:ConstructionForm","Guardian:Reroute","Guardian:ArmoredProtocol"],"picked":"SKIP","floor":10.0},{"not_picked":["Guardian:Recover","Guardian:VentSteam","Guardian:ChargeCore"],"picked":"SKIP","floor":11.0},{"not_picked":["Guardian:Gem_Lightblue","Guardian:PrimingBeam"],"picked":"Guardian:Gem_Synthetic","floor":12.0},{"not_picked":["Guardian:ChargeCore","Guardian:StasisField","Guardian:GuardianWhirl"],"picked":"SKIP","floor":13.0},{"not_picked":["Guardian:PrismaticBarrier","Guardian:ChargeUp","Guardian:WalkerClaw"],"picked":"SKIP","floor":14.0},{"not_picked":["Guardian:Orbwalk","Guardian:CrystalBeam","Guardian:Reroute"],"picked":"SKIP","floor":15.0},{"not_picked":["Guardian:RevengeProtocol","Guardian:GemFinder"],"picked":"Guardian:ExploitGems","floor":16.0},{"not_picked":["hubris:Wrath","sneckomod:Bewildered"],"picked":"Delirium","floor":17.0},{"not_picked":["Pain","ReplayTheSpireMod:Doomed"],"picked":"Doubt","floor":17.0},{"not_picked":["Hallucinations","sneckomod:Bewildered"],"picked":"Sickly","floor":17.0},{"not_picked":["Guardian:PiercingHide","Guardian:VentSteam"],"picked":"Guardian:Gem_Lightblue","floor":19.0},{"not_picked":["Guardian:Gem_Red","Guardian:Preprogram"],"picked":"Guardian:Gem_Fragmented","floor":20.0},{"not_picked":["Guardian:Reroute+1","Guardian:ChargeCore"],"picked":"Guardian:Repulse+1","floor":22.0},{"not_picked":["Guardian:CrystalBeam","Guardian:Gem_Blue"],"picked":"Guardian:Gem_Synthetic","floor":25.0},{"not_picked":["Guardian:PolyBeam+1","Guardian:TimeBomb","Guardian:Preprogram"],"picked":"SKIP","floor":27.0},{"not_picked":["Guardian:Preprogram","Guardian:Emergency"],"picked":"Guardian:Gem_Green","floor":28.0},{"not_picked":["Guardian:Recover","Guardian:HyperBeam_Guardian"],"picked":"Guardian:Gem_Blue","floor":30.0},{"not_picked":["infinitespire:Menacing","infinitespire:SevenWalls"],"picked":"infinitespire:Collect","floor":31.0},{"not_picked":["Guardian:Recover+1","Guardian:TimeCapacitor","Guardian:CrystalBeam"],"picked":"SKIP","floor":32.0},{"not_picked":["Guardian:ConstructionForm","Guardian:AncientConstruct"],"picked":"Guardian:CompilePackage","floor":33.0},{"not_picked":["Guardian:WalkerClaw+1","Guardian:ShieldCharger","Guardian:TimeCapacitor"],"picked":"SKIP","floor":37.0},{"not_picked":["Guardian:TimeSifter","Guardian:SentryBeam+1","Guardian:ShieldCharger"],"picked":"SKIP","floor":40.0},{"not_picked":["Guardian:Planning","Guardian:SentryBeam","Guardian:TimeCapacitor+1"],"picked":"SKIP","floor":42.0},{"not_picked":["Guardian:Gem_Lightblue","Guardian:Emergency+1","Guardian:ShieldCharger"],"picked":"SKIP","floor":43.0},{"not_picked":["Guardian:WalkerClaw+1","Guardian:TemporalStrike+1","Guardian:Planning+1"],"picked":"SKIP","floor":44.0},{"not_picked":["Guardian:Gem_Red","Guardian:TemporalStrike+1","Guardian:ChargeCore"],"picked":"SKIP","floor":47.0},{"not_picked":["Guardian:ConstructionForm","Guardian:PrimingBeam","Guardian:Incinerate+1"],"picked":"SKIP","floor":48.0},{"not_picked":["Guardian:Planning","Guardian:Recover","Guardian:Incinerate+1"],"picked":"SKIP","floor":49.0},{"not_picked":["Guardian:Incinerate+1","Guardian:Gem_Lightblue","Guardian:TemporalShield+1"],"picked":"SKIP","floor":52}],"player_experience":788450,"relics_obtained":[{"floor":1.0,"key":"Akabeko"},{"floor":3.0,"key":"hubris:CuriousFeather"},{"floor":7.0,"key":"Grinning Jar"},{"floor":10.0,"key":"Snack Pack"},{"floor":21.0,"key":"Enchiridion"},{"floor":22.0,"key":"Quantum Egg"},{"floor":24.0,"key":"Bottled Lightning"},{"floor":25.0,"key":"hubris:DuctTape"},{"floor":27.0,"key":"aspiration:HatOfInfinitePower"},{"floor":35.0,"key":"Bag of Marbles"},{"floor":37.0,"key":"Strawberry"},{"floor":39.0,"key":"aspiration:AnachronicSnailShell"},{"floor":40.0,"key":"Omamori"},{"floor":41.0,"key":"Replay:Bottled Steam"},{"floor":42.0,"key":"Blue Candle"},{"floor":44.0,"key":"Letter Opener"},{"floor":52,"key":"Centennial Puzzle"}],"event_choices":[{"damage_healed":0.0,"max_hp_gain":0.0,"max_hp_loss":0.0,"gold_gain":0.0,"event_name":"Ghosts","player_choice":"Ignored","floor":26.0,"gold_loss":0.0,"damage_taken":0.0}],"is_beta":false,"boss_relics":[{"not_picked":["Cursed Key","hubris:HollowSoul"],"picked":"Replay:Ancient Bell"},{"not_picked":["hubris:SlimyHat","Bronze Scales"],"picked":"Blood Vial"},{"not_picked":["aspiration:StickyExplosives_weak","StrikeDummy"],"picked":"Mummified Hand"},{"not_picked":["Girya","hubris:MedicalManual"],"picked":"Du-Vu Doll"},{"not_picked":["aspiration:IroncladSkillbook","SacredBark"],"picked":"Replay:Wanted Poster"}],"items_purged_floors":[5,14,28,46,53],"is_endless":false,"potions_floor_spawned":[8,10,11,12,19,20,30,32,40,43,47,48,49],"ascension_level":7}}