{"host":"rqd50iigewdjy74u","time":1608370578,"event":{"mods":["AchievementEnabler","BaseMod","BetterRewards","Custom Start","Minty Spire (QoL Compilation)","StSLib"],"gold_per_floor":[114,114,114,114,74,113,113,128,155,155,174,209,209,59,59,179,179,202,202,202,226,244,244,244],"floor_reached":23,"playtime":897,"items_purged":[],"score":222,"play_id":"def951ce-b2e5-4f2b-85ec-ae8a4bfe8ddc","local_time":"20201219033618","is_ascension_mode":false,"campfire_choices":[{"data":"Collect","floor":7,"key":"SMITH"},{"data":"Eruption","floor":10,"key":"SMITH"},{"data":"Scrawl","floor":13,"key":"SMITH"},{"data":"Adaptation","floor":15,"key":"SMITH"}],"circlet_count":0,"master_deck":["Strike_P","Strike_P","Strike_P","Defend_P","Defend_P","Defend_P","Eruption+1","Vigilance","Prostrate","Adaptation+1","Collect+1","Worship","SignatureMove","Scrawl+1","DevaForm","WheelKick","Vault","Ragnarok","JustLucky+1","FollowUp"],"relics":["PureWater","NeowsBlessing","Golden Idol","Happy Flower","MealTicket","Strawberry","OrangePellets","VioletLotus"],"acts_visited":["Exordium","TheCity"],"potions_floor_usage":[12,12,18,22,23],"damage_taken":[{"damage":0,"enemies":"Small Slimes","floor":1,"turns":1},{"damage":0,"enemies":"Gremlin Nob","floor":6,"turns":2},{"damage":0,"enemies":"2 Louse","floor":8,"turns":1},{"damage":0,"enemies":"Cultist","floor":11,"turns":3},{"damage":13,"enemies":"3 Sentries","floor":12,"turns":5},{"damage":1,"enemies":"Slime Boss","floor":16,"turns":7},{"damage":31,"enemies":"Spheric Guardian","floor":18,"turns":4},{"damage":10,"enemies":"Chosen","floor":21,"turns":3},{"damage":21,"enemies":"Centurion and Healer","floor":22,"turns":5},{"damage":20,"enemies":"Book of Stabbing","floor":23,"turns":5}],"seed_played":"2646442011358058725","potions_obtained":[{"floor":1,"key":"SkillPotion"},{"floor":4,"key":"SneckoOil"},{"floor":4,"key":"Fire Potion"},{"floor":16,"key":"Swift Potion"},{"floor":21,"key":"FearPotion"}],"is_trial":false,"path_per_floor":["M","?","?","?","$","E","R","M","T","R","M","E","R","$","R","B",null,"M","?","?","M","M","E"],"character_chosen":"WATCHER","items_purchased":["Adaptation","OrangePellets"],"campfire_rested":0,"item_purchase_floors":[5,14],"current_hp_per_floor":[72,72,54,54,54,54,54,54,54,54,54,48,48,63,63,62,79,48,48,48,38,17,0,0],"gold":244,"neow_bonus":"THREE_ENEMY_KILL","is_daily":false,"chose_seed":false,"campfire_upgraded":4,"win_rate":0.0,"timestamp":1608370578,"path_taken":["M","?","?","?","$","E","R","?","T","R","M","E","R","$","R","BOSS","M","?","?","M","M","E"],"items_purchased_type":["Card","Relic"],"build_version":"2020-12-13","purchased_purges":0,"victory":false,"max_hp_per_floor":[72,72,72,72,72,72,72,72,72,72,72,79,79,79,79,79,79,79,79,79,79,79,79,79],"card_choices":[{"not_picked":["Pray","EmptyMind"],"picked":"Prostrate","floor":1},{"not_picked":["Perseverance","Sanctity"],"picked":"Collect","floor":6},{"not_picked":["BowlingBash","Protect"],"picked":"Worship","floor":8},{"not_picked":["Prostrate","FlyingSleeves"],"picked":"SignatureMove","floor":11},{"not_picked":["ThirdEye","Meditate"],"picked":"Scrawl","floor":12},{"not_picked":["DeusExMachina","Blasphemy"],"picked":"DevaForm","floor":16},{"not_picked":["Swivel","CutThroughFate"],"picked":"WheelKick","floor":18},{"not_picked":["Indignation","SashWhip"],"picked":"JustLucky+1","floor":21},{"not_picked":["Meditate","Protect"],"picked":"FollowUp","floor":22}],"player_experience":63200,"relics_obtained":[{"floor":6,"key":"Happy Flower"},{"floor":9,"key":"MealTicket"},{"floor":12,"key":"Strawberry"}],"event_choices":[{"damage_healed":0,"gold_gain":0,"player_choice":"Leave","damage_taken":0,"max_hp_gain":0,"max_hp_loss":0,"event_name":"The Cleric","floor":2,"gold_loss":0},{"damage_healed":0,"gold_gain":0,"player_choice":"Take Damage","damage_taken":18,"relics_obtained":["Golden Idol"],"max_hp_gain":0,"max_hp_loss":0,"event_name":"Golden Idol","floor":3,"gold_loss":0},{"damage_healed":0,"gold_gain":0,"player_choice":"Got Potions","damage_taken":0,"max_hp_gain":0,"max_hp_loss":0,"event_name":"Lab","floor":4,"gold_loss":0},{"damage_healed":0,"gold_gain":0,"player_choice":"Ignored","damage_taken":0,"max_hp_gain":0,"max_hp_loss":0,"event_name":"Cursed Tome","floor":19,"gold_loss":0},{"damage_healed":0,"gold_gain":0,"cards_transformed":["Defend_P","Strike_P"],"player_choice":"Became Test Subject","damage_taken":0,"max_hp_gain":0,"max_hp_loss":0,"event_name":"Drug Dealer","floor":20,"gold_loss":0,"cards_obtained":["Vault","Ragnarok"]}],"is_beta":false,"boss_relics":[{"not_picked":["Runic Pyramid","Ectoplasm"],"picked":"VioletLotus"}],"items_purged_floors":[],"is_endless":false,"potions_floor_spawned":[1,11,16,21],"killed_by":"Book of Stabbing","ascension_level":0}}