{"host":"uv231blk40vjdojr","time":1608392394,"event":{"mods":["BaseMod","Minty Spire (QoL Compilation)","Relic Stats"],"gold_per_floor":[113,113,2,2,2,2,2,36,36,36,36,77,101,117,117,210,210,235,253,266,266,286,286,320,320,345,379,379,379,32,52,52,143,143,166,190,190,206,29,62,62,62,62,62,97,113,134,165,165,165],"floor_reached":51,"playtime":4270,"items_purged":["Pain"],"score":1307,"play_id":"3fcc0bdc-3853-4462-ad09-dcd38238edd4","local_time":"20201219163954","is_ascension_mode":true,"campfire_choices":[{"data":"Compile Driver","floor":6.0,"key":"SMITH"},{"data":"Zap","floor":10.0,"key":"SMITH"},{"floor":15.0,"key":"REST"},{"floor":23.0,"key":"REST"},{"floor":25.0,"key":"REST"},{"floor":28.0,"key":"REST"},{"floor":32.0,"key":"REST"},{"floor":42.0,"key":"REST"},{"floor":44.0,"key":"REST"},{"floor":49.0,"key":"REST"}],"circlet_count":0,"master_deck":["AscendersBane","Strike_B","Strike_B","Strike_B","Defend_B","Defend_B","Defend_B","Defend_B","Dualcast","Echo Form","Cold Snap+1","Compile Driver+1","Capacitor","Rip and Tear","Glacier","Coolheaded","Chill+1","RitualDagger","Blizzard","Cold Snap","Coolheaded","Conserve Battery","Turbo","Machine Learning","Core Surge+1","Rebound+1","Buffer+1","Self Repair","Impatience","Secret Technique","Coolheaded+1","Reinforced Body","Turbo"],"relics":["Cracked Core","Golden Idol","Lizard Tail","The Courier","Kunai","Boot","Fusion Hammer","Symbiotic Virus","Lantern","Bag of Preparation","WarpedTongs","Ice Cream","Astrolabe","Art of War","Mango","Calipers","MealTicket","CaptainsWheel"],"acts_visited":["Exordium","TheCity","TheBeyond"],"potions_floor_usage":[],"damage_taken":[{"damage":4.0,"enemies":"Small Slimes","floor":1.0,"turns":4.0},{"damage":36.0,"enemies":"Gremlin Nob","floor":8.0,"turns":4.0},{"damage":21.0,"enemies":"Lagavulin","floor":12.0,"turns":6.0},{"damage":7.0,"enemies":"2 Louse","floor":13.0,"turns":2.0},{"damage":7.0,"enemies":"Jaw Worm","floor":14.0,"turns":2.0},{"damage":10.0,"enemies":"Slime Boss","floor":16.0,"turns":9.0},{"damage":9.0,"enemies":"Spheric Guardian","floor":18.0,"turns":5.0},{"damage":16.0,"enemies":"3 Byrds","floor":19.0,"turns":5.0},{"damage":17.0,"enemies":"Cultist and Chosen","floor":20.0,"turns":9.0},{"damage":4.0,"enemies":"Centurion and Healer","floor":22.0,"turns":6.0},{"damage":43.0,"enemies":"Book of Stabbing","floor":24.0,"turns":6.0},{"damage":21.0,"enemies":"Slavers","floor":27.0,"turns":8.0},{"damage":5.0,"enemies":"Snake Plant","floor":31.0,"turns":6.0},{"damage":35.0,"enemies":"Collector","floor":33.0,"turns":11.0},{"damage":12.0,"enemies":"3 Darklings","floor":35.0,"turns":26.0},{"damage":0.0,"enemies":"3 Shapes","floor":36.0,"turns":6.0},{"damage":0.0,"enemies":"Jaw Worm Horde","floor":38.0,"turns":9.0},{"damage":21.0,"enemies":"Giant Head","floor":40.0,"turns":13.0},{"damage":47.0,"enemies":"Nemesis","floor":45.0,"turns":11.0},{"damage":8.0,"enemies":"3 Darklings","floor":46.0,"turns":7.0},{"damage":21.0,"enemies":"Sphere and 2 Shapes","floor":47.0,"turns":10.0},{"damage":0.0,"enemies":"Mind Bloom Boss Battle","floor":48.0,"turns":12.0},{"damage":32,"enemies":"Time Eater","floor":50,"turns":17}],"seed_played":"-6328788415923430288","potions_obtained":[{"floor":8.0,"key":"Fruit Juice"},{"floor":12.0,"key":"PowerPotion"},{"floor":13.0,"key":"FearPotion"},{"floor":20.0,"key":"AttackPotion"},{"floor":24.0,"key":"EssenceOfDarkness"},{"floor":38.0,"key":"DistilledChaos"},{"floor":45.0,"key":"EntropicBrew"},{"floor":46.0,"key":"BlessingOfTheForge"}],"is_trial":false,"path_per_floor":["M","?","$","?","?","R","?","E","T","R","T","E","M","M","R","B",null,"M","M","M","?","M","R","E","R","T","E","R","?","$","M","R","B",null,"M","M","?","M","$","E","$","R","T","R","E","M","M","?","R","B",null],"character_chosen":"DEFECT","items_purchased":["Compile Driver","Regen Potion","Ice Cream","Conserve Battery","Art of War","Energy Potion"],"campfire_rested":8,"item_purchase_floors":[3,3,30,30,39,39],"current_hp_per_floor":[60,53,53,71,64,64,64,33,33,33,33,27,20,13,33,23,58,49,33,16,10,6,26,17,37,37,16,36,36,36,31,51,16,56,44,64,54,68,68,68,68,83,83,83,50,62,55,69,83,58],"gold":165,"neow_bonus":"THREE_RARE_CARDS","is_daily":false,"chose_seed":false,"campfire_upgraded":2,"win_rate":0.0,"timestamp":1608392394,"path_taken":["M","?","$","?","?","R","?","E","T","R","?","E","M","M","R","BOSS","M","M","M","?","M","R","E","R","T","E","R","?","$","M","R","BOSS","M","M","?","M","$","E","$","R","T","R","E","M","M","?","R","BOSS"],"items_purchased_type":["Card","Potion","Relic","Card","Relic","Potion"],"build_version":"2020-12-13","purchased_purges":1,"victory":true,"max_hp_per_floor":[71,71,71,71,64,64,64,69,69,69,69,69,69,69,69,69,69,69,69,69,69,69,69,69,69,69,69,69,69,69,69,69,69,69,69,69,69,69,69,83,83,83,83,83,83,83,83,83,83,83],"relic_stats":{"Lizard Tail":34,"counters":[23,194],"Golden Idol":154,"Astrolabe":["Core Surge","Rebound","Buffer"],"MealTicket":0,"Bag of Preparation":[22],"Art of War":[19],"Kunai":[64],"Boot":[87],"obtain_stats":[{"Ice Cream":30,"Lantern":26,"Calipers":43,"Golden Idol":5,"Astrolabe":34,"Mango":40,"The Courier":9,"Bag of Preparation":27,"Boot":12,"WarpedTongs":29,"Lizard Tail":8,"CaptainsWheel":48,"MealTicket":45,"Fusion Hammer":17,"Art of War":39,"Kunai":11,"Cracked Core":0,"Symbiotic Virus":24},{"Ice Cream":12,"Lantern":11,"Calipers":18,"Golden Idol":1,"Astrolabe":14,"Mango":18,"The Courier":2,"Bag of Preparation":12,"Boot":3,"WarpedTongs":12,"Lizard Tail":2,"CaptainsWheel":22,"MealTicket":19,"Fusion Hammer":6,"Art of War":17,"Kunai":2,"Cracked Core":0,"Symbiotic Virus":11},{"Ice Cream":66,"Lantern":58,"Calipers":137,"Golden Idol":4,"Astrolabe":83,"Mango":137,"The Courier":8,"Bag of Preparation":66,"Boot":14,"WarpedTongs":66,"Lizard Tail":8,"CaptainsWheel":177,"MealTicket":148,"Fusion Hammer":27,"Art of War":124,"Kunai":8,"Cracked Core":0,"Symbiotic Virus":58}],"WarpedTongs":[119]},"card_choices":[{"not_picked":["Meteor Strike","Seek"],"picked":"Echo Form","floor":0.0},{"not_picked":["Recycle","Conserve Battery"],"picked":"Cold Snap","floor":1.0},{"not_picked":["Beam Cell","Aggregate"],"picked":"Capacitor","floor":8.0},{"not_picked":["Streamline","Static Discharge"],"picked":"Rip and Tear","floor":12.0},{"not_picked":["Compile Driver","Ball Lightning"],"picked":"Glacier","floor":13.0},{"not_picked":["Gash","Hello World"],"picked":"Coolheaded","floor":14.0},{"not_picked":["Meteor Strike","Creative AI"],"picked":"Thunder Strike","floor":16.0},{"not_picked":["Darkness","Heatsinks"],"picked":"Chill+1","floor":18.0},{"not_picked":["Heatsinks","Undo","Cold Snap"],"picked":"SKIP","floor":19.0},{"not_picked":["Gash+1","Steam","Hologram"],"picked":"SKIP","floor":20.0},{"not_picked":["Chaos","Self Repair+1"],"picked":"Blizzard","floor":22.0},{"not_picked":["Rebound","Static Discharge"],"picked":"Cold Snap","floor":24.0},{"not_picked":["Auto Shields","Creative AI"],"picked":"Coolheaded","floor":27.0},{"not_picked":["Rip and Tear","Sweeping Beam"],"picked":"Turbo","floor":31.0},{"not_picked":["Thunder Strike","Hyperbeam"],"picked":"Machine Learning","floor":33.0},{"not_picked":["Sunder","Redo"],"picked":"Self Repair","floor":35.0},{"not_picked":["Sweeping Beam","Streamline","Go for the Eyes"],"picked":"SKIP","floor":36.0},{"not_picked":["Panacea","Blind"],"picked":"Impatience","floor":37.0},{"not_picked":["Sadistic Nature","Dark Shackles"],"picked":"Secret Technique","floor":37.0},{"not_picked":["Rebound+1","Conserve Battery"],"picked":"Coolheaded+1","floor":38.0},{"not_picked":["Gash","Steam","Rip and Tear"],"picked":"SKIP","floor":40.0},{"not_picked":["Steam Power","Genetic Algorithm+1","Consume"],"picked":"SKIP","floor":45.0},{"not_picked":["Ball Lightning+1","Steam"],"picked":"Reinforced Body","floor":46.0},{"not_picked":["Go for the Eyes","Compile Driver"],"picked":"Turbo","floor":47.0}],"player_experience":497640,"relics_obtained":[{"floor":8.0,"key":"Lizard Tail"},{"floor":9.0,"key":"The Courier"},{"floor":11.0,"key":"Kunai"},{"floor":12.0,"key":"Boot"},{"floor":24.0,"key":"Symbiotic Virus"},{"floor":26.0,"key":"Lantern"},{"floor":27.0,"key":"Bag of Preparation"},{"floor":40.0,"key":"Mango"},{"floor":43.0,"key":"Calipers"},{"floor":45.0,"key":"MealTicket"},{"floor":48.0,"key":"CaptainsWheel"}],"event_choices":[{"cards_removed":["Doubt"],"damage_healed":0.0,"max_hp_gain":0.0,"max_hp_loss":0.0,"gold_gain":0.0,"event_name":"Golden Wing","player_choice":"Card Removal","floor":2.0,"gold_loss":0.0,"damage_taken":7.0},{"damage_healed":23.0,"max_hp_gain":0.0,"max_hp_loss":0.0,"gold_gain":0.0,"event_name":"Big Fish","player_choice":"Banana","floor":4.0,"gold_loss":0.0,"damage_taken":0.0},{"damage_healed":0.0,"max_hp_gain":0.0,"max_hp_loss":7.0,"gold_gain":0.0,"event_name":"Golden Idol","player_choice":"Lose Max HP","floor":5.0,"gold_loss":0.0,"damage_taken":0.0,"relics_obtained":["Golden Idol"]},{"damage_healed":0.0,"max_hp_gain":0.0,"max_hp_loss":0.0,"gold_gain":0.0,"event_name":"Living Wall","player_choice":"Grow","floor":7.0,"gold_loss":0.0,"damage_taken":0.0,"cards_upgraded":["Cold Snap"]},{"damage_healed":0.0,"max_hp_gain":0.0,"max_hp_loss":0.0,"gold_gain":0.0,"event_name":"Nest","player_choice":"Joined the Cult","floor":21.0,"gold_loss":0.0,"damage_taken":6.0,"cards_obtained":["RitualDagger"]},{"damage_healed":0.0,"max_hp_gain":0.0,"max_hp_loss":0.0,"gold_gain":0.0,"event_name":"Accursed Blacksmith","player_choice":"Rummage","floor":29.0,"gold_loss":0.0,"damage_taken":0.0,"relics_obtained":["WarpedTongs"],"cards_obtained":["Pain"]},{"damage_healed":0.0,"max_hp_gain":0.0,"max_hp_loss":0.0,"gold_gain":0.0,"event_name":"SensoryStone","player_choice":"Memory 3","floor":37.0,"gold_loss":0.0,"damage_taken":10.0},{"damage_healed":0.0,"max_hp_gain":0.0,"max_hp_loss":0.0,"gold_gain":0.0,"event_name":"MindBloom","player_choice":"Fight","floor":48.0,"gold_loss":0.0,"damage_taken":0.0}],"is_beta":false,"boss_relics":[{"not_picked":["Pandora\u0027s Box","Empty Cage"],"picked":"Fusion Hammer"},{"not_picked":["SacredBark","Tiny House"],"picked":"Astrolabe"}],"items_purged_floors":[30],"is_endless":false,"potions_floor_spawned":[8,12,13,20,24,38,45,46],"ascension_level":16}}