{"host":"l7l2v2zs4hqku4vk","time":1608369090,"event":{"mods":["Act Like it!","BaseMod","Colored Powertips","Highlight Path","Minty Spire (QoL Compilation)","Replay The Spire","RumiaBox-露米娅的神秘盒子","StSLib","TestMod","The Servant 0.9.4","篝火指南"],"gold_per_floor":[119,119,138,156,168,168,199,215,284,284,209,272,287,297,297,297,297],"floor_reached":16,"playtime":892,"items_purged":["Strike_R"],"score":208,"play_id":"61cf30b4-9759-4ef9-a88f-6c5b4e2a4ccf","local_time":"20201219171130","is_ascension_mode":true,"campfire_choices":[{"data":"Bludgeon","floor":6,"key":"SMITH"},{"data":"Body Slam","floor":10,"key":"SMITH"},{"data":"True Grit","floor":15,"key":"SMITH"}],"circlet_count":0,"master_deck":["AscendersBane","Strike_R","Strike_R","Strike_R","Defend_R+1","Defend_R+1","Defend_R+1","Defend_R+1","Bash","Bludgeon+1","Sword Boomerang","Evolve","Uppercut","Body Slam+1","Offering","True Grit+1"],"relics":["Burning Blood","testmod-TestBox","testmod-SaigiyounoYou","White Beast Statue","Replay:Bottled Eggs","FossilizedHelix"],"acts_visited":["Exordium"],"potions_floor_usage":[12,12,16,16],"damage_taken":[{"damage":7,"enemies":"2 Louse","floor":1,"turns":3},{"damage":0,"enemies":"Cultist","floor":3,"turns":2},{"damage":10,"enemies":"Small Slimes","floor":4,"turns":3},{"damage":9,"enemies":"Looter","floor":5,"turns":3},{"damage":42,"enemies":"3 Sentries","floor":7,"turns":7},{"damage":15,"enemies":"Blue Slaver","floor":8,"turns":4},{"damage":17,"enemies":"Lagavulin Event","floor":12,"turns":6},{"damage":22,"enemies":"Lots of Slimes","floor":13,"turns":6},{"damage":37,"enemies":"Gremlin Gang","floor":14,"turns":6},{"damage":17,"enemies":"Fading Forest","floor":16,"turns":5}],"seed_played":"2986870284657203684","potions_obtained":[{"floor":5,"key":"SkillPotion"},{"floor":8,"key":"HeartOfIron"},{"floor":12,"key":"Venom Potion"},{"floor":13,"key":"AttackPotion"}],"is_trial":false,"path_per_floor":["M","?","M","M","M","R","E","M","T","R","$","?","M","M","R","B"],"character_chosen":"IRONCLAD","items_purchased":[],"campfire_rested":0,"item_purchase_floors":[],"current_hp_per_floor":[68,68,68,65,66,66,43,38,38,38,38,39,40,23,23,23,23],"gold":297,"neow_bonus":"THREE_RARE_CARDS","is_daily":false,"chose_seed":false,"campfire_upgraded":3,"win_rate":0.0,"timestamp":1608369090,"path_taken":["M","?","M","M","?","R","E","M","T","R","$","?","M","M","R","BOSS"],"items_purchased_type":[],"build_version":"2020-12-13","purchased_purges":1,"victory":false,"max_hp_per_floor":[68,68,68,68,68,68,68,68,68,68,68,68,68,68,68,68,68],"card_choices":[{"not_picked":["Juggernaut","Brutality"],"picked":"Bludgeon","floor":0},{"not_picked":["Wild Strike","Ghostly Armor"],"picked":"Sword Boomerang","floor":1},{"not_picked":["Warcry","Cleave"],"picked":"Evolve","floor":3},{"not_picked":["Shockwave","Shrug It Off"],"picked":"Uppercut","floor":4},{"not_picked":["Cleave","Twin Strike"],"picked":"Body Slam","floor":5},{"not_picked":["Fire Breathing","Heavy Blade"],"picked":"Offering","floor":7},{"not_picked":["Massacre","Intimidate","Reckless Charge"],"picked":"SKIP","floor":8},{"not_picked":["Anger","Twin Strike"],"picked":"True Grit","floor":12},{"not_picked":["Bloodletting","Pommel Strike","Dark Embrace"],"picked":"SKIP","floor":13},{"not_picked":["Body Slam","Twin Strike","True Grit"],"picked":"SKIP","floor":14}],"player_experience":1646753,"relics_obtained":[{"floor":7,"key":"White Beast Statue"},{"floor":9,"key":"Replay:Bottled Eggs"},{"floor":12,"key":"FossilizedHelix"}],"event_choices":[{"cards_removed":["Strike_R"],"damage_healed":0,"gold_gain":0,"player_choice":"Offered Basic","damage_taken":0,"max_hp_gain":0,"max_hp_loss":0,"event_name":"Bonfire Elementals","floor":2,"gold_loss":0},{"damage_healed":0,"gold_gain":0,"player_choice":"Searched \u00271\u0027 times","damage_taken":0,"max_hp_gain":0,"max_hp_loss":0,"event_name":"Dead Adventurer","floor":12,"gold_loss":0}],"is_beta":false,"boss_relics":[],"items_purged_floors":[11],"is_endless":false,"potions_floor_spawned":[5,8,12,13,14],"killed_by":"Fading Forest","ascension_level":20}}