{"host":"i39dbljnp2r9g04i","time":1608348272,"event":{"mods":["BaseMod","Minty Spire (QoL Compilation)","StSLib"],"gold_per_floor":[116,116,291,311,358,390,400,400,400],"floor_reached":8,"playtime":188,"items_purged":[],"score":134,"play_id":"62e97337-79c1-419b-bb5a-7b6fd344f794","local_time":"20201219112432","is_ascension_mode":true,"campfire_choices":[],"circlet_count":0,"master_deck":["AscendersBane","Strike_G","Strike_G","Strike_G","Strike_G","Strike_G","Defend_G","Defend_G","Defend_G","Defend_G","Defend_G","Survivor","Neutralize","Deflect","Regret","Doubt","Backflip","Cloak And Dagger","Slice"],"relics":["Ring of the Snake","NeowsBlessing","Happy Flower","Anchor","Sundial"],"acts_visited":["Exordium"],"potions_floor_usage":[],"damage_taken":[{"damage":0.0,"enemies":"Jaw Worm","floor":1.0,"turns":1.0},{"damage":0.0,"enemies":"Small Slimes","floor":4.0,"turns":1.0},{"damage":4.0,"enemies":"Lagavulin","floor":6.0,"turns":3.0},{"damage":1.0,"enemies":"Cultist","floor":7.0,"turns":5.0},{"damage":69,"enemies":"Gremlin Nob","floor":8,"turns":5}],"seed_played":"-6258271006971067595","potions_obtained":[{"floor":4.0,"key":"GamblersBrew"}],"is_trial":false,"path_per_floor":["M","?","?","M","T","E","M","E"],"character_chosen":"THE_SILENT","items_purchased":[],"campfire_rested":0,"item_purchase_floors":[],"current_hp_per_floor":[63,63,63,63,63,59,58,0,0],"gold":400,"neow_bonus":"THREE_ENEMY_KILL","is_daily":false,"chose_seed":false,"campfire_upgraded":0,"win_rate":0.0,"timestamp":1608348272,"path_taken":["M","?","?","M","?","E","M","E"],"items_purchased_type":[],"build_version":"2020-12-13","purchased_purges":0,"victory":false,"max_hp_per_floor":[70,70,70,70,70,70,70,70,70],"card_choices":[{"not_picked":["Underhanded Strike","Blur"],"picked":"Deflect","floor":1.0},{"not_picked":["Caltrops","Distraction"],"picked":"Backflip","floor":4.0},{"not_picked":["Dagger Throw","Wraith Form v2"],"picked":"Cloak And Dagger","floor":6.0},{"not_picked":["Outmaneuver","PiercingWail","Slice"],"picked":"SKIP","floor":7.0},{"not_picked":["Outmaneuver","PiercingWail"],"picked":"Slice","floor":7.0}],"player_experience":422316,"relics_obtained":[{"floor":5.0,"key":"Anchor"},{"floor":6.0,"key":"Sundial"}],"event_choices":[{"damage_healed":0.0,"max_hp_gain":0.0,"max_hp_loss":0.0,"gold_gain":0.0,"event_name":"Big Fish","player_choice":"Box","floor":2.0,"gold_loss":0.0,"damage_taken":0.0,"relics_obtained":["Happy Flower"],"cards_obtained":["Regret"]},{"damage_healed":0.0,"max_hp_gain":0.0,"max_hp_loss":0.0,"gold_gain":175.0,"event_name":"Liars Game","player_choice":"AGREE","floor":3.0,"gold_loss":0.0,"damage_taken":0.0,"cards_obtained":["Doubt"]}],"is_beta":false,"boss_relics":[],"items_purged_floors":[],"is_endless":false,"potions_floor_spawned":[4],"killed_by":"Gremlin Nob","ascension_level":13}}