{"host":"9d83omykrosjn1d3","time":1608356741,"event":{"mods":["AchievementEnabler","BaseMod","BetterRewards","Card Forge","Hubris","MarisaÅiñ∂âJÅ@ñÇóùçπÅj","Minty Spire (QoL Compilation)","Permanent Neow","Shop Mod","StSLib","SuperFastMode"],"gold_per_floor":[111,36,36,36,49,75,108,136,136,163,163,188,188,223,223,326,326,338,338,338,368,384,414,414,414,488,488,562,144,170,62,62,161,161,173,39,39,39,71,71,71,102,102,102,102,133,36,67,67,67],"floor_reached":51,"playtime":833,"items_purged":["Quick Slash","Prepared","Prepared","Acrobatics","Backflip"],"score":1305,"play_id":"f3e18fe1-c8a7-4e33-b6a6-72e296cebc9e","local_time":"20201219144541","daily_mods":["Draft","Heirloom","Flight","DeadlyEvents","Elite Swarm"],"is_ascension_mode":false,"campfire_choices":[{"data":"Searing Blow+9","floor":11,"key":"SMITH"},{"data":"Searing Blow+10","floor":13,"key":"SMITH"},{"data":"Searing Blow+11","floor":15,"key":"SMITH"},{"data":"Searing Blow+13","floor":24,"key":"SMITH"},{"data":"Searing Blow+14","floor":25,"key":"SMITH"},{"data":"Searing Blow+15","floor":27,"key":"SMITH"},{"data":"Searing Blow+16","floor":32,"key":"SMITH"},{"data":"Searing Blow+18","floor":40,"key":"SMITH"},{"data":"Searing Blow+19","floor":41,"key":"SMITH"},{"data":"Searing Blow+20","floor":44,"key":"SMITH"},{"data":"Searing Blow+21","floor":45,"key":"SMITH"},{"data":"Searing Blow+22","floor":49,"key":"SMITH"}],"circlet_count":0,"master_deck":["Searing Blow+23","Footwork","PiercingWail","Backflip","PiercingWail","Burst"],"relics":["Ring of the Snake","Hammer of Thor","Seething Fire","Anvil of the Gods","Girya","Vajra","Ice Cream","PreservedInsect","Pantograph","Omamori","Runic Dome","hubris:Towel","Torii","FossilizedHelix","Meat on the Bone","Paper Crane","Singing Bowl","HornCleat","MerchantsRug","hubris:64BitClover","Regal Pillow","SlaversCollar","Blood Vial","hubris:TinFlute","Question Card","Smiling Mask"],"acts_visited":["Exordium","TheCity","TheBeyond"],"potions_floor_usage":[],"damage_taken":[{"damage":0,"enemies":"Jaw Worm","floor":1,"turns":1},{"damage":0,"enemies":"Small Slimes","floor":5,"turns":2},{"damage":4,"enemies":"3 Sentries","floor":6,"turns":3},{"damage":0,"enemies":"Gremlin Nob","floor":7,"turns":1},{"damage":12,"enemies":"3 Sentries","floor":8,"turns":4},{"damage":0,"enemies":"Gremlin Nob","floor":10,"turns":1},{"damage":9,"enemies":"3 Sentries","floor":12,"turns":4},{"damage":0,"enemies":"Gremlin Nob","floor":14,"turns":1},{"damage":6,"enemies":"Hexaghost","floor":16,"turns":3},{"damage":0,"enemies":"Shell Parasite","floor":18,"turns":1},{"damage":14,"enemies":"Slavers","floor":21,"turns":3},{"damage":0,"enemies":"Spheric Guardian","floor":22,"turns":1},{"damage":0,"enemies":"Book of Stabbing","floor":23,"turns":1},{"damage":0,"enemies":"Gremlin Leader","floor":30,"turns":1},{"damage":0,"enemies":"hubris:MusketHawk","floor":33,"turns":2},{"damage":0,"enemies":"Orb Walker","floor":35,"turns":1},{"damage":0,"enemies":"Reptomancer","floor":39,"turns":1},{"damage":0,"enemies":"Nemesis","floor":42,"turns":1},{"damage":0,"enemies":"Reptomancer","floor":46,"turns":1},{"damage":0,"enemies":"Giant Head","floor":48,"turns":1},{"damage":0,"enemies":"hubris:GrandSnecko","floor":50,"turns":1}],"seed_played":"9143104793891415474","potions_obtained":[{"floor":7,"key":"SkillPotion"},{"floor":8,"key":"EssenceOfSteel"},{"floor":12,"key":"SpeedPotion"},{"floor":30,"key":"SteroidPotion"},{"floor":33,"key":"Strength Potion"}],"is_trial":true,"path_per_floor":["M","$","?","?","M","E","E","E","T","E","R","E","R","E","R","B",null,"M","?","?","E","M","E","R","R","T","R","T","$","E","$","R","B",null,"M","$","?","?","E","R","R","E","T","R","R","E","$","E","R","B",null],"character_chosen":"THE_SILENT","items_purchased":["MerchantsRug","hubris:64BitClover"],"campfire_rested":0,"item_purchase_floors":[29,29],"current_hp_per_floor":[70,70,75,75,75,71,71,59,59,59,59,50,50,50,50,69,75,75,75,75,61,61,61,61,61,61,61,61,61,63,63,63,79,79,81,81,83,83,85,85,85,87,87,87,87,89,89,91,91,91],"gold":67,"neow_bonus":"","is_daily":false,"chose_seed":false,"campfire_upgraded":12,"win_rate":0.0,"timestamp":1608356741,"path_taken":["M","$","?","?","?","E","E","E","T","E","R","E","R","E","R","BOSS","M","?","?","?","?","E","R","R","T","R","?","$","E","$","R","BOSS","M","$","?","?","?","R","R","E","T","R","R","E","$","?","R","BOSS"],"items_purchased_type":["Relic","Relic"],"build_version":"2020-12-13","purchased_purges":5,"victory":true,"max_hp_per_floor":[70,70,75,75,75,75,75,75,75,75,75,75,75,75,75,75,75,75,75,75,75,75,75,75,75,75,75,75,75,77,77,77,79,79,81,81,83,83,85,85,85,87,87,87,87,89,89,91,91,91],"card_choices":[{"not_picked":["Underhanded Strike","Outmaneuver"],"picked":"Footwork","floor":0},{"not_picked":["Bane","Endless Agony"],"picked":"hubris:SlightOfHand","floor":0},{"not_picked":["Sucker Punch","Bane"],"picked":"Deadly Poison","floor":0},{"not_picked":["hubris:TrickCloak","Dagger Spray"],"picked":"Deadly Poison","floor":0},{"not_picked":["Slice","Choke"],"picked":"Backflip","floor":0},{"not_picked":["Dagger Throw","Blade Dance"],"picked":"Acrobatics","floor":0},{"not_picked":["Predator","Slice"],"picked":"Prepared","floor":0},{"not_picked":["Sucker Punch","Dagger Spray"],"picked":"Slice","floor":0},{"not_picked":["Outmaneuver","Dagger Spray"],"picked":"hubris:SlightOfHand","floor":0},{"not_picked":["Deadly Poison","Flying Knee"],"picked":"Quick Slash","floor":0},{"not_picked":["Masterful Stab","Poisoned Stab"],"picked":"PiercingWail","floor":0},{"not_picked":["Crippling Poison","Flying Knee"],"picked":"Dagger Throw","floor":0},{"not_picked":["Deflect","Leg Sweep"],"picked":"Backflip","floor":0},{"not_picked":["Slice","Caltrops"],"picked":"PiercingWail","floor":0},{"not_picked":["Concentrate","Flechettes"],"picked":"Prepared","floor":0},{"not_picked":["Prepared","Setup","Underhanded Strike"],"picked":"SKIP","floor":1},{"not_picked":["Blade Dance","Acrobatics","Dodge and Roll"],"picked":"SKIP","floor":5},{"not_picked":["Phantasmal Killer","Wraith Form v2"],"picked":"Burst","floor":6},{"not_picked":["Glass Knife","A Thousand Cuts","Venomology"],"picked":"SKIP","floor":7},{"not_picked":["Phantasmal Killer","Tools of the Trade","Doppelganger"],"picked":"SKIP","floor":8},{"not_picked":["Phantasmal Killer","Venomology","Glass Knife"],"picked":"SKIP","floor":10},{"not_picked":["Malaise","Wraith Form v2","Tools of the Trade"],"picked":"SKIP","floor":12},{"not_picked":["Malaise","Unload","Glass Knife"],"picked":"SKIP","floor":14},{"not_picked":["PiercingWail","Catalyst","Masterful Stab"],"picked":"SKIP","floor":18},{"not_picked":["Glass Knife","Wraith Form v2","Die Die Die"],"picked":"SKIP","floor":21},{"not_picked":["hubris:Counter","Prepared","hubris:SlightOfHand+1"],"picked":"SKIP","floor":22},{"not_picked":["Grand Finale","Corpse Explosion","Envenom"],"picked":"SKIP","floor":23},{"not_picked":["Die Die Die","Malaise","Corpse Explosion"],"picked":"Singing Bowl","floor":30},{"not_picked":["After Image","Storm of Steel","A Thousand Cuts"],"picked":"Singing Bowl","floor":33},{"not_picked":["Riddle With Holes+1","Dodge and Roll","Backflip"],"picked":"Singing Bowl","floor":35},{"not_picked":["Trip","Transmutation","Good Instincts"],"picked":"Singing Bowl","floor":37},{"not_picked":["Grand Finale","Tools of the Trade","Die Die Die"],"picked":"Singing Bowl","floor":39},{"not_picked":["Glass Knife","Malaise","Unload"],"picked":"Singing Bowl","floor":42},{"not_picked":["Tools of the Trade","Malaise","Die Die Die","Doppelganger"],"picked":"Singing Bowl","floor":46},{"not_picked":["Envenom","Venomology","Wraith Form v2","Doppelganger"],"picked":"Singing Bowl","floor":48}],"player_experience":565812,"relics_obtained":[{"floor":6,"key":"Vajra"},{"floor":7,"key":"Ice Cream"},{"floor":8,"key":"PreservedInsect"},{"floor":10,"key":"Pantograph"},{"floor":12,"key":"Omamori"},{"floor":14,"key":"Matryoshka"},{"floor":21,"key":"Torii"},{"floor":23,"key":"FossilizedHelix"},{"floor":26,"key":"Meat on the Bone"},{"floor":26,"key":"Paper Crane"},{"floor":28,"key":"Singing Bowl"},{"floor":28,"key":"HornCleat"},{"floor":30,"key":"Regal Pillow"},{"floor":39,"key":"Blood Vial"},{"floor":42,"key":"hubris:TinFlute"},{"floor":43,"key":"Question Card"},{"floor":46,"key":"Gambling Chip"},{"floor":48,"key":"Smiling Mask"}],"event_choices":[{"damage_healed":0,"gold_gain":0,"player_choice":"Donut","damage_taken":0,"max_hp_gain":5,"max_hp_loss":0,"event_name":"Big Fish","floor":3,"gold_loss":0},{"cards_removed":["hubris:SlightOfHand"],"damage_healed":5,"gold_gain":0,"player_choice":"Offered Common","damage_taken":0,"max_hp_gain":0,"max_hp_loss":0,"event_name":"Bonfire Elementals","floor":4,"gold_loss":0},{"cards_removed":["hubris:SlightOfHand"],"damage_healed":5,"gold_gain":0,"player_choice":"Offered Special","damage_taken":0,"max_hp_gain":0,"max_hp_loss":0,"event_name":"Bonfire Elementals","floor":4,"gold_loss":0},{"damage_healed":0,"gold_gain":0,"player_choice":"Memory 1","damage_taken":0,"max_hp_gain":0,"max_hp_loss":0,"event_name":"SensoryStone","floor":37,"gold_loss":0},{"damage_healed":0,"gold_gain":0,"player_choice":"Upgraded","damage_taken":0,"max_hp_gain":0,"max_hp_loss":0,"event_name":"Upgrade Shrine","floor":38,"gold_loss":0,"cards_upgraded":["Searing Blow"]}],"is_beta":false,"boss_relics":[{"not_picked":["Astrolabe","WristBlade"],"picked":"Runic Dome"},{"not_picked":["Calling Bell","hubris:VirtuousBlindfold"],"picked":"SlaversCollar"}],"items_purged_floors":[2,29,31,36,47],"is_endless":false,"potions_floor_spawned":[7,8,12,23,30,33],"ascension_level":0}}