{"host":"zhypnm5xlgq8j242","time":1608416094,"event":{"mods":["AchievementEnabler","BaseMod","BetterRewards","Colored Powertips","Hermit","Keyboard Shortcuts","Minty Spire (QoL Compilation)","Quick Restart","Replay The Spire","Shop Mod","StSLib","The Cursed","The Hierophant","The Runesmith"],"gold_per_floor":[115,128,60,83,83,83,116,116,192,192,204,204,217,248,248,347,347,357,45,45,45,45,45],"floor_reached":22,"playtime":1739,"items_purged":[],"score":259,"play_id":"8bf3efc4-5533-4d3a-a8ea-afafdd900458","local_time":"20201220071454","is_ascension_mode":true,"campfire_choices":[{"floor":6,"key":"DIG"},{"floor":8,"key":"DIG"},{"floor":10,"key":"DIG"},{"floor":15,"key":"DIG"}],"circlet_count":0,"master_deck":["Strike_G","Strike_G","Strike_G","Strike_G","Defend_G","Defend_G","Defend_G","Defend_G","Defend_G","Survivor","Neutralize","Dagger Throw","Terror","Footwork","ReplayTheSpireMod:Speed Training+1","Dagger Throw","Well Laid Plans","Flying Knee","All Out Attack","Burst","Footwork","Acrobatics+1"],"relics":["Ring of the Snake","Shovel","PreservedInsect","Dream Catcher","Replay:Towering Pillar of Hats","Vajra","Darkstone Periapt","Replay:Bottled Eggs","Dead Branch","Replay:Arrowhead","Black Star","Toxic Egg 2"],"acts_visited":["Exordium","TheCity"],"potions_floor_usage":[7,13,16,16,16,18,20],"damage_taken":[{"damage":0,"enemies":"Cultist","floor":1,"turns":4},{"damage":0,"enemies":"Small Slimes","floor":2,"turns":3},{"damage":13,"enemies":"3 Sentries","floor":7,"turns":13},{"damage":2,"enemies":"2 Louse","floor":11,"turns":3},{"damage":10,"enemies":"Lots of Slimes","floor":13,"turns":6},{"damage":8,"enemies":"Lagavulin","floor":14,"turns":5},{"damage":16,"enemies":"Slime Boss","floor":16,"turns":9},{"damage":32,"enemies":"Spheric Guardian","floor":18,"turns":8},{"damage":10,"enemies":"Chosen","floor":20,"turns":8},{"damage":3,"enemies":"Centurion and Healer","floor":22,"turns":2}],"seed_played":"859873918096577130","potions_obtained":[{"floor":2,"key":"Block Potion"},{"floor":7,"key":"SkillPotion"},{"floor":12,"key":"DuplicationPotion"},{"floor":12,"key":"EntropicBrew"},{"floor":12,"key":"GhostInAJar"}],"is_trial":false,"path_per_floor":["M","M","$","T","?","R","E","R","T","R","M","?","M","E","R","B",null,"M","$","M","$","M"],"character_chosen":"THE_SILENT","items_purchased":["Footwork","Toxic Egg 2","Acrobatics+1"],"campfire_rested":0,"item_purchase_floors":[3,19,19],"current_hp_per_floor":[63,63,63,63,63,63,50,50,50,50,48,48,38,30,30,14,51,19,19,9,9,6,6],"gold":45,"neow_bonus":"ONE_RARE_RELIC","is_daily":false,"chose_seed":false,"campfire_upgraded":0,"win_rate":0.0,"timestamp":1608416094,"path_taken":["M","M","$","?","?","R","E","R","T","R","?","?","?","E","R","BOSS","M","?","M","$","M"],"items_purchased_type":["Card","Relic","Card"],"build_version":"2020-12-13","purchased_purges":0,"victory":false,"max_hp_per_floor":[63,63,63,63,63,63,63,63,63,63,63,63,63,63,63,63,63,63,63,63,63,63,63],"card_choices":[{"not_picked":["Slice","Hidden Blade"],"picked":"Dagger Throw","floor":1},{"not_picked":["Hidden Blade","Dagger Throw"],"picked":"Terror","floor":2},{"not_picked":["Deflect","Bouncing Flask"],"picked":"Dagger Throw","floor":7},{"not_picked":["Bouncing Flask","Sucker Punch"],"picked":"Well Laid Plans","floor":11},{"not_picked":["Deadly Poison","Unload"],"picked":"Flying Knee","floor":13},{"not_picked":["Deflect","Bouncing Flask"],"picked":"All Out Attack","floor":14},{"not_picked":["Night Terror","Unload"],"picked":"Burst","floor":16},{"not_picked":["Dagger Throw","Finisher"],"picked":"Footwork","floor":18}],"player_experience":558746,"relics_obtained":[{"floor":4,"key":"PreservedInsect"},{"floor":6,"key":"Dream Catcher"},{"floor":7,"key":"Replay:Towering Pillar of Hats"},{"floor":8,"key":"Vajra"},{"floor":9,"key":"Darkstone Periapt"},{"floor":10,"key":"Replay:Bottled Eggs"},{"floor":14,"key":"Dead Branch"},{"floor":15,"key":"Replay:Arrowhead"}],"event_choices":[{"damage_healed":0,"gold_gain":0,"cards_transformed":["Strike_G"],"player_choice":"Transformed","damage_taken":0,"max_hp_gain":0,"max_hp_loss":0,"event_name":"Transmorgrifier","floor":5,"gold_loss":0,"cards_obtained":["ReplayTheSpireMod:Speed Training"]},{"damage_healed":0,"gold_gain":0,"player_choice":"Got Potions","damage_taken":0,"max_hp_gain":0,"max_hp_loss":0,"event_name":"Lab","floor":12,"gold_loss":0}],"is_beta":false,"boss_relics":[{"not_picked":["Ring of the Serpent","Pandora\u0027s Box"],"picked":"Black Star"}],"items_purged_floors":[],"is_endless":false,"potions_floor_spawned":[2,7],"killed_by":"Centurion and Healer","ascension_level":7}}