{"host":"qwv9nni2x0umspiu","time":1608404302,"event":{"mods":["BaseMod","Downfall","Minty Spire (QoL Compilation)","Replay The Spire","StSLib","The Hierophant","Wandering Minibosses"],"gold_per_floor":[111,163,60,60,76,102,2,22,48,61,61,61,61,61,73,85,85,146,146,161,161,36,51,51,51,83,83,83,100,100,100,113,141,141,217,267,283,133,133,480,498,527,527,545,545,557,567,593,90,90,90,90,60,60,60,60,98,98,98],"floor_reached":58,"playtime":2300,"items_purged":["hierophant:Strike_Hierophant","hierophant:Strike_Hierophant","hierophant:Defend_Hierophant","hierophant:Strike_Hierophant+1","hierophant:Defend_Hierophant+1"],"score":1817,"play_id":"4ed27e24-7ffb-4853-8787-12faefff094c","local_time":"20201219105822","is_ascension_mode":true,"campfire_choices":[{"data":"hierophant:Upheaval","floor":12.0,"key":"SMITH"},{"data":"hierophant:ChurchCoffers","floor":17.0,"key":"SMITH"},{"data":"hierophant:Exaltation","floor":25.0,"key":"SMITH"},{"data":"hierophant:HammerAndAnvil","floor":27.0,"key":"SMITH"},{"data":"hierophant:HammerAndAnvil","floor":31.0,"key":"SMITH"},{"data":"hierophant:Zeal","floor":34.0,"key":"SMITH"},{"data":"Secret Weapon","floor":43.0,"key":"SMITH"},{"floor":51.0,"key":"RECALL"},{"data":"hierophant:Shelter","floor":55,"key":"SMITH"}],"circlet_count":0,"master_deck":["AscendersBane","hierophant:Defend_Hierophant","hierophant:ChurchCoffers+1","hierophant:Upheaval+1","hierophant:HammerAndAnvil+1","hierophant:Zeal+1","hierophant:HammerAndAnvil+1","hierophant:Shelter+1","hierophant:Exaltation+1","hierophant:DivineIntervention+1","hierophant:Smite+1","Secret Weapon+1","hierophant:Shelter+1","hierophant:OrnateBuckler"],"relics":["hierophant:PropheticMaskRelic","NeowsBlessing","Replay:Accelerometer","Anchor","Thread and Needle","Replay:Bottled Snecko","Replay:Grab Bag","ReplayTheSpireMod:DimensionalGlitch","Replay:Bronze Core","Black Star","SacredBark","Lizard Tail","Blood Vial","Replay:Bottled Eggs","War Paint","Gremlin Horn","Tiny House","Old Coin","Replay:Bottled Steam","Replay:PocketPolymizer","Mirror","Sundial","Snack Pack","HandDrill","Simple Rune","Bird Faced Urn","Whetstone"],"acts_visited":["Exordium","TheCity","TheBeyond","TheEnding"],"potions_floor_usage":[58],"damage_taken":[{"damage":0.0,"enemies":"2 Louse","floor":1.0,"turns":1.0},{"damage":0.0,"enemies":"Small Slimes","floor":5.0,"turns":1.0},{"damage":0.0,"enemies":"Lagavulin","floor":6.0,"turns":1.0},{"damage":0.0,"enemies":"Cultist","floor":8.0,"turns":2.0},{"damage":10.0,"enemies":"3 Sentries","floor":10.0,"turns":5.0},{"damage":0.0,"enemies":"Looter","floor":15.0,"turns":2.0},{"damage":4.0,"enemies":"Gremlin Nob","floor":16.0,"turns":3.0},{"damage":23.0,"enemies":"The Guardian","floor":18.0,"turns":6.0},{"damage":14.0,"enemies":"Chosen","floor":20.0,"turns":4.0},{"damage":0.0,"enemies":"Shell Parasite","floor":23.0,"turns":1.0},{"damage":0.0,"enemies":"Book of Stabbing","floor":26.0,"turns":2.0},{"damage":0.0,"enemies":"Chosen and Byrds","floor":29.0,"turns":2.0},{"damage":0.0,"enemies":"Snake Plant","floor":32.0,"turns":2.0},{"damage":6.0,"enemies":"Slavers","floor":33.0,"turns":2.0},{"damage":0.0,"enemies":"Automaton","floor":35.0,"turns":3.0},{"damage":1.0,"enemies":"3 Shapes","floor":37.0,"turns":2.0},{"damage":3.0,"enemies":"2 Orb Walkers","floor":40.0,"turns":3.0},{"damage":0.0,"enemies":"3 Darklings","floor":41.0,"turns":2.0},{"damage":29.0,"enemies":"Nemesis","floor":42.0,"turns":3.0},{"damage":0.0,"enemies":"Spire Growth","floor":44.0,"turns":1.0},{"damage":26.0,"enemies":"Transient","floor":46.0,"turns":6.0},{"damage":13.0,"enemies":"Sphere and 2 Shapes","floor":47.0,"turns":2.0},{"damage":0.0,"enemies":"Reptomancer","floor":48.0,"turns":2.0},{"damage":3.0,"enemies":"Replay:Hell Engine","floor":52.0,"turns":3.0},{"damage":10.0,"enemies":"Time Eater","floor":53.0,"turns":4.0},{"damage":0,"enemies":"Shield and Spear","floor":57,"turns":2},{"damage":38,"enemies":"The Heart","floor":58,"turns":3}],"seed_played":"7075436786837429558","potions_obtained":[{"floor":1.0,"key":"sneckomod:MuddlingPotion"},{"floor":2.0,"key":"FearPotion"},{"floor":8.0,"key":"SteroidPotion"},{"floor":15.0,"key":"FearPotion"},{"floor":16.0,"key":"Strength Potion"},{"floor":18.0,"key":"CultistPotion"},{"floor":20.0,"key":"SkillPotion"},{"floor":33.0,"key":"SkillPotion"},{"floor":35.0,"key":"hexamod:EctoCoolerPotion"},{"floor":46.0,"key":"Fire Potion"}],"is_trial":false,"path_per_floor":["M","?","$","?","M","E","$","M","T","E","?","R","PTL","PTL","M","E","R","B",null,"M","?","$","M","$","R","E","R","T","M","?","R","M","E","R","B",null,"M","$","?","?","M","E","R","M","T","M","M","E","$","?","R","B","B",null,"R","$","E","B"],"character_chosen":"HIEROPHANT","items_purchased":["hierophant:Zeal","HandDrill","Simple Rune"],"campfire_rested":0,"item_purchase_floors":[3,49,49],"current_hp_per_floor":[68,44,44,44,44,44,44,44,44,34,34,34,34,34,34,30,30,7,58,44,44,44,44,44,44,44,44,44,45,45,45,46,41,41,42,72,72,72,72,70,71,43,43,44,44,19,7,8,8,8,8,7,20,65,65,65,66,29,29],"gold":98,"neow_bonus":"THREE_ENEMY_KILL","is_daily":false,"chose_seed":false,"campfire_upgraded":8,"win_rate":0.0,"timestamp":1608404302,"path_taken":["M","?","$","?","?","E","$","M","T","E","?","R","PTL","PTL","M","E","R","BOSS","M","?","$","M","$","R","E","R","T","M","?","R","M","E","R","BOSS","M","$","?","?","M","E","R","M","T","M","M","E","$","?","R","BOSS","BOSS","R","$","E","BOSS"],"items_purchased_type":["Card","Relic","Relic"],"build_version":"2020-12-13","purchased_purges":5,"victory":false,"max_hp_per_floor":[75,75,75,75,75,75,75,75,75,75,75,75,75,75,75,75,75,75,75,75,75,75,75,75,75,75,75,75,75,75,75,75,75,75,75,80,80,80,80,80,80,80,80,80,80,80,80,80,80,80,80,80,80,80,80,80,80,80,80],"card_choices":[{"not_picked":["hierophant:Patience","hierophant:MorningPrayer"],"picked":"hierophant:Upheaval","floor":1.0},{"not_picked":["hierophant:Repentance","hierophant:Sermon"],"picked":"hierophant:HammerAndAnvil","floor":2.0},{"not_picked":["hierophant:Empathy","hierophant:RustyCrate","hierophant:Martyrdom"],"picked":"SKIP","floor":5.0},{"not_picked":["hierophant:Flagellation","hierophant:DisplayOfPower"],"picked":"hierophant:HammerAndAnvil","floor":6.0},{"not_picked":["hierophant:Chorus","hierophant:RepressedViolence"],"picked":"hierophant:Shelter","floor":8.0},{"not_picked":["hierophant:Sermon","hierophant:Purify","hierophant:FlamingChariot"],"picked":"SKIP","floor":10.0},{"not_picked":["hierophant:Sermon","hierophant:RepressedViolence","hierophant:OrnateBuckler"],"picked":"SKIP","floor":15.0},{"not_picked":["hierophant:RustyCrate","hierophant:TollTheBells"],"picked":"hierophant:Exaltation","floor":16.0},{"not_picked":["hierophant:AuricForm","hierophant:Levitation"],"picked":"hierophant:DivineIntervention","floor":18.0},{"not_picked":["hierophant:FaithHealing","hierophant:Shelter"],"picked":"hierophant:Smite","floor":20.0},{"not_picked":["hierophant:FlamingChariot","hierophant:Repentance","hierophant:AuricShield"],"picked":"SKIP","floor":23.0},{"not_picked":["hierophant:AuricForm","hierophant:Zeal+1","hierophant:Exaltation"],"picked":"SKIP","floor":26.0},{"not_picked":["hierophant:RustyCrate+1","hierophant:Remorse+1","hierophant:ThreeLashes"],"picked":"SKIP","floor":29.0},{"not_picked":["hierophant:Sermon","hierophant:Zeal+1","hierophant:RepressedViolence"],"picked":"SKIP","floor":32.0},{"not_picked":["hierophant:AuricBeam","hierophant:MorningPrayer","hierophant:Kindle"],"picked":"SKIP","floor":33.0},{"not_picked":["hierophant:TollTheBells","hierophant:FlamingChariot","hierophant:RustyCrate"],"picked":"SKIP","floor":37.0},{"not_picked":["Jack Of All Trades","Replay:SS_hec_2"],"picked":"Secret Weapon","floor":39.0},{"not_picked":["hierophant:Smite","hierophant:Doubloon","hierophant:MorningPrayer"],"picked":"SKIP","floor":41.0},{"not_picked":["hierophant:Invocation","hierophant:OrnateBuckler+1","hierophant:Refuge"],"picked":"SKIP","floor":42.0},{"not_picked":["hierophant:PassingBell","hierophant:PristineSoul","hierophant:OrnateJavelin"],"picked":"SKIP","floor":44.0},{"not_picked":["hierophant:RecallFunds","hierophant:Doubloon","hierophant:DisplayOfPower"],"picked":"SKIP","floor":46.0},{"not_picked":["hierophant:Remorse","hierophant:OrnateBuckler","hierophant:Zeal+1"],"picked":"SKIP","floor":47.0},{"not_picked":["hierophant:Bribe+1","hierophant:SealAway","hierophant:PristineSoul"],"picked":"SKIP","floor":48.0},{"not_picked":["hierophant:Kindle","hierophant:TollTheBells","hierophant:RepressedViolence"],"picked":"SKIP","floor":57}],"player_experience":1274947,"relics_obtained":[{"floor":2.0,"key":"Replay:Accelerometer"},{"floor":6.0,"key":"Anchor"},{"floor":10.0,"key":"Thread and Needle"},{"floor":16.0,"key":"Replay:Bottled Snecko"},{"floor":26.0,"key":"Lizard Tail"},{"floor":26.0,"key":"Blood Vial"},{"floor":28.0,"key":"Replay:Bottled Eggs"},{"floor":33.0,"key":"War Paint"},{"floor":33.0,"key":"Gremlin Horn"},{"floor":40.0,"key":"Old Coin"},{"floor":42.0,"key":"Replay:Bottled Steam"},{"floor":42.0,"key":"Replay:PocketPolymizer"},{"floor":45.0,"key":"Mirror"},{"floor":48.0,"key":"Sundial"},{"floor":48.0,"key":"Snack Pack"},{"floor":57,"key":"Bird Faced Urn"},{"floor":57,"key":"Whetstone"}],"event_choices":[{"damage_healed":0.0,"max_hp_gain":0.0,"max_hp_loss":0.0,"gold_gain":0.0,"event_name":"FaceTrader","player_choice":"Leave","floor":4.0,"gold_loss":0.0,"damage_taken":0.0},{"damage_healed":0.0,"max_hp_gain":0.0,"max_hp_loss":0.0,"gold_gain":0.0,"event_name":"Ghosts","player_choice":"Ignored","floor":30.0,"gold_loss":0.0,"damage_taken":0.0},{"damage_healed":0.0,"max_hp_gain":0.0,"max_hp_loss":0.0,"gold_gain":0.0,"event_name":"SensoryStone","player_choice":"Memory 1","floor":39.0,"gold_loss":0.0,"damage_taken":0.0},{"damage_healed":0.0,"max_hp_gain":0.0,"max_hp_loss":0.0,"gold_gain":0.0,"event_name":"Mysterious Sphere","player_choice":"Fight","floor":40.0,"gold_loss":0.0,"damage_taken":0.0},{"damage_healed":0.0,"max_hp_gain":0.0,"max_hp_loss":0.0,"gold_gain":0.0,"event_name":"Tomb of Lord Red Mask","player_choice":"Ignored","floor":50.0,"gold_loss":0.0,"damage_taken":0.0}],"is_beta":false,"boss_relics":[{"not_picked":["Replay:Wanted Poster","Runic Dome"],"picked":"Replay:Grab Bag"},{"not_picked":["Fusion Hammer","Sozu"],"picked":"ReplayTheSpireMod:DimensionalGlitch"},{"not_picked":["Painkiller Herb","Velvet Choker"],"picked":"Replay:Bronze Core"},{"not_picked":["SlaversCollar","Ring of Chaos"],"picked":"Black Star"},{"not_picked":["Calling Bell","Runic Pyramid"],"picked":"SacredBark"},{"not_picked":["ChewingGum","Abe\u0027s Treasure"],"picked":"Tiny House"}],"items_purged_floors":[3,7,22,38,49],"is_endless":false,"potions_floor_spawned":[1,8,15,16,18,20,33,35,37,46,47],"killed_by":"The Heart","ascension_level":20}}