{"host":"krw8blyxua7at9ak","time":1608422378,"event":{"mods":["BaseMod","Highlight Path","Minty Spire (QoL Compilation)","ojb\u0027s Info Mod"],"gold_per_floor":[109,122,122,122,139,155,188,199,199,209,243,243,243,318,318,318,318],"floor_reached":16,"playtime":757,"items_purged":[],"score":224,"play_id":"509b10ff-bb89-4721-96a1-911a4a5677c6","local_time":"20201220005938","is_ascension_mode":true,"campfire_choices":[{"floor":12,"key":"REST"},{"data":"Glass Knife","floor":15,"key":"SMITH"}],"circlet_count":0,"master_deck":["AscendersBane","Strike_G","Strike_G","Strike_G","Strike_G","Strike_G","Defend_G","Defend_G","Defend_G","Defend_G","Defend_G","Survivor","Neutralize","PiercingWail","Predator","All Out Attack","Dash","Glass Knife+1","Catalyst+1","Backstab","PiercingWail+1","Regret"],"relics":["Ring of the Snake","Frozen Egg 2","Toxic Egg 2","HornCleat","Blood Vial","FossilizedHelix"],"acts_visited":["Exordium"],"potions_floor_usage":[7,11,11,11,16],"damage_taken":[{"damage":1,"enemies":"2 Louse","floor":1,"turns":3},{"damage":3,"enemies":"Small Slimes","floor":2,"turns":5},{"damage":0,"enemies":"Cultist","floor":5,"turns":4},{"damage":1,"enemies":"Exordium Wildlife","floor":6,"turns":3},{"damage":4,"enemies":"3 Sentries","floor":7,"turns":9},{"damage":2,"enemies":"2 Fungi Beasts","floor":8,"turns":2},{"damage":0,"enemies":"Red Slaver","floor":10,"turns":5},{"damage":42,"enemies":"Lagavulin","floor":11,"turns":9},{"damage":19,"enemies":"Hexaghost","floor":16,"turns":12}],"seed_played":"-4406758129587695401","potions_obtained":[{"floor":4,"key":"Fire Potion"},{"floor":4,"key":"Explosive Potion"},{"floor":6,"key":"EntropicBrew"},{"floor":8,"key":"Swift Potion"}],"is_trial":false,"path_per_floor":["M","M","?","?","M","M","E","M","T","M","E","R","?","?","R","B"],"character_chosen":"THE_SILENT","items_purchased":[],"campfire_rested":1,"item_purchase_floors":[],"current_hp_per_floor":[64,61,56,56,56,55,51,49,49,49,7,28,28,17,17,0,0],"gold":318,"neow_bonus":"TEN_PERCENT_HP_BONUS","is_daily":false,"chose_seed":false,"campfire_upgraded":1,"win_rate":0.0,"timestamp":1608422378,"path_taken":["M","M","?","?","M","M","E","?","T","M","E","R","?","?","R","BOSS"],"items_purchased_type":[],"build_version":"2020-12-13","purchased_purges":0,"victory":false,"max_hp_per_floor":[72,72,72,72,72,72,72,72,72,72,72,72,72,72,72,72,72],"card_choices":[{"not_picked":["Caltrops","Calculated Gamble"],"picked":"PiercingWail","floor":1},{"not_picked":["Quick Slash","PiercingWail"],"picked":"Predator","floor":2},{"not_picked":["Reflex","Deflect"],"picked":"All Out Attack","floor":5},{"not_picked":["Expertise","Storm of Steel"],"picked":"Dash","floor":6},{"not_picked":["Acrobatics+1","Reflex+1"],"picked":"Glass Knife","floor":7},{"not_picked":["Deflect+1","Dagger Throw"],"picked":"Catalyst+1","floor":8},{"not_picked":["Bane","Poisoned Stab"],"picked":"Backstab","floor":10},{"not_picked":["Dash","Quick Slash"],"picked":"PiercingWail+1","floor":11}],"player_experience":341242,"relics_obtained":[{"floor":7,"key":"Toxic Egg 2"},{"floor":9,"key":"HornCleat"},{"floor":11,"key":"Blood Vial"}],"event_choices":[{"damage_healed":0,"gold_gain":0,"player_choice":"Success","damage_taken":5,"relics_obtained":["Frozen Egg 2"],"max_hp_gain":0,"max_hp_loss":0,"event_name":"Scrap Ooze","floor":3,"gold_loss":0},{"damage_healed":0,"gold_gain":0,"player_choice":"Got Potions","damage_taken":0,"max_hp_gain":0,"max_hp_loss":0,"event_name":"Lab","floor":4,"gold_loss":0},{"damage_healed":0,"gold_gain":0,"player_choice":"Box","damage_taken":0,"relics_obtained":["FossilizedHelix"],"max_hp_gain":0,"max_hp_loss":0,"event_name":"Big Fish","floor":13,"gold_loss":0,"cards_obtained":["Regret"]},{"damage_healed":0,"gold_gain":75,"player_choice":"Gather Gold","damage_taken":11,"max_hp_gain":0,"max_hp_loss":0,"event_name":"World of Goop","floor":14,"gold_loss":0}],"is_beta":false,"boss_relics":[],"items_purged_floors":[],"is_endless":false,"potions_floor_spawned":[5,6,8],"killed_by":"Hexaghost","ascension_level":20}}