{"host":"xyexbe31ku0ov20l","time":1608373348,"event":{"mods":["AchievementEnabler","AlwaysNeverKeys","BaseMod","Bestiary","Block Reminder","Colored Map","Colored Powertips","Curses Come First","Displayed Cursed Tome","Minty Spire (QoL Compilation)","Permanent Neow","Quick Restart","Random Character Button","Rare Cards Sparkle","Relic Stats","StSLib"],"gold_per_floor":[113,124,141,158,16,16,33,80,160,160,85,107,121,146,146,223,223,243,158,50,68,68,93,103,136,136,154,154,178,178,178,178],"floor_reached":31,"playtime":3726,"items_purged":[],"score":700,"play_id":"5558de7c-f5d0-40de-a7d5-f41434ad861f","local_time":"20201219022228","is_ascension_mode":true,"campfire_choices":[{"data":"Setup","floor":6,"key":"SMITH"},{"data":"Neutralize","floor":15,"key":"SMITH"},{"data":"Noxious Fumes","floor":28,"key":"SMITH"},{"floor":30,"key":"REST"}],"circlet_count":0,"master_deck":["AscendersBane","Strike_G","Strike_G","Strike_G","Defend_G","Defend_G","Defend_G","Defend_G","Defend_G","Survivor","Neutralize+1","The Bomb","Backflip","Setup+1","Masterful Stab","Cloak And Dagger","Noxious Fumes+1","Discovery","Backflip","Dagger Spray","Footwork+1","Tools of the Trade+1","Bandage Up","Ghostly","Ghostly","Ghostly"],"relics":["Ring of the Snake","Bag of Marbles","Frozen Egg 2","Odd Mushroom","Singing Bowl","Busted Crown","Akabeko","Oddly Smooth Stone","Pocketwatch","Sundial","Nunchaku"],"acts_visited":["Exordium","TheCity"],"potions_floor_usage":[12,14,23,23,24],"damage_taken":[{"damage":0,"enemies":"Cultist","floor":1,"turns":3},{"damage":6,"enemies":"2 Louse","floor":2,"turns":3},{"damage":2,"enemies":"Small Slimes","floor":3,"turns":3},{"damage":3,"enemies":"Looter","floor":4,"turns":3},{"damage":3,"enemies":"Blue Slaver","floor":7,"turns":4},{"damage":0,"enemies":"The Mushroom Lair","floor":12,"turns":3},{"damage":0,"enemies":"Red Slaver","floor":13,"turns":4},{"damage":0,"enemies":"Lagavulin","floor":14,"turns":5},{"damage":28,"enemies":"The Guardian","floor":16,"turns":12},{"damage":11,"enemies":"Shell Parasite","floor":18,"turns":7},{"damage":25,"enemies":"3 Byrds","floor":21,"turns":6},{"damage":0,"enemies":"Gremlin Leader","floor":23,"turns":7},{"damage":2,"enemies":"Snecko","floor":24,"turns":5},{"damage":0,"enemies":"Slavers","floor":25,"turns":4},{"damage":21,"enemies":"Cultist and Chosen","floor":27,"turns":6},{"damage":43,"enemies":"Gremlin Leader","floor":31,"turns":2}],"seed_played":"5682512034089246159","potions_obtained":[{"floor":2,"key":"BlessingOfTheForge"},{"floor":7,"key":"Explosive Potion"},{"floor":12,"key":"DistilledChaos"},{"floor":16,"key":"Energy Potion"},{"floor":23,"key":"Energy Potion"}],"is_trial":false,"path_per_floor":["M","M","M","M","$","R","M","T","T","?","?","?","M","E","R","B",null,"M","?","$","M","?","E","M","E","T","M","R","T","R","E"],"character_chosen":"THE_SILENT","items_purchased":["Noxious Fumes","Discovery","Bandage Up"],"campfire_rested":1,"item_purchase_floors":[5,5,20],"current_hp_per_floor":[59,53,51,48,48,48,45,45,45,45,45,45,45,47,47,19,51,42,42,42,23,23,29,33,39,39,24,24,24,36,0,0],"gold":178,"neow_bonus":"RANDOM_COLORLESS_2","is_daily":false,"chose_seed":false,"campfire_upgraded":3,"win_rate":0.0,"timestamp":1608373348,"path_taken":["M","M","M","M","$","R","M","?","T","?","?","?","M","E","R","BOSS","M","?","$","M","?","E","M","E","T","M","R","?","R","E"],"items_purchased_type":["Card","Card","Card"],"build_version":"2020-12-13","purchased_purges":0,"victory":false,"max_hp_per_floor":[60,60,60,60,60,60,60,60,60,60,60,60,60,62,62,62,62,64,64,64,66,33,35,37,39,39,41,41,41,41,41,41],"relic_stats":{"Nunchaku":[0],"Busted Crown":12,"Singing Bowl":14,"counters":[16,77],"Sundial":[0],"obtain_stats":[{"Nunchaku":29,"Busted Crown":17,"Singing Bowl":14,"Sundial":26,"Oddly Smooth Stone":23,"Bag of Marbles":8,"Frozen Egg 2":9,"Odd Mushroom":12,"Akabeko":19,"Ring of the Snake":0,"Pocketwatch":25},{"Nunchaku":15,"Busted Crown":9,"Singing Bowl":8,"Sundial":14,"Oddly Smooth Stone":12,"Bag of Marbles":5,"Frozen Egg 2":5,"Odd Mushroom":6,"Akabeko":10,"Ring of the Snake":0,"Pocketwatch":14},{"Nunchaku":75,"Busted Crown":40,"Singing Bowl":28,"Sundial":69,"Oddly Smooth Stone":60,"Bag of Marbles":16,"Frozen Egg 2":16,"Odd Mushroom":19,"Akabeko":47,"Ring of the Snake":0,"Pocketwatch":69}],"Ring of the Snake":[32],"Pocketwatch":[3]},"card_choices":[{"not_picked":["Violence","Magnetism"],"picked":"The Bomb","floor":0},{"not_picked":["Deflect","Dodge and Roll"],"picked":"Backflip","floor":1},{"not_picked":["Slice","Skewer"],"picked":"Setup","floor":2},{"not_picked":["Backstab","Underhanded Strike"],"picked":"Masterful Stab","floor":3},{"not_picked":["Reflex","Deflect"],"picked":"Cloak And Dagger","floor":4},{"not_picked":["Deflect","Prepared"],"picked":"Backflip","floor":7},{"not_picked":["Prepared","Slice"],"picked":"Dagger Spray","floor":12},{"not_picked":["Malaise","Terror"],"picked":"Footwork+1","floor":13},{"not_picked":["Catalyst","Bane","Dagger Throw"],"picked":"Singing Bowl","floor":14},{"not_picked":["Burst","Die Die Die"],"picked":"Tools of the Trade+1","floor":16},{"not_picked":["Sucker Punch+1"],"picked":"Singing Bowl","floor":18},{"not_picked":["Riddle With Holes"],"picked":"Singing Bowl","floor":21},{"not_picked":["Prepared+1"],"picked":"Singing Bowl","floor":23},{"not_picked":["Acrobatics"],"picked":"Singing Bowl","floor":24},{"not_picked":["Deflect"],"picked":"Singing Bowl","floor":25},{"not_picked":["Dodge and Roll+1"],"picked":"Singing Bowl","floor":27}],"player_experience":2217142,"relics_obtained":[{"floor":8,"key":"Bag of Marbles"},{"floor":9,"key":"Frozen Egg 2"},{"floor":12,"key":"Odd Mushroom"},{"floor":14,"key":"Singing Bowl"},{"floor":23,"key":"Oddly Smooth Stone"},{"floor":25,"key":"Pocketwatch"},{"floor":26,"key":"Sundial"},{"floor":29,"key":"Nunchaku"}],"event_choices":[{"cards_removed":["Strike_G"],"damage_healed":0,"gold_gain":0,"player_choice":"Forget","damage_taken":0,"max_hp_gain":0,"max_hp_loss":0,"event_name":"Living Wall","floor":10,"gold_loss":0},{"cards_removed":["Strike_G"],"damage_healed":0,"gold_gain":0,"player_choice":"Card Removal","damage_taken":0,"max_hp_gain":0,"max_hp_loss":0,"event_name":"The Cleric","floor":11,"gold_loss":75},{"damage_healed":0,"gold_gain":0,"player_choice":"Fought Mushrooms","damage_taken":0,"max_hp_gain":0,"max_hp_loss":0,"event_name":"Mushrooms","floor":12,"gold_loss":0},{"damage_healed":0,"gold_gain":0,"player_choice":"Obtained Relic","damage_taken":0,"relics_obtained":["Akabeko"],"max_hp_gain":0,"max_hp_loss":0,"event_name":"Addict","floor":19,"gold_loss":85},{"damage_healed":0,"gold_gain":0,"player_choice":"Became a Ghost","damage_taken":0,"max_hp_gain":0,"max_hp_loss":33,"event_name":"Ghosts","floor":22,"gold_loss":0,"cards_obtained":["Ghostly","Ghostly","Ghostly"]}],"is_beta":false,"boss_relics":[{"not_picked":["Velvet Choker","SacredBark"],"picked":"Busted Crown"}],"items_purged_floors":[],"is_endless":false,"potions_floor_spawned":[2,7,12,16,23],"killed_by":"Gremlin Leader","ascension_level":20}}