{"host":"zr590xw2unlz0wv7","time":1608362323,"event":{"mods":["BaseMod","Minty Spire (QoL Compilation)","READ ME - Guardian Mod","StSLib"],"gold_per_floor":[109,109,69,69,84,84,100,100,145,179,179,194,194,208,208,304,304,319,329,329,329,339,339,368,368,368,246,266,276,276,296,296,393,393,409,409,51,51,51],"floor_reached":38,"playtime":2000,"items_purged":[],"score":524,"play_id":"491f7190-c205-4b06-9d0b-307d93199c54","local_time":"20201219151843","is_ascension_mode":true,"campfire_choices":[{"floor":6.0,"key":"RECALL"},{"data":"Scrawl","floor":8.0,"key":"SMITH"},{"data":"ConjureBlade","floor":11.0,"key":"SMITH"},{"data":"Eruption","floor":15.0,"key":"SMITH"},{"floor":23.0,"key":"REST"},{"floor":25.0,"key":"REST"},{"data":"Wish","floor":30.0,"key":"SMITH"},{"floor":32.0,"key":"REST"}],"circlet_count":0,"master_deck":["Strike_P","Strike_P","Strike_P","Strike_P","Defend_P","Defend_P","Defend_P","Eruption+1","Vigilance","Scrawl+1","EmptyBody","MentalFortress","FearNoEvil","SandsOfTime","Pray","ConjureBlade+1","FlurryOfBlows","DeusExMachina","Consecrate+1","Crescendo","Necronomicurse","Wish","WindmillStrike","InnerPeace+1","Wish+1","SashWhip","Vault","MentalFortress+1","Devotion","Dramatic Entrance","FlurryOfBlows","Master of Strategy"],"relics":["HolyWater","PreservedInsect","Gremlin Horn","Sozu","Necronomicon","The Courier","Eternal Feather","Strange Spoon","StrikeDummy"],"acts_visited":["Exordium","TheCity","TheBeyond"],"potions_floor_usage":[],"damage_taken":[{"damage":0.0,"enemies":"2 Louse","floor":1.0,"turns":2.0},{"damage":0.0,"enemies":"Cultist","floor":5.0,"turns":3.0},{"damage":0.0,"enemies":"Small Slimes","floor":7.0,"turns":3.0},{"damage":26.0,"enemies":"3 Sentries","floor":10.0,"turns":4.0},{"damage":0.0,"enemies":"Exordium Thugs","floor":12.0,"turns":3.0},{"damage":2.0,"enemies":"2 Fungi Beasts","floor":14.0,"turns":2.0},{"damage":25.0,"enemies":"The Guardian","floor":16.0,"turns":8.0},{"damage":14.0,"enemies":"Chosen","floor":18.0,"turns":4.0},{"damage":18.0,"enemies":"3 Byrds","floor":19.0,"turns":4.0},{"damage":6.0,"enemies":"Sentry and Sphere","floor":22.0,"turns":4.0},{"damage":0.0,"enemies":"Gremlin Leader","floor":24.0,"turns":2.0},{"damage":15.0,"enemies":"Snecko","floor":28.0,"turns":3.0},{"damage":1.0,"enemies":"Chosen and Byrds","floor":29.0,"turns":4.0},{"damage":28.0,"enemies":"Cultist and Chosen","floor":31.0,"turns":5.0},{"damage":45.0,"enemies":"Automaton","floor":33.0,"turns":6.0},{"damage":55.0,"enemies":"3 Darklings","floor":35.0,"turns":5.0},{"damage":6,"enemies":"Orb Walker","floor":38,"turns":1}],"seed_played":"5682645348890830726","potions_obtained":[{"floor":5.0,"key":"LiquidBronze"},{"floor":7.0,"key":"Explosive Potion"},{"floor":14.0,"key":"Explosive Potion"},{"floor":16.0,"key":"SteroidPotion"}],"is_trial":false,"path_per_floor":["M","?","$","?","M","R","M","R","T","E","R","M","?","M","R","B",null,"M","M","?","?","M","R","E","R","T","$","M","M","R","M","R","B",null,"M","?","$","M"],"character_chosen":"WATCHER","items_purchased":["MentalFortress","Strange Spoon","StrikeDummy","Master of Strategy"],"campfire_rested":3,"item_purchase_floors":[3,27,37,37],"current_hp_per_floor":[72,72,72,72,72,72,72,72,72,46,46,46,46,44,44,19,59,45,27,11,11,5,26,26,47,47,47,32,31,46,18,54,9,56,1,1,1,0,0],"gold":51,"neow_bonus":"ONE_RANDOM_RARE_CARD","is_daily":false,"chose_seed":false,"campfire_upgraded":4,"win_rate":0.0,"timestamp":1608362323,"path_taken":["M","?","?","?","M","R","?","R","T","E","R","M","?","?","R","BOSS","M","M","?","?","M","R","E","R","T","$","M","M","R","?","R","BOSS","M","?","?","?"],"items_purchased_type":["Card","Relic","Relic","Card"],"build_version":"2020-12-13","purchased_purges":0,"victory":false,"max_hp_per_floor":[72,72,72,72,72,72,72,72,72,72,72,72,72,72,72,72,72,72,72,72,72,72,72,72,72,72,72,72,72,72,72,72,72,72,72,72,72,72,72],"card_choices":[{"not_picked":["FlyingSleeves","Nirvana"],"picked":"EmptyBody","floor":1.0},{"not_picked":["TalkToTheHand","Halt"],"picked":"SandsOfTime","floor":5.0},{"not_picked":["FollowUp","ThirdEye"],"picked":"Pray","floor":7.0},{"not_picked":["Evaluate","ClearTheMind"],"picked":"ConjureBlade","floor":10.0},{"not_picked":["BowlingBash","ForeignInfluence","CrushJoints"],"picked":"SKIP","floor":12.0},{"not_picked":["CrushJoints","Collect"],"picked":"FlurryOfBlows","floor":14.0},{"not_picked":["Omniscience","SpiritShield"],"picked":"DeusExMachina","floor":16.0},{"not_picked":["BowlingBash","Halt+1"],"picked":"Consecrate+1","floor":18.0},{"not_picked":["Evaluate","Worship"],"picked":"Crescendo","floor":19.0},{"not_picked":["EmptyMind","Evaluate"],"picked":"Wish","floor":22.0},{"not_picked":["Meditate","WreathOfFlame"],"picked":"WindmillStrike","floor":24.0},{"not_picked":["JustLucky","FlyingSleeves"],"picked":"InnerPeace+1","floor":28.0},{"not_picked":["Crescendo+1","EmptyBody"],"picked":"Wish","floor":29.0},{"not_picked":["CrushJoints","FollowUp+1"],"picked":"SashWhip","floor":31.0},{"not_picked":["Establishment","DevaForm"],"picked":"Vault","floor":33.0},{"not_picked":["SashWhip","ForeignInfluence+1"],"picked":"MentalFortress+1","floor":35.0}],"player_experience":499491,"relics_obtained":[{"floor":9.0,"key":"PreservedInsect"},{"floor":10.0,"key":"Gremlin Horn"},{"floor":20.0,"key":"Necronomicon"},{"floor":24.0,"key":"The Courier"},{"floor":26.0,"key":"Eternal Feather"}],"event_choices":[{"damage_healed":0.0,"max_hp_gain":0.0,"max_hp_loss":0.0,"gold_gain":0.0,"event_name":"The Woman in Blue","player_choice":"Bought 0 Potions","floor":2.0,"gold_loss":0.0,"damage_taken":0.0},{"damage_healed":0.0,"max_hp_gain":0.0,"max_hp_loss":0.0,"gold_gain":0.0,"cards_transformed":["Defend_P"],"event_name":"Transmorgrifier","player_choice":"Transformed","floor":4.0,"gold_loss":0.0,"damage_taken":0.0,"cards_obtained":["FearNoEvil"]},{"damage_healed":0.0,"max_hp_gain":0.0,"max_hp_loss":0.0,"gold_gain":0.0,"event_name":"Wheel of Change","player_choice":"Cursed","floor":13.0,"gold_loss":0.0,"damage_taken":0.0,"cards_obtained":["Decay"]},{"damage_healed":0.0,"max_hp_gain":0.0,"max_hp_loss":0.0,"gold_gain":0.0,"event_name":"Cursed Tome","player_choice":"Obtained Book","floor":20.0,"gold_loss":0.0,"damage_taken":16.0},{"cards_removed":["Decay"],"damage_healed":0.0,"max_hp_gain":0.0,"max_hp_loss":0.0,"gold_gain":0.0,"event_name":"Fountain of Cleansing","player_choice":"Removed Curses","floor":21.0,"gold_loss":0.0,"damage_taken":0.0},{"damage_healed":0,"gold_gain":0,"player_choice":"3 cards matched","damage_taken":0,"max_hp_gain":0,"max_hp_loss":0,"event_name":"Match and Keep!","floor":36,"gold_loss":0,"cards_obtained":["Devotion","Dramatic Entrance","FlurryOfBlows"]}],"is_beta":false,"boss_relics":[{"not_picked":["Pandora\u0027s Box","Tiny House"],"picked":"Sozu"},{"not_picked":["Runic Dome","Black Star"],"picked":"HolyWater"}],"items_purged_floors":[],"is_endless":false,"potions_floor_spawned":[5,7,14,16,22,29,33],"killed_by":"Orb Walker","ascension_level":5}}