{"host":"qvgsgspy0f4k38vs","time":1608370396,"event":{"mods":["BaseMod","Dio Mod","Downfall","GifTheSpireLib","Hermit","Hero for Fun","Kratos Character Expansion","Marisa????????","Minty Spire (QoL Compilation)","StSLib","The Animator","The Blackbeard","The Bug Knight","The Cursed","The Exalted","The Hierophant","The Necromancer","The Poker Player","The Runesmith","The Senshi","The Servant 0.9.4","The Wild Card","TheWitcher"],"gold_per_floor":[99,29,61,61,61,61,61,79,92,17,17,27,12,24,39,144,144,144,173,173,187,207,207,233,253,253,272,291,32,132,148,159,159,159],"floor_reached":33,"playtime":2637,"items_purged":[],"score":294,"play_id":"ee200ba5-f2dc-400b-b03b-663e5ed9d44c","local_time":"20201219203316","is_ascension_mode":false,"campfire_choices":[{"floor":1,"key":"RECALL"},{"data":"Zap","floor":5,"key":"SMITH"},{"data":"Redo","floor":10,"key":"SMITH"},{"data":"Hello World","floor":18,"key":"SMITH"},{"data":"theWildCard:PaleRider","floor":20,"key":"SMITH"},{"floor":26,"key":"REST"}],"circlet_count":0,"master_deck":["Strike_B","Strike_B","Strike_B","Strike_B","Defend_B","Defend_B","Defend_B","Defend_B","Zap+1","Dualcast","Redo+1","Melter","Sweeping Beam","Self Repair","Sweeping Beam","Chaos","theWildCard:PaleRider+1","Hologram","Chaos+1","Hello World+1","Cold Snap","Rainbow+1","Aggregate","Redo+1","Loop+1","Pain","Glacier","Static Discharge+1","Aggregate","Gash","Ball Lightning"],"relics":["Cracked Core","downfall:HeartsMalice","Pantograph","Bromod:ArcaneGuardian","downfall:HeartBlessingRed","Cursed Key","Mercury Hourglass","Strawberry","HollowMod:PaleOreRelic"],"acts_visited":["Exordium","TheCity"],"potions_floor_usage":[16,16,19,25,28,28,31,32,33,33,33],"damage_taken":[{"damage":0,"enemies":"downfall:FleeingMerchant","floor":2,"turns":1},{"damage":0,"enemies":"Gremlin Nob","floor":3,"turns":1},{"damage":0,"enemies":"downfall:FleeingMerchant","floor":4,"turns":1},{"damage":0,"enemies":"Cultist","floor":8,"turns":2},{"damage":4,"enemies":"2 Louse","floor":9,"turns":2},{"damage":1,"enemies":"Jaw Worm","floor":12,"turns":2},{"damage":5,"enemies":"downfall:FleeingMerchant","floor":13,"turns":4},{"damage":8,"enemies":"Exordium Wildlife","floor":14,"turns":3},{"damage":5,"enemies":"Looter","floor":15,"turns":2},{"damage":26,"enemies":"Slime Boss","floor":16,"turns":8},{"damage":21,"enemies":"HollowMod:Nosk","floor":19,"turns":6},{"damage":25,"enemies":"3 Byrds","floor":21,"turns":3},{"damage":8,"enemies":"Cultist and Chosen","floor":22,"turns":4},{"damage":19,"enemies":"Chosen and Byrds","floor":25,"turns":5},{"damage":13,"enemies":"3 Cultists","floor":27,"turns":3},{"damage":10,"enemies":"Sentry and Sphere","floor":28,"turns":3},{"damage":16,"enemies":"downfall:FleeingMerchant","floor":29,"turns":4},{"damage":13,"enemies":"Cultist and Chosen","floor":31,"turns":4},{"damage":8,"enemies":"Centurion and Healer","floor":32,"turns":5},{"damage":56,"enemies":"downfall:Ironclad","floor":33,"turns":4}],"seed_played":"-1847037806707161731","potions_obtained":[{"floor":9,"key":"ColorlessPotion"},{"floor":14,"key":"Dexterity Potion"},{"floor":16,"key":"PowerPotion"},{"floor":21,"key":"Dexterity Potion"},{"floor":25,"key":"BlessingOfTheForge"},{"floor":27,"key":"Regen Potion"},{"floor":32,"key":"FocusPotion"}],"is_trial":false,"path_per_floor":["R","$","E","$","R","?","T","M","M","R","?","M","$","M","M","B",null,"R","E","R","M","M","?","T","M","R","M","M","$","?","M","M","B"],"character_chosen":"DEFECT","items_purchased":["Melter","HollowMod:PaleOreRelic","EntropicBrew"],"campfire_rested":1,"item_purchase_floors":[2,29,29],"current_hp_per_floor":[75,75,75,75,75,75,75,75,71,71,71,70,72,71,73,56,75,75,61,61,43,35,27,34,15,39,26,35,26,26,20,19,0,0],"gold":159,"neow_bonus":"THREE_ENEMY_KILL","is_daily":false,"chose_seed":false,"campfire_upgraded":4,"win_rate":0.0,"timestamp":1608370396,"path_taken":["R","$","E","$","R","?","T","M","M","R","?","M","?","?","M","BOSS","R","E","R","M","M","?","T","M","R","M","?","$","?","M","M","BOSS"],"items_purchased_type":["Card","Relic","Potion"],"build_version":"2020-12-13","purchased_purges":0,"victory":false,"max_hp_per_floor":[75,75,75,75,75,75,75,75,75,75,75,75,75,75,75,75,75,75,75,75,75,75,75,82,82,82,82,82,82,82,82,82,82,82],"card_choices":[{"not_picked":["Skim","Steam"],"picked":"Redo","floor":2},{"not_picked":["Heatsinks","Go for the Eyes"],"picked":"Sweeping Beam","floor":3},{"not_picked":["Glacier","Hologram"],"picked":"Self Repair","floor":4},{"not_picked":["Consume","Gash"],"picked":"Sweeping Beam","floor":8},{"not_picked":["Fission","Streamline"],"picked":"Chaos","floor":9},{"not_picked":["Doom and Gloom","Stack"],"picked":"Hologram","floor":12},{"not_picked":["Blizzard","Steam"],"picked":"Chaos","floor":13},{"not_picked":["Gash","Cold Snap"],"picked":"Hello World","floor":14},{"not_picked":["Gash","Stack"],"picked":"Cold Snap","floor":15},{"not_picked":["Multi-Cast","Reboot"],"picked":"Rainbow","floor":16},{"not_picked":["Beam Cell","Fusion"],"picked":"Aggregate","floor":19},{"not_picked":["Gash","Leap"],"picked":"Redo+1","floor":21},{"not_picked":["Cold Snap+1","Machine Learning"],"picked":"Loop+1","floor":22},{"not_picked":["Steam","Coolheaded"],"picked":"Glacier","floor":25},{"not_picked":["Sweeping Beam","Gash"],"picked":"Static Discharge+1","floor":27},{"not_picked":["Go for the Eyes+1","Coolheaded+1"],"picked":"Aggregate","floor":28},{"not_picked":["Gash","Chaos","Barrage"],"picked":"SKIP","floor":29},{"not_picked":["Steam","Heatsinks"],"picked":"Gash","floor":31},{"not_picked":["Compile Driver","Double Energy"],"picked":"Ball Lightning","floor":32}],"player_experience":101077,"relics_obtained":[{"floor":3,"key":"Pantograph"},{"floor":7,"key":"Bromod:ArcaneGuardian"},{"floor":19,"key":"Mercury Hourglass"},{"floor":24,"key":"Strawberry"}],"event_choices":[{"damage_healed":0,"gold_gain":0,"player_choice":"Leave","damage_taken":0,"max_hp_gain":0,"max_hp_loss":0,"event_name":"The Cleric","floor":6,"gold_loss":0}],"is_beta":false,"boss_relics":[{"not_picked":["Velvet Choker","Runic Dome"],"picked":"Cursed Key"}],"items_purged_floors":[],"is_endless":false,"potions_floor_spawned":[9,14,16,21,25,27,32],"killed_by":"downfall:Ironclad","ascension_level":0}}