{"host":"1a32ffxog1zcqoh0","time":1608360464,"event":{"mods":["BaseMod","Block Reminder","Colored Map","Colored Powertips","Googly Eyes","Minty Spire (QoL Compilation)","Quick Restart","Rare Cards Sparkle","Relic Stats","StSLib","Unceasing Turn Reminder","everything is the same but u backflip on backflip","slay the spire mod where everything is the same but ironclad has a cowboy hat"],"gold_per_floor":[115,130,21,196,209,236,98,98,98,98,83,39,39,49,49,146,146,164,164,179,179,198,226,236,265,336,366,23,23,23,43,43,147,147,166,43,43,57,74,100,100,100,100,111,128,155,36,36,36,36],"floor_reached":51,"playtime":3708,"items_purged":["Strike_B","Defend_B+1","Doubt","Writhe"],"score":790,"play_id":"034d0fa8-a06d-4bdc-af34-481b0e058ac5","local_time":"20201219014744","is_ascension_mode":false,"campfire_choices":[{"floor":8,"key":"REST"},{"data":"Defragment","floor":10,"key":"SMITH"},{"data":"Chaos","floor":13,"key":"SMITH"},{"floor":15,"key":"REST"},{"floor":30,"key":"REST"},{"floor":32,"key":"REST"},{"floor":41,"key":"REST"},{"floor":49,"key":"REST"}],"circlet_count":0,"master_deck":["Strike_B+1","Strike_B+1","Strike_B+1","Defend_B+1","Defend_B+1","Defend_B+1","Zap","Dualcast","Coolheaded","Beam Cell","Chaos+1","Redo","Defragment+1","Cold Snap","Swift Strike","Cold Snap","Barrage","Echo Form+1","Rebound","FTL","Cold Snap+1","Doom and Gloom","Skim+1","Aggregate+1","Ball Lightning","Loop+1","Lockon","Dramatic Entrance","Streamline","Sunder+1","Machine Learning+1","Redo+1","Streamline","Storm+1","Steam+1","Hologram","Coolheaded+1","Gash+1","Buffer+1","Rebound+1","FTL+1","Defragment+1","Beam Cell+1","White Noise","Defragment+1","Finesse"],"relics":["Cracked Core","Anchor","Question Card","Smiling Mask","Black Star","Meat on the Bone","Lantern","Letter Opener","Oddly Smooth Stone","Bag of Preparation","Frozen Egg 2","Prayer Wheel","Pear","Runic Pyramid","Darkstone Periapt","Shuriken","HornCleat","Kunai","Bronze Scales","Lizard Tail"],"acts_visited":["Exordium","TheCity","TheBeyond"],"potions_floor_usage":[6,24,31,33,33,40,44,50],"damage_taken":[{"damage":3,"enemies":"Jaw Worm","floor":1,"turns":5},{"damage":0,"enemies":"Cultist","floor":2,"turns":3},{"damage":0,"enemies":"2 Louse","floor":5,"turns":3},{"damage":32,"enemies":"Lagavulin","floor":6,"turns":12},{"damage":13,"enemies":"Exordium Thugs","floor":11,"turns":4},{"damage":0,"enemies":"Looter","floor":14,"turns":3},{"damage":10,"enemies":"The Guardian","floor":16,"turns":11},{"damage":2,"enemies":"Spheric Guardian","floor":18,"turns":4},{"damage":8,"enemies":"Shell Parasite","floor":20,"turns":5},{"damage":0,"enemies":"Centurion and Healer","floor":22,"turns":9},{"damage":38,"enemies":"Gremlin Leader","floor":23,"turns":7},{"damage":6,"enemies":"3 Cultists","floor":24,"turns":5},{"damage":33,"enemies":"Slavers","floor":25,"turns":6},{"damage":14,"enemies":"Book of Stabbing","floor":27,"turns":6},{"damage":0,"enemies":"Chosen and Byrds","floor":31,"turns":3},{"damage":74,"enemies":"Automaton","floor":33,"turns":10},{"damage":4,"enemies":"Orb Walker","floor":35,"turns":3},{"damage":15,"enemies":"3 Darklings","floor":38,"turns":4},{"damage":0,"enemies":"4 Shapes","floor":39,"turns":3},{"damage":39,"enemies":"Giant Head","floor":40,"turns":7},{"damage":33,"enemies":"Maw","floor":44,"turns":8},{"damage":15,"enemies":"3 Darklings","floor":45,"turns":3},{"damage":34,"enemies":"Nemesis","floor":46,"turns":7},{"damage":48,"enemies":"Donu and Deca","floor":50,"turns":8}],"seed_played":"565095273129029655","potions_obtained":[{"floor":1,"key":"PowerPotion"},{"floor":2,"key":"SteroidPotion"},{"floor":23,"key":"PowerPotion"},{"floor":25,"key":"Explosive Potion"},{"floor":31,"key":"PowerPotion"},{"floor":38,"key":"SneckoOil"},{"floor":39,"key":"PowerPotion"},{"floor":40,"key":"BlessingOfTheForge"},{"floor":45,"key":"Strength Potion"}],"is_trial":false,"path_per_floor":["M","M","$","?","M","E","$","R","T","R","M","?","R","M","R","B",null,"M","?","M","T","M","E","M","E","T","E","$","?","R","M","R","B",null,"M","$","T","M","M","E","R","?","T","M","M","E","$","?","R","B",null],"character_chosen":"DEFECT","items_purchased":["Chaos","Cold Snap","Swift Strike","Loop+1","Lockon","Dramatic Entrance","PowerPotion","Storm+1","Defragment+1"],"campfire_rested":6,"item_purchase_floors":[3,7,7,28,28,28,28,36,47],"current_hp_per_floor":[72,72,72,72,72,40,40,62,62,62,49,49,49,49,71,61,75,73,73,65,65,65,39,45,24,24,32,32,32,57,57,82,20,85,81,81,81,66,66,39,64,91,91,58,55,33,33,33,60,24],"gold":36,"neow_bonus":"RANDOM_COMMON_RELIC","is_daily":false,"chose_seed":false,"campfire_upgraded":2,"win_rate":0.0,"timestamp":1608360464,"path_taken":["M","M","$","?","M","E","?","R","T","R","?","?","R","M","R","BOSS","M","?","M","?","M","E","M","E","T","E","$","?","R","M","R","BOSS","M","?","?","M","?","E","R","?","T","M","M","E","$","?","R","BOSS"],"items_purchased_type":["Card","Card","Card","Card","Card","Card","Potion","Card","Card"],"build_version":"2020-12-13","purchased_purges":4,"victory":true,"max_hp_per_floor":[75,75,75,75,75,75,75,75,75,75,75,75,75,75,75,75,75,75,75,75,75,75,75,75,75,75,85,85,85,85,85,85,85,85,85,85,85,85,85,85,85,91,91,91,91,91,91,91,91,91],"relic_stats":{"Darkstone Periapt":6,"counters":[24,139],"Bag of Preparation":[22],"Letter Opener":[94],"Question Card":26,"Smiling Mask":225,"Lizard Tail":0,"Shuriken":[14],"Bronze Scales":[18],"Prayer Wheel":6,"Black Star":5,"Kunai":[14],"obtain_stats":[{"Darkstone Periapt":37,"Lantern":23,"Pear":27,"Oddly Smooth Stone":25,"Bag of Preparation":25,"Letter Opener":23,"Frozen Egg 2":26,"Question Card":6,"Smiling Mask":9,"Anchor":0,"Lizard Tail":46,"HornCleat":40,"Shuriken":40,"Bronze Scales":46,"Prayer Wheel":27,"Black Star":17,"Kunai":43,"Cracked Core":0,"Meat on the Bone":21,"Runic Pyramid":34},{"Darkstone Periapt":17,"Lantern":11,"Pear":14,"Oddly Smooth Stone":13,"Bag of Preparation":13,"Letter Opener":11,"Frozen Egg 2":13,"Question Card":4,"Smiling Mask":4,"Anchor":0,"Lizard Tail":23,"HornCleat":20,"Shuriken":20,"Bronze Scales":23,"Prayer Wheel":14,"Black Star":7,"Kunai":20,"Cracked Core":0,"Meat on the Bone":9,"Runic Pyramid":16},{"Darkstone Periapt":99,"Lantern":66,"Pear":83,"Oddly Smooth Stone":77,"Bag of Preparation":77,"Letter Opener":66,"Frozen Egg 2":77,"Question Card":23,"Smiling Mask":23,"Anchor":0,"Lizard Tail":131,"HornCleat":113,"Shuriken":113,"Bronze Scales":131,"Prayer Wheel":83,"Black Star":41,"Kunai":113,"Cracked Core":0,"Meat on the Bone":50,"Runic Pyramid":96}],"Meat on the Bone":108},"card_choices":[{"not_picked":["Barrage","Glacier"],"picked":"Coolheaded","floor":1},{"not_picked":["Steam","Coolheaded"],"picked":"Beam Cell","floor":2},{"not_picked":["Steam","Hologram"],"picked":"Redo","floor":5},{"not_picked":["Skim","Go for the Eyes"],"picked":"Defragment","floor":6},{"not_picked":["Steam","Beam Cell","Tempest"],"picked":"Cold Snap","floor":11},{"not_picked":["Hologram","Beam Cell","Skim"],"picked":"Barrage","floor":14},{"not_picked":["Thunder Strike","Machine Learning","Fission"],"picked":"Echo Form","floor":16},{"not_picked":["Beam Cell","Gash","Auto Shields"],"picked":"Rebound","floor":18},{"not_picked":["Redo","Hologram","Barrage"],"picked":"FTL","floor":20},{"not_picked":["Rebound","Undo","Hologram"],"picked":"Cold Snap+1","floor":22},{"not_picked":["Force Field","Sunder","Coolheaded+1"],"picked":"Doom and Gloom","floor":23},{"not_picked":["Melter","Barrage+1","Fusion"],"picked":"Skim+1","floor":24},{"not_picked":["Go for the Eyes","Heatsinks","Meteor Strike"],"picked":"Aggregate+1","floor":25},{"not_picked":["Glacier","Force Field+1","Genetic Algorithm+1"],"picked":"Ball Lightning","floor":27},{"not_picked":["Rebound","Chill","Barrage"],"picked":"Streamline","floor":31},{"not_picked":["Ball Lightning","Gash","Tempest+1"],"picked":"Sunder+1","floor":31},{"not_picked":["Creative AI+1","Fission","Reboot"],"picked":"Machine Learning+1","floor":33},{"not_picked":["Streamline+1","Ball Lightning+1","Chaos+1"],"picked":"Redo+1","floor":35},{"not_picked":["Barrage","Double Energy","Cold Snap"],"picked":"Streamline","floor":35},{"not_picked":["Compile Driver","Echo Form+1","Rip and Tear+1"],"picked":"Steam+1","floor":38},{"not_picked":["Auto Shields","Ball Lightning+1","Scrape+1"],"picked":"Hologram","floor":38},{"not_picked":["Genetic Algorithm","Hologram+1","FTL+1"],"picked":"Coolheaded+1","floor":39},{"not_picked":["Hello World+1","Ball Lightning","Redo+1"],"picked":"Gash+1","floor":39},{"not_picked":["Turbo","Barrage","Reprogram+1"],"picked":"Buffer+1","floor":40},{"not_picked":["Coolheaded","Capacitor+1","Reinforced Body+1"],"picked":"Rebound+1","floor":44},{"not_picked":["Static Discharge+1","Scrape","Sweeping Beam+1"],"picked":"FTL+1","floor":44},{"not_picked":["Gash+1","Turbo","Sweeping Beam+1"],"picked":"Defragment+1","floor":45},{"not_picked":["Hologram+1","Leap+1","Ball Lightning"],"picked":"Beam Cell+1","floor":45},{"not_picked":["Ball Lightning","Sweeping Beam+1","Lockon"],"picked":"White Noise","floor":46},{"not_picked":["Thinking Ahead","Good Instincts","Madness"],"picked":"Finesse","floor":48}],"player_experience":236991,"relics_obtained":[{"floor":6,"key":"Question Card"},{"floor":9,"key":"Smiling Mask"},{"floor":21,"key":"Meat on the Bone"},{"floor":23,"key":"Lantern"},{"floor":23,"key":"Letter Opener"},{"floor":25,"key":"Oddly Smooth Stone"},{"floor":25,"key":"Bag of Preparation"},{"floor":26,"key":"Frozen Egg 2"},{"floor":27,"key":"Prayer Wheel"},{"floor":27,"key":"Pear"},{"floor":37,"key":"Darkstone Periapt"},{"floor":40,"key":"Shuriken"},{"floor":40,"key":"HornCleat"},{"floor":43,"key":"Kunai"},{"floor":46,"key":"Bronze Scales"},{"floor":46,"key":"Lizard Tail"}],"event_choices":[{"damage_healed":0,"gold_gain":175,"player_choice":"AGREE","damage_taken":0,"max_hp_gain":0,"max_hp_loss":0,"event_name":"Liars Game","floor":4,"gold_loss":0,"cards_obtained":["Doubt"]},{"damage_healed":0,"gold_gain":0,"player_choice":"Left Gold","damage_taken":0,"max_hp_gain":0,"max_hp_loss":0,"event_name":"World of Goop","floor":12,"gold_loss":44},{"damage_healed":0,"gold_gain":0,"player_choice":"Simplicity","damage_taken":0,"max_hp_gain":0,"max_hp_loss":0,"event_name":"Back to Basics","floor":19,"gold_loss":0,"cards_upgraded":["Strike_B","Strike_B","Strike_B","Defend_B","Defend_B","Defend_B","Defend_B"]},{"damage_healed":0,"gold_gain":0,"player_choice":"Forge","damage_taken":0,"max_hp_gain":0,"max_hp_loss":0,"event_name":"Accursed Blacksmith","floor":29,"gold_loss":0,"cards_upgraded":["Echo Form"]},{"damage_healed":21,"gold_gain":0,"player_choice":"Writhe","damage_taken":0,"max_hp_gain":0,"max_hp_loss":0,"event_name":"Winding Halls","floor":42,"gold_loss":0,"cards_obtained":["Writhe"]},{"damage_healed":0,"gold_gain":0,"player_choice":"Memory 1","damage_taken":0,"max_hp_gain":0,"max_hp_loss":0,"event_name":"SensoryStone","floor":48,"gold_loss":0}],"is_beta":false,"boss_relics":[{"not_picked":["Empty Cage","FrozenCore"],"picked":"Black Star"},{"not_picked":["Coffee Dripper","Pandora\u0027s Box"],"picked":"Runic Pyramid"}],"items_purged_floors":[3,28,36,47],"is_endless":false,"potions_floor_spawned":[1,2,23,25,31,38,39,40,45],"ascension_level":0}}