{"host":"oy4pyvr762z5n0bb","time":1608416808,"event":{"mods":["AchievementEnabler","BaseMod","Colored Map","Colored Powertips","Googly Eyes","Key Reminder","Minty Spire (QoL Compilation)","Quick Restart","Relic Sorter","StSLib","SuperFastMode","Unceasing Turn Reminder","slay the spire mod where everything is the same but ironclad has a cowboy hat"],"gold_per_floor":[109,129,61,77,77,77,108,127,199,214,214,237,56,56,56,186,186,199,139,159,100,123,158,158,191,236,236,274,274,51,75,75,194,194,209,209,209,179,203,242,242,267,346,3,28,42,42,42,42,42,42],"floor_reached":50,"playtime":1444,"items_purged":["Strike_R","Strike_R","Strike_R"],"score":659,"play_id":"ef17e864-8ebc-4dfb-8386-6767b6b92f8f","local_time":"20201219142648","is_ascension_mode":true,"campfire_choices":[{"data":"Feed","floor":6,"key":"SMITH"},{"data":"Dark Embrace","floor":15,"key":"SMITH"},{"data":"Corruption","floor":24,"key":"SMITH"},{"data":"1","floor":27,"key":"LIFT"},{"floor":32,"key":"REST"},{"data":"2","floor":41,"key":"LIFT"},{"data":"3","floor":47,"key":"LIFT"},{"data":"Combust","floor":49,"key":"SMITH"}],"circlet_count":0,"master_deck":["Strike_R","Strike_R","Defend_R+1","Defend_R","Defend_R","Defend_R","Bash","Disarm","Thunderclap","Feed+1","Sword Boomerang","True Grit+1","Wild Strike","Cleave","Dark Embrace+1","Pommel Strike","Infernal Blade","Havoc","Flex","Corruption+1","Sentinel","Spot Weakness","True Grit+1","Wild Strike+1","Disarm","Combust+1","Fiend Fire","Limit Break","Metallicize+1","Wild Strike+1","Parasite"],"relics":["Burning Blood","Charon\u0027s Ashes","Golden Idol","TungstenRod","The Courier","Blood Vial","Orrery","Snecko Eye","MealTicket","Girya","Dream Catcher","War Paint","Centennial Puzzle","Sozu","CeramicFish","Bottled Flame","Oddly Smooth Stone","Bag of Marbles"],"acts_visited":["Exordium","TheCity","TheBeyond"],"potions_floor_usage":[7,16,22,23,25,25,25,29],"damage_taken":[{"damage":1,"enemies":"Cultist","floor":1,"turns":4},{"damage":2,"enemies":"2 Louse","floor":2,"turns":3},{"damage":7,"enemies":"Small Slimes","floor":4,"turns":3},{"damage":26,"enemies":"Lagavulin","floor":7,"turns":7},{"damage":10,"enemies":"Blue Slaver","floor":8,"turns":2},{"damage":14,"enemies":"Lots of Slimes","floor":10,"turns":3},{"damage":39,"enemies":"Slime Boss","floor":16,"turns":11},{"damage":18,"enemies":"Shell Parasite","floor":18,"turns":3},{"damage":0,"enemies":"3 Byrds","floor":20,"turns":2},{"damage":2,"enemies":"Snake Plant","floor":22,"turns":3},{"damage":26,"enemies":"Book of Stabbing","floor":23,"turns":5},{"damage":16,"enemies":"Gremlin Leader","floor":25,"turns":6},{"damage":50,"enemies":"Book of Stabbing","floor":28,"turns":6},{"damage":20,"enemies":"Colosseum Slavers","floor":29,"turns":3},{"damage":14,"enemies":"Centurion and Healer","floor":31,"turns":5},{"damage":17,"enemies":"Champ","floor":33,"turns":6},{"damage":10,"enemies":"Orb Walker","floor":35,"turns":2},{"damage":13,"enemies":"3 Darklings","floor":39,"turns":2},{"damage":5,"enemies":"Nemesis","floor":40,"turns":3},{"damage":3,"enemies":"4 Shapes","floor":42,"turns":1},{"damage":3,"enemies":"Writhing Mass","floor":45,"turns":3},{"damage":17,"enemies":"Maw","floor":46,"turns":5},{"damage":109,"enemies":"Awakened One","floor":50,"turns":7}],"seed_played":"5407422039754614003","potions_obtained":[{"floor":2,"key":"FearPotion"},{"floor":8,"key":"Block Potion"},{"floor":16,"key":"Block Potion"},{"floor":18,"key":"EntropicBrew"},{"floor":20,"key":"SkillPotion"},{"floor":22,"key":"Swift Potion"},{"floor":28,"key":"Fire Potion"}],"is_trial":false,"path_per_floor":["M","M","$","M","?","R","E","M","T","M","?","T","$","$","R","B",null,"M","$","M","$","M","E","R","E","T","R","E","?","$","M","R","B",null,"M","?","?","?","M","E","R","M","T","$","M","M","R","$","R","B"],"character_chosen":"IRONCLAD","items_purchased":["Feed","Dark Embrace","Orrery","Spot Weakness","Combust","Centennial Puzzle","Oddly Smooth Stone","Bag of Marbles"],"campfire_rested":1,"item_purchase_floors":[3,13,13,21,30,30,44,44],"current_hp_per_floor":[61,65,65,67,67,67,51,51,51,47,76,76,76,76,76,45,89,81,81,93,93,97,77,77,69,69,69,27,19,34,32,63,54,105,101,101,101,101,96,99,99,104,104,105,105,94,94,105,105,0,0],"gold":42,"neow_bonus":"ONE_RARE_RELIC","is_daily":false,"chose_seed":false,"campfire_upgraded":4,"win_rate":0.0,"timestamp":1608416808,"path_taken":["M","M","$","?","?","R","E","M","T","M","?","?","?","$","R","BOSS","M","?","M","$","M","E","R","E","T","R","E","?","?","M","R","BOSS","M","?","?","?","M","E","R","?","T","$","M","M","R","$","R","BOSS"],"items_purchased_type":["Card","Card","Relic","Card","Card","Relic","Relic","Relic"],"build_version":"2020-12-13","purchased_purges":3,"victory":false,"max_hp_per_floor":[80,80,80,83,77,77,81,85,85,89,89,89,89,89,89,89,89,93,93,97,97,97,97,97,97,97,97,97,101,101,105,105,105,105,105,105,105,105,105,105,105,105,105,105,105,105,105,105,105,105,105],"card_choices":[{"not_picked":["Armaments","Flex"],"picked":"Disarm","floor":1},{"not_picked":["Shockwave","Reckless Charge"],"picked":"Thunderclap","floor":2},{"not_picked":["Combust","Iron Wave"],"picked":"Sword Boomerang","floor":4},{"not_picked":["Exhume","Wild Strike"],"picked":"True Grit","floor":7},{"not_picked":["Flex","Iron Wave"],"picked":"Wild Strike","floor":8},{"not_picked":["Dropkick","Headbutt"],"picked":"Cleave","floor":10},{"not_picked":["Uppercut","Dropkick"],"picked":"Pommel Strike","floor":13},{"not_picked":["Clothesline","Blood for Blood"],"picked":"Infernal Blade","floor":13},{"not_picked":["Burning Pact","Rage"],"picked":"Havoc","floor":13},{"not_picked":["Body Slam","Twin Strike"],"picked":"Flex","floor":13},{"not_picked":["Limit Break","Offering"],"picked":"Corruption","floor":16},{"not_picked":["Burning Pact","Havoc","Body Slam"],"picked":"SKIP","floor":18},{"not_picked":["Disarm","Headbutt"],"picked":"Sentinel","floor":20},{"not_picked":["Reckless Charge","Body Slam"],"picked":"True Grit+1","floor":22},{"not_picked":["Shrug It Off","Blood for Blood"],"picked":"Headbutt","floor":23},{"not_picked":["Iron Wave","Uppercut"],"picked":"Wild Strike+1","floor":25},{"not_picked":["Heavy Blade","Carnage"],"picked":"Disarm","floor":28},{"not_picked":["Uppercut","Warcry","Shockwave"],"picked":"SKIP","floor":31},{"not_picked":["Inflame+1","Twin Strike"],"picked":"Fiend Fire","floor":32},{"not_picked":["Fiend Fire","Juggernaut"],"picked":"Limit Break","floor":33},{"not_picked":["Intimidate+1","Thunderclap"],"picked":"Metallicize+1","floor":35},{"not_picked":["Thunderclap","Warcry"],"picked":"Wild Strike+1","floor":39},{"not_picked":["Warcry+1","Clothesline+1","Wild Strike+1"],"picked":"SKIP","floor":40},{"not_picked":["Rampage+1","Body Slam+1","Wild Strike"],"picked":"SKIP","floor":42},{"not_picked":["Entrench","Armaments","Heavy Blade+1"],"picked":"SKIP","floor":45},{"not_picked":["Sword Boomerang","Heavy Blade+1","Warcry+1"],"picked":"SKIP","floor":46}],"player_experience":544405,"relics_obtained":[{"floor":7,"key":"TungstenRod"},{"floor":9,"key":"The Courier"},{"floor":12,"key":"Blood Vial"},{"floor":23,"key":"MealTicket"},{"floor":25,"key":"Girya"},{"floor":26,"key":"Dream Catcher"},{"floor":28,"key":"War Paint"},{"floor":40,"key":"CeramicFish"},{"floor":43,"key":"Bottled Flame"}],"event_choices":[{"damage_healed":0,"gold_gain":0,"player_choice":"Lose Max HP","damage_taken":0,"relics_obtained":["Golden Idol"],"max_hp_gain":0,"max_hp_loss":6,"event_name":"Golden Idol","floor":5,"gold_loss":0},{"damage_healed":29,"gold_gain":0,"player_choice":"Banana","damage_taken":0,"max_hp_gain":0,"max_hp_loss":0,"event_name":"Big Fish","floor":11,"gold_loss":0},{"damage_healed":0,"gold_gain":0,"player_choice":"Fight","damage_taken":0,"max_hp_gain":0,"max_hp_loss":0,"event_name":"Colosseum","floor":29,"gold_loss":0},{"damage_healed":0,"gold_gain":0,"player_choice":"Fled From Nobs","damage_taken":0,"max_hp_gain":0,"max_hp_loss":0,"event_name":"Colosseum","floor":29,"gold_loss":0},{"damage_healed":0,"gold_gain":0,"player_choice":"Ignored","damage_taken":0,"max_hp_gain":0,"max_hp_loss":0,"event_name":"Tomb of Lord Red Mask","floor":36,"gold_loss":0},{"cards_removed":["Headbutt"],"damage_healed":0,"gold_gain":0,"player_choice":"Removed Attack","damage_taken":0,"max_hp_gain":0,"max_hp_loss":0,"event_name":"Falling","floor":37,"gold_loss":0},{"damage_healed":0,"gold_gain":0,"player_choice":"Bought 2 Potions","damage_taken":0,"max_hp_gain":0,"max_hp_loss":0,"event_name":"The Woman in Blue","floor":38,"gold_loss":0}],"is_beta":false,"boss_relics":[{"not_picked":["SacredBark","Runic Cube"],"picked":"Snecko Eye"},{"not_picked":["Empty Cage","Velvet Choker"],"picked":"Sozu"}],"items_purged_floors":[19,30,44],"is_endless":false,"potions_floor_spawned":[2,8,16,18,20,22,28,35,40,42,45],"killed_by":"Awakened One","ascension_level":4}}