{"host":"gbop6m4qugddaz18","time":1608421383,"event":{"mods":["2.2 Compatiblity","BaseMod","Better Third Choice","Block Reminder","Downfall","GifTheSpireLib","Highlight Path","Minty Spire (QoL Compilation)","Replay The Spire","StSLib"],"gold_per_floor":[99,123,146,178,196,212,238,238,271,271,271,288,14,33,59,172,172,286,315,315,369,369,644,669,28,72,100,121,121,121,152,186,297,297,297,347,409,443,497,509,547,607,683,751,789,836,907,992,1031,1055],"floor_reached":51,"playtime":2870,"items_purged":["Regret"],"score":1202,"play_id":"148d974e-e777-45a4-b0af-6e13b12ca0cd","local_time":"20201219184303","is_ascension_mode":true,"campfire_choices":[{"floor":1,"key":"DIG"},{"floor":8,"key":"REST"},{"data":"Zap","floor":10,"key":"SMITH"},{"data":"Zap","floor":20,"key":"SMITH"},{"data":"Dualcast","floor":22,"key":"SMITH"},{"floor":35,"key":"DIG"},{"floor":40,"key":"RECALL"}],"circlet_count":0,"master_deck":["Strike_B","Strike_B","Strike_B","Strike_B","Defend_B","Defend_B","Defend_B","Defend_B","Zap+1","Dualcast+1","Redo","FTL","Sunder","Genetic Algorithm","Coolheaded","Leap","Replay:SS_fish_1","Zap+1","Darkness","Static Discharge","Leap","Hello World","FTL","Barrage","Conserve Battery","White Noise","Turbo","Ball Lightning","Doom and Gloom","Redo","Turbo+1","Gash","Hyperbeam","Beam Cell","Panic Button+1","Go for the Eyes","Beam Cell","Necronomicurse","Shame","Storm+1","Coolheaded","Ball Lightning+1","Sweeping Beam","Thunder Strike","CurseOfTheBell","Leap+1","Glacier+1","Beam Cell+1","Sweeping Beam+1","Beam Cell","Go for the Eyes+1","Darkness","Chaos+1","Beam Cell+1","ReplayTheSpireMod:Omega Cannon","Gash+1","Redo","Beam Cell+1","Stack","Coolheaded","Ball Lightning","Genetic Algorithm+1","Redo","Hello World+1","Leap+1"],"relics":["Cracked Core","Replay:Bandana","Potion Belt","Guardian:PocketSentry","ReplayFunnel","Replay:Rubber Ducky","Nuclear Battery","Bird Faced Urn","Replay:Ringing Soul","Prayer Wheel","Bottled Lightning","Bag of Marbles","Bottled Tornado","ReplayTheSpireMod:Ninjato","Pocketwatch","Necronomicon","Frozen Egg 2","Replay:Grab Bag","Fusion Hammer","Painkiller Herb","Calling Bell","SacredBark","Ancient Tea Set","InkBottle","FossilizedHelix","MawBank","StoneCalendar","Bag of Preparation","Pen Nib","ReplayTheSpireMod:Lightbulb","Mirror","Pondfish Scales"],"acts_visited":["Exordium","TheCity","TheBeyond"],"potions_floor_usage":[6,12,16,16,16,19,19,27,27,33,42,43,46,46,50,50],"damage_taken":[{"damage":0,"enemies":"Cultist","floor":2,"turns":4},{"damage":7,"enemies":"Jaw Worm","floor":3,"turns":3},{"damage":35,"enemies":"Lagavulin","floor":4,"turns":6},{"damage":0,"enemies":"2 Louse","floor":5,"turns":1},{"damage":3,"enemies":"2 Fungi Beasts","floor":6,"turns":3},{"damage":11,"enemies":"Gremlin Nob","floor":9,"turns":3},{"damage":0,"enemies":"Exordium Thugs","floor":12,"turns":2},{"damage":0,"enemies":"downfall:FleeingMerchant","floor":13,"turns":4},{"damage":6,"enemies":"3 Louse","floor":14,"turns":2},{"damage":0,"enemies":"Large Slime","floor":15,"turns":4},{"damage":3,"enemies":"Fading Forest","floor":16,"turns":11},{"damage":26,"enemies":"Colosseum Nobs","floor":18,"turns":5},{"damage":14,"enemies":"Shell Parasite","floor":19,"turns":5},{"damage":14,"enemies":"Slavers","floor":21,"turns":5},{"damage":1,"enemies":"downfall:FleeingMerchant","floor":25,"turns":4},{"damage":12,"enemies":"Book of Stabbing","floor":26,"turns":4},{"damage":0,"enemies":"Cultist and Chosen","floor":27,"turns":5},{"damage":17,"enemies":"Snake Plant","floor":28,"turns":1},{"damage":0,"enemies":"Shelled Parasite and Fungi","floor":31,"turns":2},{"damage":0,"enemies":"Centurion and Healer","floor":32,"turns":4},{"damage":18,"enemies":"downfall:Defect","floor":33,"turns":7},{"damage":0,"enemies":"R_Hoarder","floor":36,"turns":7},{"damage":0,"enemies":"3 Darklings","floor":37,"turns":3},{"damage":0,"enemies":"Orb Walker","floor":38,"turns":3},{"damage":0,"enemies":"Sphere and 2 Shapes","floor":39,"turns":2},{"damage":27,"enemies":"Reptomancer","floor":42,"turns":4},{"damage":0,"enemies":"Nemesis","floor":44,"turns":5},{"damage":0,"enemies":"Spire Growth","floor":45,"turns":3},{"damage":0,"enemies":"3 Darklings","floor":46,"turns":3},{"damage":0,"enemies":"Maw","floor":47,"turns":4},{"damage":16,"enemies":"2 Orb Walkers","floor":48,"turns":2},{"damage":0,"enemies":"Spire Growth","floor":49,"turns":3},{"damage":44,"enemies":"downfall:Silent","floor":50,"turns":5}],"seed_played":"5057205224293344456","potions_obtained":[{"floor":4,"key":"ColorlessPotion"},{"floor":5,"key":"BlessingOfTheForge"},{"floor":6,"key":"Explosive Potion"},{"floor":12,"key":"Swift Potion"},{"floor":15,"key":"Energy Potion"},{"floor":18,"key":"Energy Potion"},{"floor":19,"key":"sneckomod:MuddlingPotion"},{"floor":26,"key":"Flashbang"},{"floor":28,"key":"Venom Potion"},{"floor":33,"key":"Death Potion"},{"floor":43,"key":"EntropicBrew"},{"floor":44,"key":"GamblersBrew"},{"floor":45,"key":"FearPotion"},{"floor":47,"key":"FairyPotion"},{"floor":49,"key":"Languid Potion"}],"is_trial":false,"path_per_floor":["R","M","M","E","M","M","T","R","E","R","?","M","$","M","M","B",null,"R","M","R","E","R","?","T","$","E","M","M","?","?","M","M","B",null,"T","E","?","?","?","T","T","E","?","E","?","?","?","?","?","B",null],"character_chosen":"DEFECT","items_purchased":["Leap","Hello World","FTL","Barrage","Strength Potion","Bottled Tornado","ReplayTheSpireMod:Ninjato","Gash"],"campfire_rested":1,"item_purchase_floors":[13,13,13,13,13,25,25,25],"current_hp_per_floor":[75,75,68,33,33,30,30,52,41,41,41,41,41,35,35,42,75,52,51,51,42,42,45,45,51,46,53,41,28,31,36,45,38,117,117,120,123,126,129,129,129,107,110,119,130,137,147,134,143,105],"gold":1067,"neow_bonus":"RANDOM_COMMON_RELIC","is_daily":false,"chose_seed":false,"campfire_upgraded":3,"win_rate":0.0,"timestamp":1608421383,"path_taken":["R","M","M","E","M","M","T","R","E","R","?","?","$","M","M","BOSS","R","M","R","E","R","?","T","?","E","M","M","?","?","M","M","BOSS","T","E","?","?","?","T","T","E","?","E","?","?","?","?","?","BOSS"],"items_purchased_type":["Card","Card","Card","Card","Potion","Relic","Relic","Card"],"build_version":"2020-12-13","purchased_purges":1,"victory":true,"max_hp_per_floor":[75,75,75,75,75,75,75,75,75,75,75,75,75,75,75,75,75,78,81,81,84,84,87,87,90,93,96,99,102,105,108,111,114,117,117,120,123,126,129,129,129,132,135,138,141,144,147,150,153,153],"card_choices":[{"not_picked":["Panic Button","Barrage"],"picked":"Redo","floor":2},{"not_picked":["ReplayTheSpireMod:Reroute Power","Cold Snap"],"picked":"FTL","floor":3},{"not_picked":["FTL","Panic Button"],"picked":"Sunder","floor":4},{"not_picked":["Skim","Stack"],"picked":"Genetic Algorithm","floor":5},{"not_picked":["Panic Button","Streamline"],"picked":"Coolheaded","floor":6},{"not_picked":["ReplayTheSpireMod:Omega Cannon","Consume"],"picked":"Leap","floor":9},{"not_picked":["ReplayTheSpireMod:Calculation Training","Time Bomb"],"picked":"Darkness","floor":12},{"not_picked":["Stack","Panic Button"],"picked":"Static Discharge","floor":13},{"not_picked":["Hologram","FTL"],"picked":"Conserve Battery","floor":14},{"not_picked":["Streamline","Recycle"],"picked":"White Noise","floor":15},{"not_picked":["Multi-Cast","Buffer"],"picked":"ReplayTheSpireMod:Fabricate Wheel","floor":16},{"not_picked":["Ball Lightning+1","Go for the Eyes"],"picked":"Turbo","floor":18},{"not_picked":["Panic Button","Hologram"],"picked":"Ball Lightning","floor":19},{"not_picked":["Coolheaded","Barrage"],"picked":"Doom and Gloom","floor":19},{"not_picked":["ReplayTheSpireMod:GoodbyeWorld+1","Stack"],"picked":"Redo","floor":21},{"not_picked":["Hologram","ReplayTheSpireMod:Reroute Power"],"picked":"Turbo+1","floor":25},{"not_picked":["Blizzard","ReplayTheSpireMod:Repulse+1"],"picked":"Hyperbeam","floor":26},{"not_picked":["Cold Snap","Scrape"],"picked":"Beam Cell","floor":27},{"not_picked":["Glacier+1","Compile Driver"],"picked":"Panic Button+1","floor":27},{"not_picked":["Barrage","Sweeping Beam"],"picked":"Go for the Eyes","floor":28},{"not_picked":["Undo","Coolheaded"],"picked":"Beam Cell","floor":28},{"not_picked":["White Noise","Redo"],"picked":"Storm+1","floor":31},{"not_picked":["Stack","Beam Cell"],"picked":"Coolheaded","floor":31},{"not_picked":["Skim","Cold Snap+1"],"picked":"Ball Lightning+1","floor":32},{"not_picked":["Steam Power","ReplayTheSpireMod:Repulse"],"picked":"Sweeping Beam","floor":32},{"not_picked":["Multi-Cast","Seek"],"picked":"Thunder Strike","floor":33},{"not_picked":["Hello World+1","Heatsinks+1"],"picked":"Leap+1","floor":36},{"not_picked":["Panic Button+1","ReplayRNGCard"],"picked":"Glacier+1","floor":37},{"not_picked":["Heatsinks+1","ReplayTheSpireMod:System Scan+1"],"picked":"Beam Cell+1","floor":37},{"not_picked":["Ball Lightning","Tempest"],"picked":"Sweeping Beam+1","floor":38},{"not_picked":["Barrage","Streamline+1"],"picked":"Beam Cell","floor":38},{"not_picked":["Panic Button+1","Turbo"],"picked":"Go for the Eyes+1","floor":39},{"not_picked":["Compile Driver","Coolheaded"],"picked":"Darkness","floor":39},{"not_picked":["Reinforced Body+1","Panic Button"],"picked":"Chaos+1","floor":42},{"not_picked":["ReplaySolidLightProjector+1","Cold Snap+1"],"picked":"Beam Cell+1","floor":43},{"not_picked":["Cold Snap","Double Energy+1"],"picked":"ReplayTheSpireMod:Omega Cannon","floor":43},{"not_picked":["Lockon","Cold Snap+1"],"picked":"Gash+1","floor":44},{"not_picked":["Panic Button","Barrage"],"picked":"Redo","floor":45},{"not_picked":["Stack","Core Surge"],"picked":"Beam Cell+1","floor":45},{"not_picked":["ReplayTheSpireMod:Calculation Training+1","Rebound+1"],"picked":"Stack","floor":46},{"not_picked":["Crystallizer+1","Streamline+1"],"picked":"Coolheaded","floor":46},{"not_picked":["ReplayTheSpireMod:Reroute Power+1","Skim+1"],"picked":"Ball Lightning","floor":47},{"not_picked":["Sunder","Steam Power+1"],"picked":"Genetic Algorithm+1","floor":47},{"not_picked":["Tempest","ReplayTheSpireMod:System Scan"],"picked":"Redo","floor":48},{"not_picked":["Turbo","Sweeping Beam"],"picked":"Hello World+1","floor":49},{"not_picked":["Barrage","ReplayTheSpireMod:Fabricate Wheel"],"picked":"Leap+1","floor":49}],"player_experience":481396,"relics_obtained":[{"floor":1,"key":"Potion Belt"},{"floor":4,"key":"Guardian:PocketSentry"},{"floor":7,"key":"ReplayFunnel"},{"floor":9,"key":"Replay:Rubber Ducky"},{"floor":18,"key":"Bird Faced Urn"},{"floor":18,"key":"Replay:Ringing Soul"},{"floor":21,"key":"Bottled Lightning"},{"floor":24,"key":"Bag of Marbles"},{"floor":26,"key":"Pocketwatch"},{"floor":29,"key":"Necronomicon"},{"floor":34,"key":"Ancient Tea Set"},{"floor":34,"key":"InkBottle"},{"floor":34,"key":"FossilizedHelix"},{"floor":35,"key":"MawBank"},{"floor":36,"key":"StoneCalendar"},{"floor":41,"key":"Bag of Preparation"},{"floor":42,"key":"Pen Nib"},{"floor":43,"key":"ReplayTheSpireMod:Lightbulb"},{"floor":44,"key":"Mirror"},{"floor":48,"key":"Pondfish Scales"}],"event_choices":[{"damage_healed":0,"gold_gain":0,"player_choice":"2 cards matched","damage_taken":0,"max_hp_gain":0,"max_hp_loss":0,"event_name":"Match and Keep!","floor":11,"gold_loss":0,"cards_obtained":["Replay:SS_fish_1","Zap"]},{"damage_healed":0,"gold_gain":0,"player_choice":"Stole Relic","damage_taken":0,"relics_obtained":["Frozen Egg 2"],"max_hp_gain":0,"max_hp_loss":0,"event_name":"Addict","floor":30,"gold_loss":0,"cards_obtained":["Shame"]},{"damage_healed":0,"gold_gain":0,"player_choice":"Fight","damage_taken":0,"max_hp_gain":0,"max_hp_loss":0,"event_name":"Mysterious Sphere","floor":48,"gold_loss":0}],"is_beta":false,"boss_relics":[{"not_picked":["Kintsugi","Black Star"],"picked":"Nuclear Battery"},{"not_picked":["Ring of Chaos","Pandora\u0027s Box"],"picked":"Replay:Grab Bag"},{"not_picked":["ReplayTheSpireMod:Onyx Gauntlets","Runic Dome"],"picked":"Fusion Hammer"},{"not_picked":["Replay:Bronze Core","Abe\u0027s Treasure"],"picked":"Painkiller Herb"},{"not_picked":["Replay:Drink Me","Empty Cage"],"picked":"Calling Bell"},{"not_picked":["Snecko Eye","FrozenCore"],"picked":"SacredBark"}],"items_purged_floors":[25],"is_endless":false,"potions_floor_spawned":[4,5,6,12,15,18,19,26,28,33,44,45,47,49],"ascension_level":2}}