{"host":"z7uf2ohomj0wklrw","time":1608362960,"event":{"mods":["BaseMod","Downfall","Minty Spire (QoL Compilation)","StSLib"],"gold_per_floor":[99,374,384,384,48,79,106,31,63,63,82,100,112,123,137,137,137],"floor_reached":16,"playtime":855,"items_purged":[],"score":123,"play_id":"77557523-78e2-4d08-96ce-31a40f5d81e7","local_time":"20201219002920","is_ascension_mode":true,"campfire_choices":[{"data":"champ:Lariat","floor":1,"key":"SMITH"},{"floor":4,"key":"RECALL"},{"data":"champ:Taunt","floor":8,"key":"SMITH"},{"data":"champ:ArenaPreparation","floor":10,"key":"SMITH"}],"circlet_count":0,"master_deck":["champ:Strike","champ:Strike","champ:Strike","champ:Strike","champ:Defend","champ:Defend","champ:Defend","champ:Defend","champ:Execute","champ:Taunt+1","champ:Lariat+1","Regret","champ:BladeFlurry","champ:Backstep","champ:ArenaPreparation+1","champ:BladeFlurry+1","champ:Circumvent","champ:SwordSigil","champ:StanceDance","champ:SwordThrow+1","champ:SwordThrow+1"],"relics":["champ:ChampionCrown","Molten Egg 2","Turnip","Anchor","downfall:HeartBlessingRed","Gambling Chip"],"acts_visited":["Exordium"],"potions_floor_usage":[],"damage_taken":[{"damage":19,"enemies":"Jaw Worm","floor":3,"turns":4},{"damage":16,"enemies":"downfall:FleeingMerchant","floor":5,"turns":4},{"damage":35,"enemies":"Gremlin Nob","floor":6,"turns":4},{"damage":17,"enemies":"3 Sentries","floor":9,"turns":7},{"damage":7,"enemies":"Cultist","floor":11,"turns":2},{"damage":10,"enemies":"Small Slimes","floor":12,"turns":3},{"damage":15,"enemies":"Gremlin Gang","floor":13,"turns":4},{"damage":14,"enemies":"Exordium Thugs","floor":14,"turns":3},{"damage":4,"enemies":"Blue Slaver","floor":15,"turns":3},{"damage":25,"enemies":"downfall:Defect","floor":16,"turns":3}],"seed_played":"-9181842958644689201","potions_obtained":[{"floor":3,"key":"EntropicBrew"},{"floor":9,"key":"Swift Potion"},{"floor":11,"key":"LiquidBronze"},{"floor":14,"key":"Ancient Potion"}],"is_trial":false,"path_per_floor":["R","?","M","R","$","E","T","R","E","R","M","M","M","M","M","B"],"character_chosen":"THE_CHAMP","items_purchased":["Molten Egg 2","champ:ArenaPreparation"],"campfire_rested":0,"item_purchase_floors":[5,5],"current_hp_per_floor":[90,90,85,85,79,49,49,49,42,42,40,40,30,27,23,0,0],"gold":137,"neow_bonus":"THREE_CARDS","is_daily":false,"chose_seed":false,"campfire_upgraded":3,"win_rate":0.0,"timestamp":1608362960,"path_taken":["R","?","?","R","$","E","T","R","E","R","M","M","?","M","M","BOSS"],"items_purchased_type":["Relic","Card"],"build_version":"2020-12-13","purchased_purges":0,"victory":false,"max_hp_per_floor":[90,90,90,90,90,90,90,90,90,90,90,90,90,90,90,90,90],"card_choices":[{"not_picked":["champ:PreciseThrust","champ:SwordSigil"],"picked":"champ:Lariat","floor":0},{"not_picked":["champ:Backstep","champ:Control"],"picked":"champ:BladeFlurry","floor":3},{"not_picked":["champ:DefensiveShout","champ:PreciseThrust"],"picked":"champ:Backstep","floor":5},{"not_picked":["champ:Backstep","champ:RecklessLeap+1"],"picked":"champ:BladeFlurry+1","floor":6},{"not_picked":["champ:FocusedDefense","champ:DefensiveShout"],"picked":"champ:Circumvent","floor":9},{"not_picked":["champ:ShieldWall","champ:RageSigil"],"picked":"champ:SwordSigil","floor":11},{"not_picked":["champ:SwordSigil","champ:PreciseThrust+1"],"picked":"champ:StanceDance","floor":12},{"not_picked":["champ:FocusedDefense","champ:Encircle+1"],"picked":"champ:SwordThrow+1","floor":13},{"not_picked":["champ:SwordSigil","champ:DefensiveShout","champ:BringItOn"],"picked":"SKIP","floor":14},{"not_picked":["champ:Control","champ:ViciousMockery"],"picked":"champ:SwordThrow+1","floor":15}],"player_experience":998084,"relics_obtained":[{"floor":6,"key":"Turnip"},{"floor":7,"key":"Anchor"},{"floor":9,"key":"Gambling Chip"}],"event_choices":[],"is_beta":false,"boss_relics":[],"items_purged_floors":[],"is_endless":false,"potions_floor_spawned":[3,9,11,13,14],"killed_by":"downfall:Defect","ascension_level":2}}