{"host":"an6uhul3yec8m0jh","time":1608393607,"event":{"mods":["Act Like it!","BaseMod","Colored Map","Colored Powertips","Gensokyo","Highlight Path","Minty Spire (QoL Compilation)","Quick Restart","StSLib","Waifu the Spire","noobMod"],"gold_per_floor":[113,113,127,127,143,170,55,55,100,130,150,150,70,85,85,183,183,196,196,62,73,86,117,117,129,129,129,161,61,9,24,24,129,129,143,143,493,504,519,546,546,561,561,580,611,624,624,656,656,656,656,656,13,47,47],"floor_reached":56,"playtime":3859,"items_purged":["Strike_G","Strike_G"],"score":1899,"play_id":"b31314a7-146f-4792-af55-eb87650e9e96","local_time":"20201220000007","is_ascension_mode":true,"campfire_choices":[{"data":"Cloak And Dagger","floor":8.0,"key":"SMITH"},{"data":"Accuracy","floor":15.0,"key":"SMITH"},{"data":"Accuracy","floor":24.0,"key":"SMITH"},{"data":"Burst","floor":32.0,"key":"SMITH"},{"floor":41.0,"key":"REST"},{"data":"A Thousand Cuts","floor":47.0,"key":"SMITH"},{"floor":49.0,"key":"RECALL"},{"data":"Infinite Blades","floor":52.0,"key":"SMITH"}],"circlet_count":0,"master_deck":["AscendersBane","Strike_G","Strike_G+1","Defend_G","Defend_G","Defend_G","Defend_G","Defend_G","Survivor","Neutralize+1","Backflip","Cloak And Dagger+1","Venomology","Infinite Blades+1","Burst+1","Accuracy+1","Accuracy+1","After Image","A Thousand Cuts+1","Accuracy+1","Predator+1","Cloak And Dagger+1","Tactician"],"relics":["ice","SlaversCollar","Gensokyo:Justice","Whetstone","Regal Pillow","Pear","Philosopher\u0027s Stone","MawBank","Nunchaku","Molten Egg 2","Vajra","TungstenRod","Dream Catcher","SacredBark","Old Coin","Mercury Hourglass","Singing Bowl","Bottled Lightning","Bag of Marbles","Bag of Preparation","Incense Burner","Toolbox","Centennial Puzzle"],"acts_visited":["Gensokyo:Gensokyo","Gensokyo:Gensokyoer","TheBeyond","TheEnding"],"potions_floor_usage":[55,55,55,55,55],"damage_taken":[{"damage":0.0,"enemies":"Gensokyo:Python","floor":1.0,"turns":4.0},{"damage":3.0,"enemies":"Gensokyo:3_Fairies","floor":3.0,"turns":5.0},{"damage":3.0,"enemies":"Gensokyo:2_Kodama","floor":5.0,"turns":3.0},{"damage":33.0,"enemies":"Gensokyo:Mamizou","floor":6.0,"turns":12.0},{"damage":14.0,"enemies":"Gensokyo:Aya","floor":10.0,"turns":5.0},{"damage":0.0,"enemies":"Gensokyo:LivingMonolith","floor":11.0,"turns":2.0},{"damage":10.0,"enemies":"Gensokyo:Gryphon_and_Rabbit","floor":14.0,"turns":4.0},{"damage":15.0,"enemies":"Gensokyo:Yukari","floor":16.0,"turns":10.0},{"damage":9.0,"enemies":"Gensokyo:Chomper","floor":18.0,"turns":5.0},{"damage":4.0,"enemies":"Gensokyo:CosmicMonolith","floor":21.0,"turns":4.0},{"damage":22.0,"enemies":"Gensokyo:Wraith","floor":22.0,"turns":4.0},{"damage":6.0,"enemies":"Gensokyo:Reisen","floor":23.0,"turns":6.0},{"damage":22.0,"enemies":"Gensokyo:Slime_Group","floor":25.0,"turns":5.0},{"damage":30.0,"enemies":"Gensokyo:Tenshi","floor":28.0,"turns":4.0},{"damage":8.0,"enemies":"Gensokyo:Chomper_and_Gloop","floor":31.0,"turns":5.0},{"damage":0.0,"enemies":"Gensokyo:Eiki","floor":33.0,"turns":7.0},{"damage":32.0,"enemies":"3 Darklings","floor":35.0,"turns":6.0},{"damage":0.0,"enemies":"Mind Bloom Boss Battle","floor":37.0,"turns":4.0},{"damage":16.0,"enemies":"3 Shapes","floor":38.0,"turns":4.0},{"damage":25.0,"enemies":"Transient","floor":39.0,"turns":5.0},{"damage":0.0,"enemies":"Giant Head","floor":40.0,"turns":4.0},{"damage":3.0,"enemies":"3 Darklings","floor":42.0,"turns":4.0},{"damage":37.0,"enemies":"Jaw Worm Horde","floor":44.0,"turns":4.0},{"damage":40.0,"enemies":"Nemesis","floor":45.0,"turns":5.0},{"damage":5.0,"enemies":"Sphere and 2 Shapes","floor":46.0,"turns":4.0},{"damage":9.0,"enemies":"Giant Head","floor":48.0,"turns":5.0},{"damage":54.0,"enemies":"Donu and Deca","floor":50.0,"turns":8.0},{"damage":81.0,"enemies":"Shield and Spear","floor":54.0,"turns":8.0},{"damage":103,"enemies":"The Heart","floor":55,"turns":7}],"seed_played":"-4697100292148735658","potions_obtained":[{"floor":1.0,"key":"SpeedPotion"},{"floor":3.0,"key":"Fire Potion"},{"floor":6.0,"key":"PowerPotion"},{"floor":14.0,"key":"FearPotion"},{"floor":23.0,"key":"DuplicationPotion"},{"floor":25.0,"key":"SkillPotion"},{"floor":31.0,"key":"EntropicBrew"},{"floor":35.0,"key":"FearPotion"},{"floor":39.0,"key":"AttackPotion"},{"floor":45.0,"key":"SmokeBomb"}],"is_trial":false,"path_per_floor":["M","?","M","?","M","E","$","R","T","E","M","?","$","M","R","B",null,"M","?","$","M","M","E","R","M","T","T","E","$","$","M","R","B",null,"M","?","?","M","M","E","R","M","T","M","E","M","R","E","R","B",null,"R","$","E","B",null],"character_chosen":"THE_SILENT","items_purchased":["Infinite Blades","Accuracy","Nunchaku","Swift Potion","Bag of Preparation","Incense Burner","Toolbox","BlessingOfTheForge"],"campfire_rested":1,"item_purchase_floors":[7,13,20,30,53,53,53,53],"current_hp_per_floor":[63,63,60,67,64,31,31,31,31,17,17,12,12,85,85,70,84,75,75,75,71,49,43,43,35,35,35,82,82,82,74,74,74,85,53,53,53,37,12,12,53,50,50,42,93,90,90,83,83,29,85,85,85,6,2],"gold":47,"neow_bonus":"BOSS_RELIC","is_daily":false,"chose_seed":false,"campfire_upgraded":6,"win_rate":0.0,"timestamp":1608393607,"path_taken":["M","?","M","?","M","E","$","R","T","E","?","?","$","M","R","BOSS","M","?","?","?","M","E","R","M","T","?","E","?","$","M","R","BOSS","M","?","?","M","M","E","R","M","T","M","E","M","R","E","R","BOSS","R","$","E","BOSS"],"items_purchased_type":["Card","Card","Relic","Potion","Relic","Relic","Relic","Potion"],"build_version":"2020-12-13","purchased_purges":2,"victory":true,"max_hp_per_floor":[70,70,70,77,77,77,77,77,77,77,77,87,87,89,89,89,89,89,82,82,82,82,82,82,82,82,82,82,82,82,89,89,89,89,89,89,89,89,89,89,89,89,89,91,93,101,101,103,103,103,103,103,103,105,190],"card_choices":[{"not_picked":["Quick Slash","Flying Knee"],"picked":"Escape Plan","floor":1.0},{"not_picked":["Outmaneuver","Infinite Blades"],"picked":"Backflip","floor":3.0},{"not_picked":["Sucker Punch","Blur"],"picked":"Cloak And Dagger","floor":5.0},{"not_picked":["Deflect","Sucker Punch"],"picked":"Venomology","floor":6.0},{"not_picked":["Reflex","Die Die Die"],"picked":"Burst","floor":10.0},{"not_picked":["Cloak And Dagger","Quick Slash"],"picked":"Accuracy","floor":11.0},{"not_picked":["Deflect","Underhanded Strike","Slice"],"picked":"SKIP","floor":14.0},{"not_picked":["Glass Knife","Die Die Die"],"picked":"After Image","floor":16.0},{"not_picked":["Backflip","Slice","Crippling Poison"],"picked":"SKIP","floor":18.0},{"not_picked":["Quick Slash","Infinite Blades+1","Eviscerate"],"picked":"SKIP","floor":21.0},{"not_picked":["Caltrops","Underhanded Strike","Slice"],"picked":"SKIP","floor":22.0},{"not_picked":["Sucker Punch+1","Flying Knee+1"],"picked":"A Thousand Cuts","floor":23.0},{"not_picked":["Setup+1","Riddle With Holes+1","Poisoned Stab+1"],"picked":"SKIP","floor":25.0},{"not_picked":["Slice+1","Deflect+1"],"picked":"Accuracy+1","floor":28.0},{"not_picked":["Choke+1","Caltrops+1","Footwork"],"picked":"SKIP","floor":31.0},{"not_picked":["Sucker Punch+1","Distraction+1","Heel Hook+1"],"picked":"SKIP","floor":35.0},{"not_picked":["Dagger Spray+1","Crippling Poison"],"picked":"Predator+1","floor":37.0},{"not_picked":["Caltrops","Deflect+1"],"picked":"Cloak And Dagger+1","floor":38.0},{"not_picked":["Quick Slash+1","Backstab+1","Slice+1"],"picked":"SKIP","floor":39.0},{"not_picked":["Bullet Time","Riddle With Holes+1","Choke+1"],"picked":"SKIP","floor":40.0},{"not_picked":["Slice+1","Underhanded Strike+1"],"picked":"Tactician","floor":42.0},{"not_picked":["Leg Sweep","Slice+1","Footwork"],"picked":"Singing Bowl","floor":44.0},{"not_picked":["Bouncing Flask","Underhanded Strike+1","Choke+1"],"picked":"Singing Bowl","floor":45.0},{"not_picked":["Sucker Punch+1","Cloak And Dagger","Dodge and Roll"],"picked":"Singing Bowl","floor":46.0},{"not_picked":["Noxious Fumes+1","Skewer+1","Cloak And Dagger+1"],"picked":"Singing Bowl","floor":48.0},{"not_picked":["Corpse Explosion","Sucker Punch+1","Deadly Poison"],"picked":"Singing Bowl","floor":54.0}],"player_experience":193227,"relics_obtained":[{"floor":6.0,"key":"Whetstone"},{"floor":10.0,"key":"Regal Pillow"},{"floor":23.0,"key":"Molten Egg 2"},{"floor":26.0,"key":"Vajra"},{"floor":27.0,"key":"TungstenRod"},{"floor":28.0,"key":"Dream Catcher"},{"floor":37.0,"key":"Old Coin"},{"floor":40.0,"key":"Mercury Hourglass"},{"floor":43.0,"key":"Singing Bowl"},{"floor":45.0,"key":"Bottled Lightning"},{"floor":48.0,"key":"Bag of Marbles"},{"floor":54.0,"key":"Centennial Puzzle"}],"event_choices":[{"cards_removed":["Strike_G"],"damage_healed":0.0,"max_hp_gain":0.0,"max_hp_loss":0.0,"gold_gain":0.0,"event_name":"Falling","player_choice":"Removed Attack","floor":36.0,"gold_loss":0.0,"damage_taken":0.0},{"damage_healed":0.0,"max_hp_gain":0.0,"max_hp_loss":0.0,"gold_gain":0.0,"event_name":"MindBloom","player_choice":"Fight","floor":37.0,"gold_loss":0.0,"damage_taken":0.0}],"is_beta":false,"boss_relics":[{"not_picked":["Ectoplasm","HoveringKite"],"picked":"Philosopher\u0027s Stone"},{"not_picked":["Coffee Dripper","Tiny House"],"picked":"SacredBark"}],"items_purged_floors":[7,29],"is_endless":false,"potions_floor_spawned":[1,3,6,14,16,23,25,31,33,35,39,42,45,48],"ascension_level":11}}