{"host":"bux1pdxjwq4dkad9","time":1608370780,"event":{"mods":["ATMod(∞¢Ë™Mod)","BaseMod","Colored Map","Minty Spire (QoL Compilation)","MostiFishMod","Quick Restart","Robot Space Explorer","StSLib","SuperFastMode","TestMod","°æ“≈ŒÔMod°øºÚµ•”Œœ∑","°æ“≈ŒÔø®≈∆°øREMEMod"],"gold_per_floor":[119,44,55,130,141,172,172,189,260,278,278,305,343,445,445,545,545,633,573,598,634,634,634,685,777,777,777,559,559,693,737,737,889,889,1034,934,969,969,969,969,1025,1025,1052,1203,1203,1253,1367,1406,1406,1456,1481,1481,1481,904,980,1005],"floor_reached":57,"playtime":1285,"items_purged":["RobotSpaceExplorer:Strike","RobotSpaceExplorer:Strike","Decay","Pain"],"score":3771,"play_id":"eb78c173-c128-48aa-8f35-a269cea6e673","local_time":"20201219173940","is_ascension_mode":true,"campfire_choices":[{"data":"RobotSpaceExplorer:HighVoltage","floor":7.0,"key":"SMITH"},{"data":"MostiFishMod:UniBlue","floor":15.0,"key":"SMITH"},{"data":"RobotSpaceExplorer:MiniBoosters","floor":23.0,"key":"SMITH"},{"data":"RobotSpaceExplorer:Fix","floor":27.0,"key":"SMITH"},{"data":"AT_EssenceShift","floor":29.0,"key":"SMITH"},{"floor":32.0,"key":"RECALL"},{"data":"RobotSpaceExplorer:TrailblazerForm","floor":40.0,"key":"SMITH"},{"data":"RobotSpaceExplorer:Multitool","floor":42.0,"key":"SMITH"},{"data":"RobotSpaceExplorer:SwiftStep","floor":45.0,"key":"SMITH"},{"data":"RobotSpaceExplorer:ExhaustFan","floor":49.0,"key":"SMITH"},{"data":"RobotSpaceExplorer:MiniLasers","floor":53.0,"key":"SMITH"}],"circlet_count":0,"master_deck":["AscendersBane","RobotSpaceExplorer:Defend","RobotSpaceExplorer:Defend","RobotSpaceExplorer:Defend","RobotSpaceExplorer:Defend","RobotSpaceExplorer:Scan+1","RobotSpaceExplorer:MiniLasers+1","AT_EssenceShift+1","MostiFishMod:UniBlue+1","RobotSpaceExplorer:SelfCleaning+1","RobotSpaceExplorer:HighVoltage+1","RobotSpaceExplorer:Fix+1","RobotSpaceExplorer:ExhaustFan+1","RobotSpaceExplorer:FranticSearch","RobotSpaceExplorer:TrailblazerForm+1","RobotSpaceExplorer:MiniBoosters+1","RobotSpaceExplorer:Multitool+1","RobotSpaceExplorer:SwiftStep+1","RobotSpaceExplorer:RigExplosive+1"],"relics":["RobotSpaceExplorer:RoboCore","REME_ComplimentaryCards","AT_ATBox","DaveBox","testmod-TestBox","EasyMod:Easy_2","testmod-CrystalShield","Chemical X","NeowsBlessing","Question Card","Bird Faced Urn","testmod-ArcanaOfDestiny","AT_MibuBalloonWealth","REME_HandOfSuture","ImportantClient","Runic Pyramid","Akabeko","AT_RedTearstoneRing","REME_CardOfGreed","Letter Opener","SlaversCollar","WarpedTongs","testmod-IndustrialRevolution","Strawberry","Turnip","AT_SunfireAegis","OrangePellets","Vajra","Nunchaku","War Paint"],"acts_visited":["Exordium","TheCity","TheBeyond","TheEnding"],"potions_floor_usage":[55,56,56,56,56],"damage_taken":[{"damage":0.0,"enemies":"Jaw Worm","floor":1.0,"turns":1.0},{"damage":0.0,"enemies":"Small Slimes","floor":3.0,"turns":1.0},{"damage":0.0,"enemies":"Cultist","floor":5.0,"turns":1.0},{"damage":0.0,"enemies":"3 Sentries","floor":6.0,"turns":6.0},{"damage":2.0,"enemies":"3 Louse","floor":8.0,"turns":2.0},{"damage":0.0,"enemies":"Lots of Slimes","floor":10.0,"turns":1.0},{"damage":4.0,"enemies":"Gremlin Nob","floor":12.0,"turns":2.0},{"damage":0.0,"enemies":"Blue Slaver","floor":13.0,"turns":2.0},{"damage":0.0,"enemies":"3 Sentries","floor":14.0,"turns":1.0},{"damage":0.0,"enemies":"The Guardian","floor":16.0,"turns":6.0},{"damage":0.0,"enemies":"3 Byrds","floor":18.0,"turns":2.0},{"damage":0.0,"enemies":"Spheric Guardian","floor":21.0,"turns":1.0},{"damage":0.0,"enemies":"Book of Stabbing","floor":24.0,"turns":2.0},{"damage":0.0,"enemies":"3 Cultists","floor":25.0,"turns":3.0},{"damage":0.0,"enemies":"Gremlin Leader","floor":30.0,"turns":3.0},{"damage":0.0,"enemies":"Snecko","floor":31.0,"turns":2.0},{"damage":0.0,"enemies":"Collector","floor":33.0,"turns":5.0},{"damage":0.0,"enemies":"3 Darklings","floor":35.0,"turns":1.0},{"damage":0.0,"enemies":"Orb Walker","floor":37.0,"turns":1.0},{"damage":0.0,"enemies":"Maw","floor":39.0,"turns":1.0},{"damage":18.0,"enemies":"Giant Head","floor":41.0,"turns":4.0},{"damage":0.0,"enemies":"Reptomancer","floor":44.0,"turns":2.0},{"damage":7.0,"enemies":"Giant Head","floor":46.0,"turns":4.0},{"damage":0.0,"enemies":"4 Shapes","floor":47.0,"turns":1.0},{"damage":30.0,"enemies":"Transient","floor":48.0,"turns":6.0},{"damage":10.0,"enemies":"Donu and Deca","floor":50.0,"turns":3.0},{"damage":27.0,"enemies":"Time Eater","floor":51.0,"turns":6.0},{"damage":0,"enemies":"Shield and Spear","floor":55,"turns":2},{"damage":0,"enemies":"The Heart","floor":56,"turns":4}],"seed_played":"6362770786113526047","potions_obtained":[{"floor":1.0,"key":"LiquidBronze"},{"floor":5.0,"key":"ColorlessPotion"},{"floor":8.0,"key":"ColorlessPotion"},{"floor":12.0,"key":"testmod-SpacePotion"},{"floor":14.0,"key":"Block Potion"},{"floor":25.0,"key":"Dexterity Potion"},{"floor":30.0,"key":"PowerPotion"},{"floor":31.0,"key":"testmod-EscapePotion"},{"floor":46.0,"key":"SkillPotion"}],"is_trial":false,"path_per_floor":["M","?","M","?","M","E","R","M","T","M","?","E","M","E","R","B",null,"M","$","T","M","?","R","E","M","T","R","$","R","E","M","R","B",null,"M","$","M","?","M","R","E","R","T","E","R","E","M","M","R","B","B",null,"R","$","E","B",null],"character_chosen":"RobotSpaceExplorer","items_purchased":["REME_CardOfGreed","OrangePellets","Vajra","Nunchaku","DuplicationPotion"],"campfire_rested":0,"item_purchase_floors":[28,54,54,54,54],"current_hp_per_floor":[64,64,64,53,53,53,53,51,51,51,51,59,65,65,65,71,71,71,71,71,71,71,71,71,71,71,71,71,71,71,71,71,71,71,71,71,71,71,71,71,67,67,74,78,78,73,73,65,65,77,68,76,76,76,78,78],"gold":1005,"neow_bonus":"THREE_ENEMY_KILL","is_daily":false,"chose_seed":false,"campfire_upgraded":10,"win_rate":0.0,"timestamp":1608370780,"path_taken":["M","?","M","?","M","E","R","M","T","M","?","E","M","E","R","BOSS","M","$","?","M","?","R","E","M","T","R","$","R","E","M","R","BOSS","M","?","M","?","M","R","E","R","T","E","R","E","M","?","R","BOSS","BOSS","R","$","E","BOSS"],"items_purchased_type":["Relic","Relic","Relic","Relic","Potion"],"build_version":"2020-12-13","purchased_purges":4,"victory":true,"max_hp_per_floor":[71,71,71,71,71,71,71,71,71,71,71,71,71,71,71,71,71,71,71,71,71,71,71,71,71,71,71,71,71,71,71,71,71,71,71,71,71,71,71,71,71,71,78,78,78,78,78,78,78,78,78,78,78,78,78,78],"card_choices":[{"not_picked":["RobotSpaceExplorer:Electroshield","RobotSpaceExplorer:Reload"],"picked":"RobotSpaceExplorer:SelfCleaning","floor":1.0},{"not_picked":["RobotSpaceExplorer:SurgingShield","RobotSpaceExplorer:Electroshield","RobotSpaceExplorer:FrostMissile","RobotSpaceExplorer:MetalStrike"],"picked":"SKIP","floor":3.0},{"not_picked":["RobotSpaceExplorer:StunGrenade","RobotSpaceExplorer:GlueShot","RobotSpaceExplorer:FrostMissile","RobotSpaceExplorer:SurgingShield"],"picked":"SKIP","floor":5.0},{"not_picked":["RobotSpaceExplorer:Pulsar","RobotSpaceExplorer:ScrapToss","RobotSpaceExplorer:SlimeMissile"],"picked":"RobotSpaceExplorer:HighVoltage","floor":6.0},{"not_picked":["RobotSpaceExplorer:MakeshiftVolley","RobotSpaceExplorer:FrostMissile","RobotSpaceExplorer:Ammunition"],"picked":"RobotSpaceExplorer:Fix","floor":8.0},{"not_picked":["RobotSpaceExplorer:ScrapShield","RobotSpaceExplorer:StunGrenade","RobotSpaceExplorer:SurgingShield","RobotSpaceExplorer:IronShell"],"picked":"SKIP","floor":10.0},{"not_picked":["RobotSpaceExplorer:ImprovisedAttack","RobotSpaceExplorer:StarLightning","RobotSpaceExplorer:StunGrenade"],"picked":"RobotSpaceExplorer:ExhaustFan","floor":12.0},{"not_picked":["RobotSpaceExplorer:ToxicBomb","RobotSpaceExplorer:Ammunition","RobotSpaceExplorer:ScrapShield"],"picked":"RobotSpaceExplorer:FranticSearch","floor":13.0},{"not_picked":["RobotSpaceExplorer:PowerGlove","RobotSpaceExplorer:MiniDrones","RobotSpaceExplorer:ScrapToss","RobotSpaceExplorer:ImprovisedAttack"],"picked":"SKIP","floor":14.0},{"not_picked":["RobotSpaceExplorer:PowerGlove","RobotSpaceExplorer:MiniDrones","RobotSpaceExplorer:ScrapToss","RobotSpaceExplorer:ImprovisedAttack"],"picked":"SKIP","floor":14.0},{"not_picked":["RobotSpaceExplorer:Explosion","RobotSpaceExplorer:ChargingLaser","RobotSpaceExplorer:Multitool"],"picked":"RobotSpaceExplorer:TrailblazerForm","floor":16.0},{"not_picked":["RobotSpaceExplorer:Discharger","RobotSpaceExplorer:SurgingShield","RobotSpaceExplorer:Counterblock"],"picked":"RobotSpaceExplorer:MiniBoosters","floor":18.0},{"not_picked":["RobotSpaceExplorer:Probe","RobotSpaceExplorer:SurgingStrike","RobotSpaceExplorer:Electroshield","RobotSpaceExplorer:GlueSpray"],"picked":"SKIP","floor":21.0},{"not_picked":["RobotSpaceExplorer:ToxicBomb","RobotSpaceExplorer:ExhaustFan","RobotSpaceExplorer:Calculate","RobotSpaceExplorer:MetalStrike"],"picked":"SKIP","floor":24.0},{"not_picked":["RobotSpaceExplorer:SlimeMissile+1","RobotSpaceExplorer:Fix","RobotSpaceExplorer:ExhaustFan","RobotSpaceExplorer:ImprovisedAttack"],"picked":"SKIP","floor":25.0},{"not_picked":["RobotSpaceExplorer:IronShell","RobotSpaceExplorer:GlueShot","RobotSpaceExplorer:MiniDrones","RobotSpaceExplorer:DoubleBlock"],"picked":"SKIP","floor":30.0},{"not_picked":["RobotSpaceExplorer:MetalStrike","RobotSpaceExplorer:Electropulse+1","RobotSpaceExplorer:Asteroid","RobotSpaceExplorer:MiniDrones"],"picked":"SKIP","floor":31.0},{"not_picked":["RobotSpaceExplorer:Asteroid","RobotSpaceExplorer:Explosion","RobotSpaceExplorer:HighVoltage"],"picked":"RobotSpaceExplorer:Multitool","floor":33.0},{"not_picked":["RobotSpaceExplorer:SurgingShield+1","RobotSpaceExplorer:LaserBurst","RobotSpaceExplorer:PlasmaMissile","RobotSpaceExplorer:StarDust"],"picked":"SKIP","floor":35.0},{"not_picked":["RobotSpaceExplorer:ScrapMissile","RobotSpaceExplorer:Probe+1","RobotSpaceExplorer:Explosion"],"picked":"RobotSpaceExplorer:SwiftStep","floor":37.0},{"not_picked":["RobotSpaceExplorer:BigMissile","RobotSpaceExplorer:LaserBurst","RobotSpaceExplorer:MetalStrike","RobotSpaceExplorer:ScrapMissile"],"picked":"SKIP","floor":39.0},{"not_picked":["RobotSpaceExplorer:MetalStrike+1","RobotSpaceExplorer:ShockMissile","RobotSpaceExplorer:SwiftStep","RobotSpaceExplorer:ScrapMissile"],"picked":"SKIP","floor":41.0},{"not_picked":["RobotSpaceExplorer:PlasmaMissile","RobotSpaceExplorer:ScrapMissile+1","RobotSpaceExplorer:Smokescreen+1","RobotSpaceExplorer:RigExplosive"],"picked":"SKIP","floor":44.0},{"not_picked":["RobotSpaceExplorer:ShockKick+1","RobotSpaceExplorer:Ammunition","RobotSpaceExplorer:Autoloader","RobotSpaceExplorer:Comet"],"picked":"SKIP","floor":46.0},{"not_picked":["RobotSpaceExplorer:MiniDrones","RobotSpaceExplorer:IronShell","RobotSpaceExplorer:FreezingShield","RobotSpaceExplorer:Pulsar"],"picked":"SKIP","floor":47.0},{"not_picked":["RobotSpaceExplorer:RigExplosive","RobotSpaceExplorer:SlimeMissile+1","RobotSpaceExplorer:Counterblock+1","RobotSpaceExplorer:ImprovisedAttack+1"],"picked":"SKIP","floor":48.0},{"not_picked":["RobotSpaceExplorer:Scanner","RobotSpaceExplorer:ScrapMissile","RobotSpaceExplorer:StarLightning"],"picked":"RobotSpaceExplorer:RigExplosive+1","floor":55}],"player_experience":2350225,"relics_obtained":[{"floor":1.0,"key":"Question Card"},{"floor":6.0,"key":"Bird Faced Urn"},{"floor":9.0,"key":"testmod-ArcanaOfDestiny"},{"floor":12.0,"key":"AT_MibuBalloonWealth"},{"floor":14.0,"key":"REME_HandOfSuture"},{"floor":16.0,"key":"ImportantClient"},{"floor":20.0,"key":"Akabeko"},{"floor":24.0,"key":"AT_RedTearstoneRing"},{"floor":30.0,"key":"Letter Opener"},{"floor":41.0,"key":"testmod-IndustrialRevolution"},{"floor":43.0,"key":"Strawberry"},{"floor":44.0,"key":"Turnip"},{"floor":46.0,"key":"AT_SunfireAegis"},{"floor":55,"key":"War Paint"}],"event_choices":[{"cards_removed":["RobotSpaceExplorer:Strike"],"damage_healed":0.0,"max_hp_gain":0.0,"max_hp_loss":0.0,"gold_gain":0.0,"event_name":"The Cleric","player_choice":"Card Removal","floor":2.0,"gold_loss":75.0,"damage_taken":0.0},{"damage_healed":0.0,"max_hp_gain":0.0,"max_hp_loss":0.0,"gold_gain":75.0,"event_name":"World of Goop","player_choice":"Gather Gold","floor":4.0,"gold_loss":0.0,"damage_taken":11.0},{"cards_removed":["RobotSpaceExplorer:Strike"],"damage_healed":0.0,"max_hp_gain":0.0,"max_hp_loss":0.0,"gold_gain":0.0,"event_name":"Purifier","player_choice":"Purged","floor":11.0,"gold_loss":0.0,"damage_taken":0.0},{"damage_healed":0.0,"max_hp_gain":0.0,"max_hp_loss":0.0,"gold_gain":0.0,"event_name":"Wheel of Change","player_choice":"Cursed","floor":22.0,"gold_loss":0.0,"damage_taken":0.0,"cards_obtained":["Decay"]},{"damage_healed":0.0,"max_hp_gain":0.0,"max_hp_loss":0.0,"gold_gain":0.0,"event_name":"Accursed Blacksmith","player_choice":"Rummage","floor":38.0,"gold_loss":0.0,"damage_taken":0.0,"relics_obtained":["WarpedTongs"],"cards_obtained":["Pain"]}],"is_beta":false,"boss_relics":[{"not_picked":["testmod-HarvestTotem","testmod-Recursion"],"picked":"Runic Pyramid"},{"not_picked":["GreenFoldingFan","DiscerningMonocle"],"picked":"SlaversCollar"}],"items_purged_floors":[19,28,36,54],"is_endless":false,"potions_floor_spawned":[1,5,8,12,14,25,30,31,33,37,46,47,48],"ascension_level":20}}