{"host":"u2grshebrc5rdzdn","time":1608394416,"event":{"mods":["AchievementEnabler","BaseMod","Minty Spire (QoL Compilation)","StSLib"],"gold_per_floor":[111,111,36,52,62,96,96,126,126,126,96,112,187,198,198,296,296,316,231,231,50,50,50,50],"floor_reached":23,"playtime":1282,"items_purged":["Decay","Strike_B"],"score":236,"play_id":"0edcf06f-ff0c-499e-9f37-9c01d704f0b4","local_time":"20201219171336","is_ascension_mode":true,"campfire_choices":[{"data":"Genetic Algorithm","floor":7,"key":"SMITH"},{"data":"Strike_B","floor":10,"key":"PURGE"},{"data":"Defend_B","floor":15,"key":"PURGE"}],"circlet_count":0,"master_deck":["Defend_B","Defend_B","Zap","Dualcast","Multi-Cast","Glacier","White Noise","Genetic Algorithm+1","Machine Learning","Defragment","Self Repair","Creative AI","Loop","Capacitor","Consume"],"relics":["Cracked Core","Bird Faced Urn","Unceasing Top","Peace Pipe","Empty Cage","Kunai"],"acts_visited":["Exordium","TheCity"],"potions_floor_usage":[14,23],"damage_taken":[{"damage":1,"enemies":"Small Slimes","floor":1,"turns":3},{"damage":0,"enemies":"Cultist","floor":4,"turns":2},{"damage":0,"enemies":"Jaw Worm","floor":5,"turns":4},{"damage":29,"enemies":"3 Sentries","floor":6,"turns":10},{"damage":21,"enemies":"Lagavulin","floor":8,"turns":8},{"damage":7,"enemies":"Looter","floor":11,"turns":4},{"damage":0,"enemies":"Blue Slaver","floor":12,"turns":5},{"damage":0,"enemies":"2 Fungi Beasts","floor":14,"turns":5},{"damage":26,"enemies":"The Guardian","floor":16,"turns":19},{"damage":13,"enemies":"Chosen","floor":18,"turns":7},{"damage":89,"enemies":"Book of Stabbing","floor":23,"turns":7}],"seed_played":"-6988594740937298520","potions_obtained":[{"floor":1,"key":"FearPotion"},{"floor":8,"key":"Swift Potion"},{"floor":12,"key":"DistilledChaos"},{"floor":14,"key":"SteroidPotion"},{"floor":18,"key":"Explosive Potion"}],"is_trial":false,"path_per_floor":["M","?","$","M","M","E","R","E","T","R","M","M","?","M","R","B",null,"M","?","?","$","?","E"],"character_chosen":"DEFECT","items_purchased":["Capacitor"],"campfire_rested":0,"item_purchase_floors":[21],"current_hp_per_floor":[74,74,74,74,74,45,45,34,34,34,31,35,24,30,30,19,75,72,72,72,72,72,0,0],"gold":50,"neow_bonus":"ONE_RANDOM_RARE_CARD","is_daily":false,"chose_seed":false,"campfire_upgraded":1,"win_rate":0.0,"timestamp":1608394416,"path_taken":["M","?","$","M","M","E","R","E","T","R","M","?","?","M","R","BOSS","M","?","?","$","?","E"],"items_purchased_type":["Card"],"build_version":"2020-12-13","purchased_purges":2,"victory":false,"max_hp_per_floor":[75,75,75,75,75,75,75,75,75,75,75,75,75,75,75,75,75,75,75,75,75,75,75,75],"card_choices":[{"not_picked":["Rip and Tear","Stack"],"picked":"Glacier","floor":1},{"not_picked":["Sweeping Beam","Rebound"],"picked":"White Noise","floor":4},{"not_picked":["Compile Driver","Amplify"],"picked":"Genetic Algorithm","floor":5},{"not_picked":["Cold Snap","Recycle"],"picked":"Machine Learning","floor":6},{"not_picked":["Ball Lightning","Rebound","Stack"],"picked":"SKIP","floor":8},{"not_picked":["Go for the Eyes","Hologram","Streamline"],"picked":"SKIP","floor":11},{"not_picked":["Hologram","Blizzard"],"picked":"Defragment","floor":12},{"not_picked":["Consume","Double Energy"],"picked":"Self Repair","floor":14},{"not_picked":["Amplify","Biased Cognition"],"picked":"Creative AI","floor":16},{"not_picked":["Compile Driver","Hello World"],"picked":"Loop","floor":18}],"player_experience":294646,"relics_obtained":[{"floor":6,"key":"Bird Faced Urn"},{"floor":8,"key":"Unceasing Top"},{"floor":9,"key":"Peace Pipe"}],"event_choices":[{"damage_healed":0,"gold_gain":0,"player_choice":"Cursed","damage_taken":0,"max_hp_gain":0,"max_hp_loss":0,"event_name":"Wheel of Change","floor":2,"gold_loss":0,"cards_obtained":["Decay"]},{"damage_healed":0,"gold_gain":75,"player_choice":"Gather Gold","damage_taken":11,"max_hp_gain":0,"max_hp_loss":0,"event_name":"World of Goop","floor":13,"gold_loss":0},{"damage_healed":0,"gold_gain":0,"player_choice":"Obtained Relic","damage_taken":0,"relics_obtained":["Kunai"],"max_hp_gain":0,"max_hp_loss":0,"event_name":"Addict","floor":19,"gold_loss":85},{"cards_removed":["Strike_B"],"damage_healed":0,"gold_gain":0,"player_choice":"Elegance","damage_taken":0,"max_hp_gain":0,"max_hp_loss":0,"event_name":"Back to Basics","floor":20,"gold_loss":0},{"damage_healed":0,"gold_gain":0,"player_choice":"Read","damage_taken":0,"max_hp_gain":0,"max_hp_loss":0,"event_name":"The Library","floor":22,"gold_loss":0,"cards_obtained":["Consume"]}],"is_beta":false,"boss_relics":[{"not_picked":["Ectoplasm","Pandora\u0027s Box"],"picked":"Empty Cage"}],"items_purged_floors":[3,21],"is_endless":false,"potions_floor_spawned":[1,8,12,14,16,18],"killed_by":"Book of Stabbing","ascension_level":4}}