{"host":"rihxvzvzrfpivboj","time":1608395346,"event":{"mods":["Act Like it!","BaseMod","Better Third Choice","Block Reminder","Colored Map","Colored Powertips","Gensokyo","GifTheSpireLib","Googly Eyes","Jorbs\u0027s Wanderer Trilogy","Keyboard Shortcuts","KomeijiMod","Minty Spire (QoL Compilation)","Quick Restart","ReimuÅiîé??öÎÅj","Relic Sorter","StSLib","The Construct","The Hierophant","The Jungle","The Poker Player","The Senshi","Unceasing Turn Reminder","Waifu the Spire"],"gold_per_floor":[176,190,201,201,220,220,253,265,265,276,303,320,320,330,330,429,429,448,466,482,115,215,241,241,241,241,241,257,257,507,536,536,631,631,645,664,263,274,274,305,106,106,106,121,121,156,12,47,47,47,47,47,47,80,80],"floor_reached":56,"playtime":3772,"items_purged":["BombardNight","Warpath"],"score":1337,"play_id":"c58ce0be-cac6-49d8-b485-0129733c50eb","local_time":"20201219172906","is_ascension_mode":false,"campfire_choices":[{"data":"CruelSlaughter","floor":6,"key":"SMITH"},{"floor":15,"key":"REST"},{"data":"StigmaNizer","floor":27,"key":"SMITH"},{"data":"Scratch","floor":29,"key":"SMITH"},{"data":"PartStrengthen","floor":32,"key":"SMITH"},{"data":"BodyStrengthen","floor":42,"key":"SMITH"},{"floor":49,"key":"RECALL"},{"data":"HeartBreak_Remiria","floor":52,"key":"SMITH"}],"circlet_count":0,"master_deck":["Absorbed","Scratch+1","BodyStrengthen+1","CruelSlaughter+1","StigmaNizer+1","ServantFlier","BloodCleaner","CruelSlaughter","Culling","PartStrengthen+1","AllTheWorldInNightmare","BloodCoagulation","BloodCollect","DemonLordWalk","ServantFlier","ThirstForBlood","RocketKickup","Gensokyo:Kunekune","RemiliaStalker","Reaper_Remiria","ScarletDestiny+1","CurseofVladTepes+1","Decay","HeartBreak_Remiria+1","BodyStrengthen+1"],"relics":["ThirstyCrossSpe","Pear","Calipers","CrazyTorch:ReiMu","CaptainsWheel","Pandora\u0027s Box","Ice Cream","Incense Burner","FossilizedHelix","Oddly Smooth Stone","Frozen Egg 2","construct:WeddingRing","NitorisBag","Meat on the Bone","Toy Ornithopter","Sundial","Bottled Tornado","TheAbacus","theSenshi:FeatherClipsRelic","TungstenRod"],"acts_visited":["Exordium","Gensokyo:Gensokyo","TheBeyond","TheEnding"],"potions_floor_usage":[16,19,22,22,28,33,50,50,55],"damage_taken":[{"damage":0,"enemies":"Gensokyo:Python","floor":1,"turns":3},{"damage":0,"enemies":"Gensokyo:2_Kodama","floor":2,"turns":4},{"damage":0,"enemies":"Gensokyo:3_Fairies","floor":3,"turns":5},{"damage":14,"enemies":"Gensokyo:VengefulSpirit","floor":5,"turns":6},{"damage":13,"enemies":"Gensokyo:Mamizou","floor":7,"turns":7},{"damage":6,"enemies":"Gensokyo:Kitsune","floor":8,"turns":3},{"damage":8,"enemies":"Gensokyo:CorruptedTreant","floor":10,"turns":2},{"damage":0,"enemies":"Gensokyo:Cirno","floor":11,"turns":5},{"damage":0,"enemies":"Gensokyo:LivingMonolith","floor":12,"turns":2},{"damage":0,"enemies":"Gensokyo:Kitsune","floor":14,"turns":4},{"damage":44,"enemies":"Gensokyo:Kokoro","floor":16,"turns":10},{"damage":1,"enemies":"Gensokyo:Chomper","floor":18,"turns":5},{"damage":18,"enemies":"Gensokyo:3_Dogs","floor":19,"turns":3},{"damage":0,"enemies":"Gensokyo:3_Gloops","floor":20,"turns":2},{"damage":20,"enemies":"Gensokyo:3_Gloops","floor":22,"turns":9},{"damage":18,"enemies":"Gensokyo:Koishi","floor":23,"turns":7},{"damage":6,"enemies":"Gensokyo:Monolith_and_Dog","floor":28,"turns":4},{"damage":3,"enemies":"Gensokyo:Reisen","floor":31,"turns":5},{"damage":15,"enemies":"Gensokyo:Eiki","floor":33,"turns":6},{"damage":0,"enemies":"3 Shapes","floor":35,"turns":2},{"damage":0,"enemies":"Orb Walker","floor":36,"turns":3},{"damage":9,"enemies":"4 Shapes","floor":38,"turns":1},{"damage":1,"enemies":"Reptomancer","floor":40,"turns":4},{"damage":12,"enemies":"Spire Growth","floor":44,"turns":4},{"damage":0,"enemies":"Nemesis","floor":46,"turns":2},{"damage":1,"enemies":"Giant Head","floor":48,"turns":6},{"damage":20,"enemies":"Donu and Deca","floor":50,"turns":5},{"damage":86,"enemies":"Shield and Spear","floor":54,"turns":6},{"damage":13,"enemies":"The Heart","floor":55,"turns":8}],"seed_played":"-3195743202368281009","potions_obtained":[{"floor":1,"key":"Weak Potion"},{"floor":8,"key":"SkillPotion"},{"floor":10,"key":"Fire Potion"},{"floor":11,"key":"Regen Potion"},{"floor":18,"key":"Regen Potion"},{"floor":22,"key":"RedTea"},{"floor":23,"key":"GamblersBrew"},{"floor":35,"key":"Weak Potion"},{"floor":40,"key":"Weak Potion"},{"floor":54,"key":"Regen Potion"}],"is_trial":false,"path_per_floor":["M","M","M","?","M","R","E","M","T","M","E","M","?","M","R","B",null,"M","M","M","$","?","E","?","?","T","R","M","R","?","E","R","B",null,"M","M","$","M","?","E","$","R","T","M","?","E","$","E","R","B",null,"R","$","E","B",null],"character_chosen":"RemiriaScarlet","items_purchased":["Ice Cream","NitorisBag","Meat on the Bone","FairyPotion","TheAbacus"],"campfire_rested":1,"item_purchase_floors":[21,37,37,41,47],"current_hp_per_floor":[110,110,110,105,91,91,78,72,72,64,64,64,16,16,52,24,120,119,101,101,101,96,78,78,78,78,78,72,72,72,70,70,55,102,102,102,102,93,93,92,92,92,92,85,85,89,89,88,88,84,102,102,102,34,60],"gold":80,"neow_bonus":"TEN_PERCENT_HP_BONUS","is_daily":false,"chose_seed":false,"campfire_upgraded":6,"win_rate":0.0,"timestamp":1608395346,"path_taken":["M","M","M","?","M","R","E","M","T","M","E","M","?","M","R","BOSS","M","?","M","$","?","E","?","?","T","R","?","R","?","E","R","BOSS","M","M","$","M","?","E","?","R","T","?","?","E","?","E","R","BOSS","R","$","E","BOSS"],"items_purchased_type":["Relic","Relic","Relic","Potion","Relic"],"build_version":"2020-12-13","purchased_purges":2,"victory":true,"max_hp_per_floor":[110,110,110,120,120,120,120,120,120,120,120,120,120,120,120,120,120,120,120,120,120,120,120,108,108,108,108,108,108,102,102,102,102,102,102,102,102,102,102,102,102,102,102,102,102,102,102,102,102,102,102,102,102,102,102],"card_choices":[{"not_picked":["BloodPact","DoubleEdge"],"picked":"Warpath","floor":1},{"not_picked":["DoubleEdge","Cripple"],"picked":"BodyStrengthen","floor":2},{"not_picked":["FierceSweep","DemonsDinnerFork_Remiria"],"picked":"CruelSlaughter","floor":3},{"not_picked":["BloodCollect","DamonLordCradle_Remiria"],"picked":"StigmaNizer","floor":5},{"not_picked":["Warpath","FierceSweep"],"picked":"ServantFlier","floor":7},{"not_picked":["ChainGang","FierceSweep"],"picked":"BloodCleaner","floor":8},{"not_picked":["DoubleEdge","BloodCollect"],"picked":"CruelSlaughter","floor":10},{"not_picked":["Offensive","YoungDemonLord"],"picked":"Culling","floor":11},{"not_picked":["ServantFlier","DamonLordCradle_Remiria"],"picked":"PartStrengthen","floor":12},{"not_picked":["DemonsDinnerFork_Remiria","ServantFlier"],"picked":"AllTheWorldInNightmare","floor":14},{"not_picked":["RedtheNightlessCastle","RedMagic"],"picked":"BloodCoagulation","floor":16},{"not_picked":["BloodSurge","ChainGang","Tepes"],"picked":"SKIP","floor":18},{"not_picked":["FierceSweep+1","FastHealing","Tepes"],"picked":"SKIP","floor":19},{"not_picked":["Culling","Warpath"],"picked":"RocketKickup","floor":20},{"not_picked":["Feint+1","DamonLordCradle_Remiria","Cripple+1"],"picked":"SKIP","floor":23},{"not_picked":["Gensokyo:MenInBlack","Gensokyo:SevenSchoolMysteries"],"picked":"Gensokyo:Kunekune","floor":24},{"not_picked":["BloodyMagicSquare","BloodCleaner"],"picked":"RemiliaStalker","floor":28},{"not_picked":["BodyStrengthen","Cripple+1"],"picked":"Reaper_Remiria","floor":31},{"not_picked":["Coercion","Reaper_Remiria"],"picked":"ScarletDestiny","floor":33},{"not_picked":["DemonsDinnerFork_Remiria+1","DamonLordCradle_Remiria","Cripple"],"picked":"SKIP","floor":35},{"not_picked":["BloodCleaner+1","BathedInBlood+1","ServantFlier"],"picked":"SKIP","floor":36},{"not_picked":["BodyStrengthen+1","TricksterDevil+1"],"picked":"CurseofVladTepes+1","floor":38},{"not_picked":["BodyStrengthen","FierceSweep+1","BloodPact"],"picked":"SKIP","floor":40},{"not_picked":["CombatMeter+1","BathedInBlood+1","BloodCollect+1"],"picked":"SKIP","floor":44},{"not_picked":["AllTheWorldInNightmare","BloodySuit"],"picked":"HeartBreak_Remiria","floor":46},{"not_picked":["ThirstForBlood","SealingFear+1","TrickFate"],"picked":"SKIP","floor":48},{"not_picked":["Culling","NightDance+1"],"picked":"BodyStrengthen+1","floor":54}],"player_experience":1023830,"relics_obtained":[{"floor":7,"key":"Calipers"},{"floor":9,"key":"CrazyTorch:ReiMu"},{"floor":11,"key":"CaptainsWheel"},{"floor":22,"key":"Incense Burner"},{"floor":22,"key":"FossilizedHelix"},{"floor":23,"key":"Oddly Smooth Stone"},{"floor":31,"key":"Frozen Egg 2"},{"floor":40,"key":"Toy Ornithopter"},{"floor":43,"key":"Sundial"},{"floor":46,"key":"Bottled Tornado"},{"floor":48,"key":"theSenshi:FeatherClipsRelic"},{"floor":54,"key":"TungstenRod"}],"event_choices":[{"damage_healed":0,"gold_gain":0,"player_choice":"Upgraded","damage_taken":0,"max_hp_gain":0,"max_hp_loss":0,"event_name":"Upgrade Shrine","floor":39,"gold_loss":0,"cards_upgraded":["ScarletDestiny"]},{"damage_healed":0,"gold_gain":0,"player_choice":"Cursed","damage_taken":0,"max_hp_gain":0,"max_hp_loss":0,"event_name":"Wheel of Change","floor":45,"gold_loss":0,"cards_obtained":["Decay"]}],"is_beta":false,"boss_relics":[{"not_picked":["Empty Cage","Ectoplasm"],"picked":"Pandora\u0027s Box"},{"not_picked":["Astrolabe","Busted Crown"],"picked":"construct:WeddingRing"}],"items_purged_floors":[21,41],"is_endless":false,"potions_floor_spawned":[1,8,10,11,18,22,23,35,40,46,54],"ascension_level":0}}