{"host":"7yyoe0ei0fseceei","time":1608401450,"event":{"mods":["BaseMod","Colored Map","Highlight Path","Minty Spire (QoL Compilation)","Quick Restart"],"gold_per_floor":[115,115,115,127,127,127,152,152,152,168,168,168,168,192,192,286,286,302,6,6,30,3,3,21,21,21,37,51,51,71,111,111,207,207,226,226,73,154,154,154,190,190,190,229,84,84,98,0,0,0,0],"floor_reached":50,"playtime":1805,"items_purged":["Injury","Deflect"],"score":1098,"play_id":"9ebb0bfa-1e72-44e3-b14a-4984f73e9981","local_time":"20201219191050","is_ascension_mode":true,"campfire_choices":[{"data":"Bouncing Flask","floor":6.0,"key":"SMITH"},{"data":"Noxious Fumes","floor":8.0,"key":"SMITH"},{"data":"Catalyst","floor":15.0,"key":"SMITH"},{"floor":23.0,"key":"REST"},{"floor":29.0,"key":"REST"},{"floor":32.0,"key":"REST"},{"floor":40.0,"key":"REST"},{"data":"Night Terror","floor":42.0,"key":"SMITH"},{"floor":46,"key":"REST"},{"floor":49,"key":"REST"}],"circlet_count":0,"master_deck":["AscendersBane","Strike_G+1","Strike_G+1","Strike_G+1","Strike_G+1","Strike_G+1","Defend_G+1","Defend_G+1","Defend_G+1","Defend_G+1","Defend_G+1","Survivor","Neutralize+1","Bouncing Flask+1","Noxious Fumes+1","Noxious Fumes","Catalyst+1","Bouncing Flask","Venomology","CurseOfTheBell","Glass Knife+1","Corpse Explosion","Footwork","Bouncing Flask","Night Terror+1","Footwork","Doppelganger","Crippling Poison"],"relics":["Velvet Choker","Centennial Puzzle","Anchor","Matryoshka","Golden Idol","Calling Bell","Orichalcum","Ninja Scroll","Ginger","Membership Card","Gremlin Horn","InkBottle","Juzu Bracelet","SacredBark","Bag of Marbles","Whetstone","Kunai","Sundial","Ornamental Fan","Toy Ornithopter","Potion Belt","Red Mask"],"acts_visited":["Exordium","TheCity","TheBeyond"],"potions_floor_usage":[44,44,44,47,50,50,50],"damage_taken":[{"damage":9.0,"enemies":"2 Louse","floor":1.0,"turns":4.0},{"damage":4.0,"enemies":"Small Slimes","floor":4.0,"turns":3.0},{"damage":14.0,"enemies":"Lagavulin","floor":7.0,"turns":6.0},{"damage":0.0,"enemies":"Cultist","floor":10.0,"turns":3.0},{"damage":0.0,"enemies":"Gremlin Nob","floor":11.0,"turns":1.0},{"damage":0.0,"enemies":"3 Louse","floor":14.0,"turns":3.0},{"damage":38.0,"enemies":"Slime Boss","floor":16.0,"turns":7.0},{"damage":24.0,"enemies":"3 Byrds","floor":18.0,"turns":5.0},{"damage":2.0,"enemies":"2 Thieves","floor":21.0,"turns":3.0},{"damage":23.0,"enemies":"Cultist and Chosen","floor":24.0,"turns":6.0},{"damage":2.0,"enemies":"3 Cultists","floor":27.0,"turns":3.0},{"damage":5.0,"enemies":"Centurion and Healer","floor":28.0,"turns":3.0},{"damage":0.0,"enemies":"Chosen and Byrds","floor":30.0,"turns":4.0},{"damage":20.0,"enemies":"Book of Stabbing","floor":31.0,"turns":5.0},{"damage":29.0,"enemies":"Automaton","floor":33.0,"turns":9.0},{"damage":4.0,"enemies":"3 Shapes","floor":35.0,"turns":5.0},{"damage":2.0,"enemies":"Giant Head","floor":41.0,"turns":4.0},{"damage":46,"enemies":"Reptomancer","floor":44,"turns":7},{"damage":0,"enemies":"3 Darklings","floor":47,"turns":4},{"damage":83,"enemies":"Awakened One","floor":50,"turns":10}],"seed_played":"1158408237460904998","potions_obtained":[{"floor":1.0,"key":"SmokeBomb"},{"floor":7.0,"key":"EssenceOfSteel"},{"floor":30.0,"key":"Energy Potion"},{"floor":31.0,"key":"PowerPotion"},{"floor":35.0,"key":"EssenceOfSteel"},{"floor":44,"key":"Energy Potion"}],"is_trial":false,"path_per_floor":["M","$","?","M","?","R","E","R","T","M","E","?","?","M","R","B",null,"M","$","?","M","$","R","M","?","T","M","M","R","M","E","R","B",null,"M","?","$","T","?","R","E","R","T","E","$","R","M","?","R","B"],"character_chosen":"THE_SILENT","items_purchased":["Membership Card","Corpse Explosion","Footwork","Block Potion","Whetstone","Block Potion","Crippling Poison","Block Potion","SpeedPotion"],"campfire_rested":6,"item_purchase_floors":[19,19,19,22,37,37,45,45,45],"current_hp_per_floor":[50,50,39,35,35,35,21,21,21,21,21,21,43,43,43,5,51,27,27,27,25,25,44,21,21,21,19,14,33,33,13,32,3,50,46,46,46,46,37,56,54,54,54,23,23,42,47,47,66,0,0],"gold":0,"neow_bonus":"BOSS_RELIC","is_daily":false,"chose_seed":false,"campfire_upgraded":4,"win_rate":0.0,"timestamp":1608401450,"path_taken":["M","$","?","M","?","R","E","R","T","M","E","?","?","M","R","BOSS","M","$","?","M","$","R","M","?","T","M","M","R","M","E","R","BOSS","M","?","$","?","?","R","E","R","T","E","$","R","M","?","R","BOSS"],"items_purchased_type":["Relic","Card","Card","Potion","Relic","Potion","Card","Potion","Potion"],"build_version":"2020-12-13","purchased_purges":2,"victory":false,"max_hp_per_floor":[66,66,66,66,66,66,66,66,66,66,66,66,66,66,66,66,66,66,66,66,66,66,66,66,66,66,66,66,66,66,66,66,66,66,66,66,66,66,66,66,66,66,66,66,66,66,66,66,66,66,66],"card_choices":[{"not_picked":["Heel Hook","Deflect"],"picked":"Bouncing Flask","floor":1.0},{"not_picked":["Quick Slash","Acrobatics"],"picked":"Noxious Fumes","floor":4.0},{"not_picked":["Acrobatics","Underhanded Strike"],"picked":"Noxious Fumes","floor":7.0},{"not_picked":["Grand Finale","Cloak And Dagger"],"picked":"Catalyst","floor":10.0},{"not_picked":["Poisoned Stab","Prepared"],"picked":"Bouncing Flask","floor":14.0},{"not_picked":["Tools of the Trade","Unload"],"picked":"Venomology","floor":16.0},{"not_picked":["Blade Dance+1","Sucker Punch+1"],"picked":"Glass Knife","floor":18.0},{"not_picked":["Finisher","Backflip","Poisoned Stab"],"picked":"SKIP","floor":21.0},{"not_picked":["Prepared","Sucker Punch"],"picked":"Bouncing Flask","floor":24.0},{"not_picked":["Deflect","Slice"],"picked":"Night Terror","floor":27.0},{"not_picked":["Deadly Poison","Outmaneuver","Dodge and Roll"],"picked":"SKIP","floor":28.0},{"not_picked":["Bane","Cloak And Dagger","Masterful Stab"],"picked":"SKIP","floor":30.0},{"not_picked":["Heel Hook","Prepared"],"picked":"Footwork","floor":31.0},{"not_picked":["Malaise","Storm of Steel"],"picked":"Doppelganger","floor":33.0},{"not_picked":["Outmaneuver","Endless Agony+1"],"picked":"Deflect","floor":35.0},{"not_picked":["Expertise","Riddle With Holes+1","Deadly Poison+1"],"picked":"SKIP","floor":41.0},{"not_picked":["Expertise","Riddle With Holes+1","Deadly Poison+1"],"picked":"SKIP","floor":41.0},{"not_picked":["Expertise","Riddle With Holes+1","Deadly Poison+1"],"picked":"SKIP","floor":41.0},{"not_picked":["Sucker Punch","Riddle With Holes+1","Poisoned Stab+1"],"picked":"SKIP","floor":44},{"not_picked":["Dagger Spray","Dodge and Roll","Flechettes"],"picked":"SKIP","floor":47}],"player_experience":907835,"relics_obtained":[{"floor":7.0,"key":"Anchor"},{"floor":9.0,"key":"Matryoshka"},{"floor":17.0,"key":"Orichalcum"},{"floor":17.0,"key":"Ninja Scroll"},{"floor":17.0,"key":"Ginger"},{"floor":26.0,"key":"Gremlin Horn"},{"floor":26.0,"key":"InkBottle"},{"floor":31.0,"key":"Juzu Bracelet"},{"floor":38.0,"key":"Kunai"},{"floor":38.0,"key":"Sundial"},{"floor":41.0,"key":"Ornamental Fan"},{"floor":43.0,"key":"Toy Ornithopter"},{"floor":44,"key":"Potion Belt"}],"event_choices":[{"damage_healed":0.0,"max_hp_gain":0.0,"max_hp_loss":0.0,"gold_gain":0.0,"event_name":"Scrap Ooze","player_choice":"Success","floor":3.0,"gold_loss":0.0,"damage_taken":11.0,"relics_obtained":["Centennial Puzzle"]},{"damage_healed":0.0,"max_hp_gain":0.0,"max_hp_loss":0.0,"gold_gain":0.0,"event_name":"Golden Wing","player_choice":"Ignored","floor":5.0,"gold_loss":0.0,"damage_taken":0.0},{"damage_healed":0.0,"max_hp_gain":0.0,"max_hp_loss":0.0,"gold_gain":0.0,"event_name":"Golden Idol","player_choice":"Take Wound","floor":12.0,"gold_loss":0.0,"damage_taken":0.0,"relics_obtained":["Golden Idol"],"cards_obtained":["Injury"]},{"damage_healed":22.0,"max_hp_gain":0.0,"max_hp_loss":0.0,"gold_gain":0.0,"event_name":"Big Fish","player_choice":"Banana","floor":13.0,"gold_loss":0.0,"damage_taken":0.0},{"damage_healed":0.0,"max_hp_gain":0.0,"max_hp_loss":0.0,"gold_gain":0.0,"event_name":"Back to Basics","player_choice":"Simplicity","floor":20.0,"gold_loss":0.0,"damage_taken":0.0,"cards_upgraded":["Strike_G","Strike_G","Strike_G","Strike_G","Strike_G","Defend_G","Defend_G","Defend_G","Defend_G","Defend_G"]},{"damage_healed":0.0,"max_hp_gain":0.0,"max_hp_loss":0.0,"gold_gain":0.0,"event_name":"Ghosts","player_choice":"Ignored","floor":25.0,"gold_loss":0.0,"damage_taken":0.0},{"damage_healed":0.0,"max_hp_gain":0.0,"max_hp_loss":0.0,"gold_gain":0.0,"event_name":"WeMeetAgain","player_choice":"Gave Potion","floor":36.0,"gold_loss":0.0,"damage_taken":0.0,"relics_obtained":["Bag of Marbles"]},{"damage_healed":0.0,"max_hp_gain":0.0,"max_hp_loss":0.0,"gold_gain":0.0,"event_name":"Wheel of Change","player_choice":"Damaged","floor":39.0,"gold_loss":0.0,"damage_taken":9.0},{"damage_healed":0,"gold_gain":0,"player_choice":"Paid","damage_taken":0,"relics_obtained":["Red Mask"],"max_hp_gain":0,"max_hp_loss":0,"event_name":"Tomb of Lord Red Mask","floor":48,"gold_loss":98}],"is_beta":false,"boss_relics":[{"not_picked":["Cursed Key","Astrolabe"],"picked":"Calling Bell"},{"not_picked":["Pandora\u0027s Box","Tiny House"],"picked":"SacredBark"}],"items_purged_floors":[37,45],"is_endless":false,"potions_floor_spawned":[1,7,11,30,31,35,44],"killed_by":"Awakened One","ascension_level":20}}