{"host":"lg1piimdyocafd6j","time":1608388315,"event":{"mods":["AchievementEnabler","BaseMod","Better Third Choice","BetterRewards","Colored Map","Colored Powertips","Downfall","Minty Spire (QoL Compilation)","Quick Restart","Rare Cards Sparkle","StSLib","SuperFastMode"],"gold_per_floor":[10,10,10,10,29,29,60,83,83,10,23,0,0,24,24,155,155,180,193,193,193,206,206,64,64,64,64,64,83,3,19,19,144,144,157,172,44,69,93,93,132,132,211,0,63,63,96,120,120,120,120,120,34,34,34],"floor_reached":54,"playtime":2506,"items_purged":["Fission","Steam Power"],"score":779,"play_id":"a3abcbe5-3854-42cd-a7d3-9fc15eb33288","local_time":"20201219153155","is_ascension_mode":true,"campfire_choices":[{"floor":6,"key":"REST"},{"floor":15,"key":"REST"},{"data":"Electrodynamics","floor":23,"key":"SMITH"},{"data":"Echo Form","floor":25,"key":"SMITH"},{"data":"Storm","floor":27,"key":"SMITH"},{"floor":32,"key":"REST"},{"floor":40,"key":"RECALL"},{"floor":42,"key":"REST"},{"floor":49,"key":"REST"},{"floor":52,"key":"REST"}],"circlet_count":0,"master_deck":["Zap","Dualcast","Thunder Strike","Echo Form+1","Turbo","Gash","White Noise","Conserve Battery","Ball Lightning","Electrodynamics+1","Self Repair","Thunder Strike","FTL","Conserve Battery","Ball Lightning","Storm+1","Ball Lightning+1","Creative AI","Conserve Battery+1","Buffer","White Noise+1","Static Discharge+1","Writhe","Storm+1","Conserve Battery","White Noise","White Noise"],"relics":["Cracked Core","Golden Idol","Meat on the Bone","Pandora\u0027s Box","Nunchaku","The Courier","Fusion Hammer","MealTicket","Bottled Lightning","Red Mask","Prayer Wheel","Pen Nib"],"acts_visited":["Exordium","TheCity","TheBeyond","TheEnding"],"potions_floor_usage":[14,38,41,50],"damage_taken":[{"damage":0,"enemies":"Cultist","floor":1,"turns":3},{"damage":0,"enemies":"2 Louse","floor":5,"turns":2},{"damage":39,"enemies":"Gremlin Nob","floor":7,"turns":5},{"damage":11,"enemies":"Jaw Worm","floor":8,"turns":5},{"damage":12,"enemies":"Exordium Thugs","floor":11,"turns":5},{"damage":26,"enemies":"Lots of Slimes","floor":14,"turns":5},{"damage":21,"enemies":"The Guardian","floor":16,"turns":10},{"damage":28,"enemies":"3 Byrds","floor":18,"turns":3},{"damage":18,"enemies":"Spheric Guardian","floor":19,"turns":4},{"damage":28,"enemies":"Snake Plant","floor":22,"turns":3},{"damage":38,"enemies":"Snecko","floor":29,"turns":5},{"damage":0,"enemies":"3 Cultists","floor":31,"turns":2},{"damage":13,"enemies":"Automaton","floor":33,"turns":6},{"damage":11,"enemies":"3 Darklings","floor":35,"turns":2},{"damage":27,"enemies":"3 Shapes","floor":36,"turns":3},{"damage":2,"enemies":"Spire Growth","floor":38,"turns":4},{"damage":28,"enemies":"Sphere and 2 Shapes","floor":39,"turns":4},{"damage":26,"enemies":"Reptomancer","floor":41,"turns":4},{"damage":0,"enemies":"Mind Bloom Boss Battle","floor":45,"turns":4},{"damage":91,"enemies":"Nemesis","floor":47,"turns":7},{"damage":0,"enemies":"Maw","floor":48,"turns":5},{"damage":41,"enemies":"Time Eater","floor":50,"turns":5},{"damage":85,"enemies":"Shield and Spear","floor":54,"turns":3}],"seed_played":"-1507048123787095819","potions_obtained":[{"floor":7,"key":"GamblersBrew"},{"floor":14,"key":"SpeedPotion"},{"floor":18,"key":"FairyPotion"},{"floor":33,"key":"PowerPotion"},{"floor":45,"key":"SmokeBomb"},{"floor":48,"key":"SteroidPotion"}],"is_trial":false,"path_per_floor":["M","?","?","$","M","R","E","M","T","$","M","?","$","M","R","B",null,"M","M","?","?","M","R","$","R","T","R","T","M","$","M","R","B",null,"M","M","$","M","M","R","E","R","T","?","?","?","E","M","R","B",null,"R","$","E"],"character_chosen":"DEFECT","items_purchased":["Conserve Battery","Ball Lightning","Storm","Buffer","White Noise","White Noise"],"campfire_rested":6,"item_purchase_floors":[10,10,24,37,53,53],"current_hp_per_floor":[75,57,57,57,57,75,36,37,37,37,37,37,37,23,45,36,75,47,55,55,55,46,46,46,46,46,46,46,34,34,53,75,62,75,64,56,56,61,52,52,45,67,67,67,67,75,29,48,70,41,75,75,75,0,0],"gold":34,"neow_bonus":"TRANSFORM_TWO_CARDS","is_daily":false,"chose_seed":false,"campfire_upgraded":3,"win_rate":0.0,"timestamp":1608388315,"path_taken":["M","?","?","$","M","R","E","M","T","$","?","?","?","M","R","BOSS","M","?","?","?","?","R","?","R","T","R","?","M","$","?","R","BOSS","M","M","$","M","?","R","E","R","T","?","?","?","E","M","R","BOSS","R","$","E"],"items_purchased_type":["Card","Card","Card","Card","Card","Card"],"build_version":"2020-12-13","purchased_purges":2,"victory":false,"max_hp_per_floor":[75,75,75,75,75,75,75,75,75,75,75,75,75,75,75,75,75,75,75,75,75,75,75,75,75,75,75,75,75,75,75,75,75,75,75,75,75,75,75,75,75,75,75,75,75,75,75,75,75,75,75,75,75,75,75],"card_choices":[{"not_picked":["Leap","Stack"],"picked":"Turbo","floor":1},{"not_picked":["Fusion","Melter"],"picked":"Gash","floor":5},{"not_picked":["Steam","Cold Snap"],"picked":"White Noise","floor":7},{"not_picked":["Hologram","Stack","Genetic Algorithm"],"picked":"SKIP","floor":8},{"not_picked":["Hologram","Melter","Streamline"],"picked":"SKIP","floor":11},{"not_picked":["Streamline","Sweeping Beam","Hyperbeam"],"picked":"SKIP","floor":14},{"not_picked":["Rainbow","Fission"],"picked":"Electrodynamics","floor":16},{"not_picked":["Chill+1","Redo+1","Ball Lightning+1"],"picked":"SKIP","floor":18},{"not_picked":["Fusion+1","Rebound+1","Coolheaded"],"picked":"SKIP","floor":19},{"not_picked":["Steam","Reboot"],"picked":"Ball Lightning","floor":22},{"not_picked":["Sunder","Doom and Gloom","Glacier+1"],"picked":"SKIP","floor":29},{"not_picked":["Auto Shields","Lockon+1"],"picked":"Ball Lightning+1","floor":31},{"not_picked":["Core Surge","Amplify"],"picked":"Creative AI","floor":33},{"not_picked":["Coolheaded","Cold Snap","Blizzard"],"picked":"SKIP","floor":35},{"not_picked":["Hologram+1","Capacitor+1"],"picked":"Conserve Battery+1","floor":36},{"not_picked":["Hello World","Turbo+1"],"picked":"White Noise+1","floor":38},{"not_picked":["Consume+1","Fusion+1","Cold Snap"],"picked":"SKIP","floor":39},{"not_picked":["Go for the Eyes","Rip and Tear","Redo+1"],"picked":"SKIP","floor":41},{"not_picked":["Cold Snap+1","Undo+1"],"picked":"Static Discharge+1","floor":45},{"not_picked":["Sweeping Beam","Buffer"],"picked":"Storm+1","floor":47},{"not_picked":["Steam","Cold Snap"],"picked":"Conserve Battery","floor":48},{"not_picked":["Stack+1","Hologram","Blizzard+1"],"picked":"SKIP","floor":48}],"player_experience":194479,"relics_obtained":[{"floor":7,"key":"Meat on the Bone"},{"floor":26,"key":"Nunchaku"},{"floor":28,"key":"The Courier"},{"floor":41,"key":"MealTicket"},{"floor":43,"key":"Bottled Lightning"},{"floor":45,"key":"Prayer Wheel"},{"floor":47,"key":"Pen Nib"}],"event_choices":[{"damage_healed":0,"gold_gain":0,"player_choice":"Take Damage","damage_taken":18,"relics_obtained":["Golden Idol"],"max_hp_gain":0,"max_hp_loss":0,"event_name":"Golden Idol","floor":2,"gold_loss":0},{"damage_healed":0,"gold_gain":0,"player_choice":"Ignored","damage_taken":0,"max_hp_gain":0,"max_hp_loss":0,"event_name":"NoteForYourself","floor":3,"gold_loss":0},{"damage_healed":0,"gold_gain":0,"player_choice":"Left","damage_taken":0,"max_hp_gain":0,"max_hp_loss":0,"event_name":"betterThird:BetterGoop","floor":12,"gold_loss":23},{"damage_healed":0,"gold_gain":0,"player_choice":"Ignored","damage_taken":0,"max_hp_gain":0,"max_hp_loss":0,"event_name":"Ghosts","floor":20,"gold_loss":0},{"damage_healed":0,"gold_gain":0,"player_choice":"Ignored","damage_taken":0,"max_hp_gain":0,"max_hp_loss":0,"event_name":"Vampires","floor":21,"gold_loss":0},{"damage_healed":0,"gold_gain":0,"player_choice":"Paid","damage_taken":0,"relics_obtained":["Red Mask"],"max_hp_gain":0,"max_hp_loss":0,"event_name":"Tomb of Lord Red Mask","floor":44,"gold_loss":211},{"damage_healed":0,"gold_gain":0,"player_choice":"Fight","damage_taken":0,"max_hp_gain":0,"max_hp_loss":0,"event_name":"MindBloom","floor":45,"gold_loss":0},{"damage_healed":19,"gold_gain":0,"player_choice":"Writhe","damage_taken":0,"max_hp_gain":0,"max_hp_loss":0,"event_name":"Winding Halls","floor":46,"gold_loss":0,"cards_obtained":["Writhe"]}],"is_beta":false,"boss_relics":[{"not_picked":["Cursed Key","Snecko Eye"],"picked":"Pandora\u0027s Box"},{"not_picked":["Black Star","Runic Dome"],"picked":"Fusion Hammer"}],"items_purged_floors":[24,30],"is_endless":false,"potions_floor_spawned":[7,14,18,33,45,48],"killed_by":"Shield and Spear","ascension_level":1}}