{"host":"4qkvkh7pd9qr2mca","time":1608403990,"event":{"mods":["AchievementEnabler","BaseMod","Colored Map","Colored Powertips","Highlight Path","Minty Spire (QoL Compilation)","Permanent Neow","Quick Restart","StSLib","SuperFastMode"],"gold_per_floor":[112,112,112,126,146,178,178,193,273,273,31,44,64,80,80,155,155,165,165,43,53,67,67,117,151,151,169,203,222,222,240,240,319,319,334,27,42,60,76,76,88,115,115,115,115,148,163,11,11,11,11,11],"floor_reached":51,"playtime":1774,"items_purged":["Strike_R","Clumsy","Parasite"],"score":1406,"play_id":"1ddf06ca-d97f-4ba8-a090-bbd12d0470b0","local_time":"20201219195310","is_ascension_mode":true,"campfire_choices":[{"data":"1","floor":7.0,"key":"LIFT"},{"data":"2","floor":10.0,"key":"LIFT"},{"data":"3","floor":15.0,"key":"LIFT"},{"data":"Limit Break","floor":23.0,"key":"SMITH"},{"data":"Immolate","floor":30.0,"key":"SMITH"},{"data":"Bash","floor":32.0,"key":"SMITH"},{"floor":40.0,"key":"REST"},{"floor":44,"key":"REST"},{"floor":49,"key":"REST"}],"circlet_count":0,"master_deck":["AscendersBane","Bash+1","Ghostly Armor","Disarm","Battle Trance","Pummel+1","Evolve","Limit Break+1","Carnage+1","Sword Boomerang","Battle Trance","Immolate+1","Shrug It Off+1","Evolve+1","Twin Strike","Thunderclap","Double Tap","Demon Form","Intimidate","Feed","Whirlwind","Uppercut","Fiend Fire","Fiend Fire","True Grit","Thunderclap+1","Discovery","Burning Pact","Combust+1","Battle Trance","Infernal Blade+1","Shockwave","Apotheosis"],"relics":["Burning Blood","Girya","Mummified Hand","Regal Pillow","Shuriken","Membership Card","Mark of Pain","Red Skull","Ancient Tea Set","Toy Ornithopter","Champion Belt","Pandora\u0027s Box","Whetstone","Chemical X","Juzu Bracelet","White Beast Statue","Mercury Hourglass"],"acts_visited":["Exordium","TheCity","TheBeyond"],"potions_floor_usage":[42,47,50,51],"damage_taken":[{"damage":11.0,"enemies":"Jaw Worm","floor":1.0,"turns":4.0},{"damage":6.0,"enemies":"Cultist","floor":4.0,"turns":4.0},{"damage":2.0,"enemies":"2 Louse","floor":5.0,"turns":4.0},{"damage":16.0,"enemies":"Lagavulin","floor":6.0,"turns":5.0},{"damage":12.0,"enemies":"Blue Slaver","floor":8.0,"turns":3.0},{"damage":0.0,"enemies":"Looter","floor":12.0,"turns":4.0},{"damage":24.0,"enemies":"Large Slime","floor":13.0,"turns":7.0},{"damage":18.0,"enemies":"Lots of Slimes","floor":14.0,"turns":3.0},{"damage":33.0,"enemies":"Slime Boss","floor":16.0,"turns":5.0},{"damage":16.0,"enemies":"Shell Parasite","floor":18.0,"turns":4.0},{"damage":7.0,"enemies":"3 Byrds","floor":21.0,"turns":5.0},{"damage":23.0,"enemies":"Shelled Parasite and Fungi","floor":22.0,"turns":3.0},{"damage":30.0,"enemies":"Gremlin Leader","floor":25.0,"turns":5.0},{"damage":0.0,"enemies":"Cultist and Chosen","floor":27.0,"turns":3.0},{"damage":21.0,"enemies":"Book of Stabbing","floor":28.0,"turns":4.0},{"damage":0.0,"enemies":"Centurion and Healer","floor":29.0,"turns":2.0},{"damage":0.0,"enemies":"Snake Plant","floor":31.0,"turns":2.0},{"damage":27.0,"enemies":"Automaton","floor":33.0,"turns":6.0},{"damage":24.0,"enemies":"3 Darklings","floor":35.0,"turns":5.0},{"damage":22.0,"enemies":"3 Shapes","floor":37.0,"turns":3.0},{"damage":0.0,"enemies":"Transient","floor":38.0,"turns":6.0},{"damage":18.0,"enemies":"Jaw Worm Horde","floor":39.0,"turns":2.0},{"damage":30,"enemies":"Spire Growth","floor":41,"turns":3},{"damage":27,"enemies":"Giant Head","floor":42,"turns":5},{"damage":25,"enemies":"Reptomancer","floor":46,"turns":4},{"damage":28,"enemies":"Writhing Mass","floor":47,"turns":4},{"damage":86,"enemies":"Donu and Deca","floor":50,"turns":5},{"damage":31,"enemies":"Time Eater","floor":51,"turns":4}],"seed_played":"-640772751018514985","potions_obtained":[{"floor":1.0,"key":"AttackPotion"},{"floor":4.0,"key":"SteroidPotion"},{"floor":12.0,"key":"Regen Potion"},{"floor":13.0,"key":"DuplicationPotion"},{"floor":18.0,"key":"Explosive Potion"},{"floor":27.0,"key":"BloodPotion"},{"floor":28.0,"key":"Regen Potion"},{"floor":29.0,"key":"Block Potion"},{"floor":39.0,"key":"BloodPotion"},{"floor":41,"key":"LiquidMemories"},{"floor":42,"key":"GamblersBrew"},{"floor":47,"key":"BloodPotion"}],"is_trial":false,"path_per_floor":["M","?","T","M","M","E","R","M","T","R","$","M","M","M","R","B",null,"M","?","$","M","M","R","?","E","T","M","E","M","R","M","R","B",null,"M","$","M","M","M","R","M","E","T","R","?","E","M","$","R","B","B"],"character_chosen":"IRONCLAD","items_purchased":["Membership Card","Limit Break","Red Skull","Discovery","Whetstone","Chemical X","Burning Pact","Apotheosis"],"campfire_rested":3,"item_purchase_floors":[11,11,20,36,36,36,36,48],"current_hp_per_floor":[63,68,68,68,72,62,62,56,56,56,56,62,44,32,32,19,65,55,80,80,79,62,62,54,30,30,36,21,48,48,54,54,50,73,55,55,39,45,41,80,56,40,40,79,79,60,63,63,83,24,0,0],"gold":11,"neow_bonus":"ONE_RARE_RELIC","is_daily":false,"chose_seed":false,"campfire_upgraded":3,"win_rate":0.0,"timestamp":1608403990,"path_taken":["M","?","?","M","M","E","R","?","T","R","?","M","M","M","R","BOSS","M","?","$","M","?","R","?","E","T","M","E","?","R","M","R","BOSS","M","$","M","M","M","R","M","E","T","R","?","E","M","$","R","BOSS","BOSS"],"items_purchased_type":["Relic","Card","Relic","Card","Relic","Relic","Card","Card"],"build_version":"2020-12-13","purchased_purges":3,"victory":false,"max_hp_per_floor":[75,80,80,80,80,80,80,80,80,80,80,80,80,80,80,80,80,80,80,80,80,80,80,80,80,80,80,80,80,80,80,80,80,80,80,80,80,80,83,83,83,83,83,83,83,83,86,83,83,83,83,83],"card_choices":[{"not_picked":["Dark Embrace","Seeing Red"],"picked":"Ghostly Armor","floor":1.0},{"not_picked":["Rupture","Body Slam"],"picked":"Disarm","floor":4.0},{"not_picked":["Cleave","Clothesline"],"picked":"Battle Trance","floor":5.0},{"not_picked":["Second Wind","Flex"],"picked":"Pummel","floor":6.0},{"not_picked":["Rage","Anger"],"picked":"Evolve","floor":8.0},{"not_picked":["Havoc","Searing Blow"],"picked":"Carnage","floor":12.0},{"not_picked":["Juggernaut","Iron Wave"],"picked":"Sword Boomerang","floor":13.0},{"not_picked":["Headbutt","Shrug It Off"],"picked":"Battle Trance","floor":14.0},{"not_picked":["Demon Form","Barricade"],"picked":"Immolate","floor":16.0},{"not_picked":["Rupture","Iron Wave","Flex"],"picked":"SKIP","floor":18.0},{"not_picked":["Reckless Charge","Sentinel","Blood for Blood"],"picked":"SKIP","floor":21.0},{"not_picked":["Clash+1","Pommel Strike"],"picked":"Shrug It Off+1","floor":22.0},{"not_picked":["Carnage","Headbutt"],"picked":"Evolve+1","floor":25.0},{"not_picked":["Hemokinesis","Anger","Havoc"],"picked":"SKIP","floor":27.0},{"not_picked":["Infernal Blade","Burning Pact"],"picked":"Fiend Fire","floor":28.0},{"not_picked":["Hemokinesis","Warcry+1"],"picked":"Twin Strike","floor":29.0},{"not_picked":["Headbutt+1","Cleave"],"picked":"Thunderclap","floor":31.0},{"not_picked":["Immolate","Corruption"],"picked":"Double Tap","floor":33.0},{"not_picked":["Body Slam","Perfected Strike"],"picked":"Thunderclap+1","floor":35.0},{"not_picked":["Clash","Carnage+1","Searing Blow"],"picked":"SKIP","floor":37.0},{"not_picked":["Anger","Headbutt","Flame Barrier"],"picked":"SKIP","floor":38.0},{"not_picked":["Second Wind","Havoc"],"picked":"Combust+1","floor":39.0},{"not_picked":["Entrench+1","Anger+1","Havoc"],"picked":"SKIP","floor":41},{"not_picked":["Wild Strike","Headbutt"],"picked":"Battle Trance","floor":42},{"not_picked":["Blood for Blood+1","Flex"],"picked":"Infernal Blade+1","floor":46},{"not_picked":["Ghostly Armor","Rage"],"picked":"Shockwave","floor":47}],"player_experience":457992,"relics_obtained":[{"floor":3.0,"key":"Mummified Hand"},{"floor":6.0,"key":"Regal Pillow"},{"floor":9.0,"key":"Shuriken"},{"floor":25.0,"key":"Ancient Tea Set"},{"floor":26.0,"key":"Toy Ornithopter"},{"floor":28.0,"key":"Champion Belt"},{"floor":42,"key":"Juzu Bracelet"},{"floor":43,"key":"White Beast Statue"},{"floor":46,"key":"Mercury Hourglass"}],"event_choices":[{"damage_healed":0.0,"max_hp_gain":5.0,"max_hp_loss":0.0,"gold_gain":0.0,"event_name":"Big Fish","player_choice":"Donut","floor":2.0,"gold_loss":0.0,"damage_taken":0.0},{"damage_healed":25.0,"max_hp_gain":0.0,"max_hp_loss":0.0,"gold_gain":0.0,"event_name":"Wheel of Change","player_choice":"Full Heal","floor":19.0,"gold_loss":0.0,"damage_taken":0.0},{"damage_healed":0.0,"max_hp_gain":0.0,"max_hp_loss":0.0,"gold_gain":50.0,"event_name":"FaceTrader","player_choice":"Touch","floor":24.0,"gold_loss":0.0,"damage_taken":8.0},{"cards_removed":["Fiend Fire"],"damage_healed":0,"gold_gain":0,"player_choice":"Removed Attack","damage_taken":0,"max_hp_gain":0,"max_hp_loss":0,"event_name":"Falling","floor":45,"gold_loss":0}],"is_beta":false,"boss_relics":[{"not_picked":["Black Blood","SacredBark"],"picked":"Mark of Pain"},{"not_picked":["Velvet Choker","Sozu"],"picked":"Pandora\u0027s Box"}],"items_purged_floors":[20,36,48],"is_endless":false,"potions_floor_spawned":[1,4,12,13,18,27,28,29,39,41,42,46,47],"killed_by":"Time Eater","ascension_level":20}}