{"host":"e40jm352kjzixotw","time":1608385600,"event":{"mods":["BaseMod","Better Altar","BetterRewards","Colored Map","Colored Powertips","DeckTracker","Dota2Spire","Koishi","Marisa????????","Minty Spire (QoL Compilation)","Rare Cards Sparkle","Relic Stats","StSLib","The Animator","The Servant 0.9.4"],"gold_per_floor":[112,131,131,149,159,159,47,47,100,130,149,162,194,214,214,309,309,322,322,224,80,92,92,125,125,125,50,50,64,64,64,64,160,160,171,183,27,27,27,27,27,27],"floor_reached":41,"playtime":1447,"items_purged":["Strike_S"],"score":444,"play_id":"8eecda67-a5c9-42ec-8db6-a353db8904aa","local_time":"20201219144640","is_ascension_mode":false,"campfire_choices":[{"data":"FanOfKnives","floor":6,"key":"SMITH"},{"data":"SilverBlades","floor":8,"key":"SMITH"},{"floor":15,"key":"REST"},{"data":"SilverBlades","floor":23,"key":"SMITH"},{"floor":25,"key":"REST"},{"data":"SilverBlades","floor":28,"key":"SMITH"},{"floor":32,"key":"REST"},{"floor":40,"key":"REST"}],"circlet_count":0,"master_deck":["Defend_S","Defend_S","Defend_S","KidneyShot","Exchange","FanOfKnives+1","Snipe","SilverBlades+1","Moonlight","SurpressingFire","BottledTime+1","KillingDoll","Rearm+1","SilverBlades+1","GearUp+1","SilverBlades+1","FloweringNight+1","Moondial+1","Snipe+1","Advance+1"],"relics":["Uniform","Oddly Smooth Stone","Omamori","Toxic Egg 2","Frozen Egg 2","Astrolabe","Strange Spoon"],"acts_visited":["Exordium","TheCity","TheBeyond"],"potions_floor_usage":[17,24,24,33,41,41],"damage_taken":[{"damage":1.0,"enemies":"2 Louse","floor":1.0,"turns":3.0},{"damage":1.0,"enemies":"Cultist","floor":2.0,"turns":3.0},{"damage":3,"enemies":"Jaw Worm","floor":4,"turns":3},{"damage":5,"enemies":"Looter","floor":5,"turns":3},{"damage":0,"enemies":"Gremlin Nob","floor":10,"turns":3},{"damage":5,"enemies":"3 Louse","floor":11,"turns":4},{"damage":7,"enemies":"Exordium Wildlife","floor":12,"turns":4},{"damage":30,"enemies":"Lagavulin","floor":13,"turns":7},{"damage":0,"enemies":"2 Fungi Beasts","floor":14,"turns":2},{"damage":41,"enemies":"Slime Boss","floor":16,"turns":8},{"damage":10,"enemies":"Chosen","floor":18,"turns":5},{"damage":8,"enemies":"Shell Parasite","floor":22,"turns":5},{"damage":18,"enemies":"Gremlin Leader","floor":24,"turns":5},{"damage":21,"enemies":"Cultist and Chosen","floor":29,"turns":5},{"damage":35,"enemies":"Collector","floor":33,"turns":7},{"damage":40,"enemies":"3 Darklings","floor":35,"turns":4},{"damage":7,"enemies":"Orb Walker","floor":36,"turns":2},{"damage":40,"enemies":"Reptomancer","floor":41,"turns":2}],"seed_played":"8321824442123814131","potions_obtained":[{"floor":1.0,"key":"PowerPotion"},{"floor":3,"key":"EntropicBrew"},{"floor":3,"key":"FairyPotion"},{"floor":29,"key":"Block Potion"},{"floor":33,"key":"Dota2Spire:HealingSalve"}],"is_trial":false,"path_per_floor":["M","M","?","M","M","R","$","R","T","E","M","M","E","M","R","B",null,"M","?","$","$","M","R","E","R","T","?","R","M","?","?","R","B",null,"M","M","$","?","?","R","E"],"character_chosen":"THE_SERVANT","items_purchased":["SilverBlades","Moonlight","Rearm+1","SilverBlades","GearUp+1","Strange Spoon"],"campfire_rested":4,"item_purchase_floors":[7,7,20,21,21,37],"current_hp_per_floor":[64,63,63,60,55,55,55,55,55,55,50,43,13,13,32,12,65,55,55,55,55,47,47,29,48,48,48,48,27,27,27,46,20,65,25,18,18,18,18,37,0,0],"gold":27,"neow_bonus":"THREE_CARDS","is_daily":false,"chose_seed":false,"campfire_upgraded":4,"win_rate":0.0,"timestamp":1608385600,"path_taken":["M","M","?","M","M","R","$","R","T","E","M","?","E","M","R","BOSS","M","?","?","$","M","R","E","R","T","?","R","M","?","?","R","BOSS","M","M","$","?","?","R","E"],"items_purchased_type":["Card","Card","Card","Card","Card","Relic"],"build_version":"2020-12-13","purchased_purges":1,"victory":false,"max_hp_per_floor":[65,65,65,65,65,65,65,65,65,65,65,65,65,65,65,65,65,65,65,65,65,65,65,65,65,65,65,65,65,65,65,65,65,65,65,65,65,65,65,65,65,65],"relic_stats":{"Strange Spoon":[0],"counters":[18,75],"Astrolabe":["Moondial","Snipe","Advance"],"obtain_stats":[{"Strange Spoon":37,"Astrolabe":34,"Oddly Smooth Stone":9,"Uniform":0,"Omamori":10,"Toxic Egg 2":13,"Frozen Egg 2":24},{"Strange Spoon":17,"Astrolabe":15,"Oddly Smooth Stone":4,"Uniform":0,"Omamori":5,"Toxic Egg 2":8,"Frozen Egg 2":13},{"Strange Spoon":73,"Astrolabe":67,"Oddly Smooth Stone":12,"Uniform":0,"Omamori":15,"Toxic Egg 2":30,"Frozen Egg 2":55}]},"card_choices":[{"not_picked":["Starlight","Rearm"],"picked":"FanOfKnives","floor":1.0},{"not_picked":["WasteNot","Potential","FastForward"],"picked":"SKIP","floor":2},{"not_picked":["TheWorld","Advance"],"picked":"Snipe","floor":4},{"not_picked":["Defy","Replace","ShiftingGears"],"picked":"SKIP","floor":5},{"not_picked":["Barrier","FastForward","SpecialFormula"],"picked":"SKIP","floor":10},{"not_picked":["Desolation","DoubleEdge","Defy"],"picked":"SKIP","floor":11},{"not_picked":["ShatteredReality","SpecialFormula","Moonlight"],"picked":"SKIP","floor":12},{"not_picked":["Rearm+1","BottledTime+1"],"picked":"SurpressingFire","floor":13},{"not_picked":["Defy+1","Snipe"],"picked":"BottledTime+1","floor":14},{"not_picked":["MurderousAura","PendulumOfEternity"],"picked":"KillingDoll","floor":16},{"not_picked":["Luminosity","Rewind+1","Ricochet"],"picked":"SKIP","floor":18},{"not_picked":["Defy+1","Ricochet"],"picked":"SilverBlades","floor":22},{"not_picked":["BestPractice+1","TheWorld+1","Desolation"],"picked":"SKIP","floor":24},{"not_picked":["RealityMarble+1","Rewind+1","Defy+1"],"picked":"SKIP","floor":29},{"not_picked":["TrueSight+1","PendulumOfEternity"],"picked":"FloweringNight+1","floor":33},{"not_picked":["BestPractice+1","GearUp+1","DoubleEdge+1"],"picked":"SKIP","floor":35},{"not_picked":["DualDimension+1","ShatteredReality","Replace+1"],"picked":"SKIP","floor":36}],"player_experience":1206519,"relics_obtained":[{"floor":9,"key":"Oddly Smooth Stone"},{"floor":10,"key":"Omamori"},{"floor":13,"key":"Toxic Egg 2"},{"floor":24,"key":"Frozen Egg 2"}],"event_choices":[{"damage_healed":0,"gold_gain":0,"player_choice":"Got Potions","damage_taken":0,"max_hp_gain":0,"max_hp_loss":0,"event_name":"Lab","floor":3,"gold_loss":0},{"damage_healed":0,"gold_gain":0,"player_choice":"Bought 0 Potions","damage_taken":0,"max_hp_gain":0,"max_hp_loss":0,"event_name":"The Woman in Blue","floor":19,"gold_loss":0},{"cards_removed":["Strike_S"],"damage_healed":0,"gold_gain":0,"player_choice":"Gave Gold","damage_taken":0,"max_hp_gain":0,"max_hp_loss":0,"event_name":"Beggar","floor":27,"gold_loss":75},{"damage_healed":0,"gold_gain":0,"player_choice":"Ignored","damage_taken":0,"max_hp_gain":0,"max_hp_loss":0,"event_name":"Vampires","floor":31,"gold_loss":0},{"damage_healed":0,"gold_gain":0,"player_choice":"Ignored","damage_taken":0,"max_hp_gain":0,"max_hp_loss":0,"event_name":"Mysterious Sphere","floor":38,"gold_loss":0},{"damage_healed":0,"gold_gain":0,"player_choice":"Memory 1","damage_taken":0,"max_hp_gain":0,"max_hp_loss":0,"event_name":"SensoryStone","floor":39,"gold_loss":0}],"is_beta":false,"boss_relics":[{"not_picked":["Sozu","Snecko Eye","Coffee Dripper"]},{"not_picked":["Pandora\u0027s Box","Philosopher\u0027s Stone"],"picked":"Astrolabe"}],"items_purged_floors":[20],"is_endless":false,"potions_floor_spawned":[1,4,10,12,13,14,29,33],"killed_by":"Reptomancer","ascension_level":0}}