{"host":"9tzam4717zt8ei1o","time":1608352831,"event":{"mods":["BaseMod","Colored Map","Keyboard Shortcuts","Minty Spire (QoL Compilation)","Quick Restart","StSLib","SuperFastMode"],"gold_per_floor":[113,32,44,44,67,67,217,217,299,299,630,12,12,12,12,111,111,136,36,52,26,50,50,69,69,144,144,59,59,59],"floor_reached":29,"playtime":660,"items_purged":["Strike_G","Strike_G"],"score":438,"play_id":"b7b59b4d-4a0e-40f0-a6c5-997ba7180108","local_time":"20201219134031","is_ascension_mode":true,"campfire_choices":[{"data":"Bouncing Flask","floor":6.0,"key":"SMITH"},{"data":"Neutralize","floor":8.0,"key":"SMITH"},{"data":"Calculated Gamble","floor":15.0,"key":"SMITH"},{"floor":23.0,"key":"REST"},{"data":"Adrenaline","floor":25.0,"key":"SMITH"},{"data":"Footwork","floor":27.0,"key":"SMITH"}],"circlet_count":0,"master_deck":["AscendersBane","Defend_G","Defend_G","Defend_G","Defend_G","Defend_G","Survivor","Neutralize+1","Crippling Poison","Bouncing Flask+1","Venomology","Footwork+1","Calculated Gamble+1","Blur","Footwork","After Image","Night Terror","Sadistic Nature","Parasite","Adrenaline+1","A Thousand Cuts+1","All Out Attack+1","Predator+1","Backflip+1","Acrobatics","Outmaneuver+1","Blur+1"],"relics":["Ring of the Snake","NeowsBlessing","Golden Idol","Pantograph","Old Coin","Orrery","Astrolabe","InkBottle","Unceasing Top"],"acts_visited":["Exordium","TheCity"],"potions_floor_usage":[29,29],"damage_taken":[{"damage":0.0,"enemies":"Jaw Worm","floor":1.0,"turns":1.0},{"damage":0.0,"enemies":"2 Louse","floor":3.0,"turns":1.0},{"damage":0.0,"enemies":"Small Slimes","floor":5.0,"turns":1.0},{"damage":33.0,"enemies":"Lagavulin","floor":11.0,"turns":7.0},{"damage":4.0,"enemies":"The Guardian","floor":16.0,"turns":10.0},{"damage":8.0,"enemies":"3 Byrds","floor":18.0,"turns":5.0},{"damage":42.0,"enemies":"2 Thieves","floor":20.0,"turns":5.0},{"damage":8.0,"enemies":"Shelled Parasite and Fungi","floor":22.0,"turns":11.0},{"damage":6.0,"enemies":"Sentry and Sphere","floor":24.0,"turns":11.0},{"damage":22,"enemies":"Slavers","floor":29,"turns":4}],"seed_played":"-4318522797503210330","potions_obtained":[{"floor":3.0,"key":"Swift Potion"},{"floor":16.0,"key":"ColorlessPotion"},{"floor":20.0,"key":"GhostInAJar"},{"floor":24.0,"key":"Swift Potion"}],"is_trial":false,"path_per_floor":["M","$","M","?","M","R","?","R","T","?","E","$","?","?","R","B",null,"M","$","M","$","M","R","M","R","T","R","?","E"],"character_chosen":"THE_SILENT","items_purchased":["Bouncing Flask","Footwork","Calculated Gamble","Orrery","Sadistic Nature","Acrobatics"],"campfire_rested":1,"item_purchase_floors":[2,12,12,12,12,21],"current_hp_per_floor":[59,59,59,36,36,36,36,36,36,36,3,3,19,19,19,40,60,52,52,10,10,2,21,15,15,15,15,15,0,0],"gold":59,"neow_bonus":"THREE_ENEMY_KILL","is_daily":false,"chose_seed":false,"campfire_upgraded":5,"win_rate":0.0,"timestamp":1608352831,"path_taken":["M","$","M","?","M","R","?","R","T","?","E","?","?","?","R","BOSS","M","$","M","$","?","R","M","R","T","R","?","E"],"items_purchased_type":["Card","Card","Card","Relic","Card","Card"],"build_version":"2020-12-13","purchased_purges":2,"victory":false,"max_hp_per_floor":[66,66,66,66,66,66,66,66,66,66,66,66,66,66,66,66,66,66,66,66,66,66,66,66,66,66,66,66,66,66],"card_choices":[{"not_picked":["Dodge and Roll","Flying Knee"],"picked":"Crippling Poison","floor":1.0},{"not_picked":["Quick Slash","Deadly Poison","Prepared"],"picked":"SKIP","floor":3.0},{"not_picked":["Outmaneuver","Underhanded Strike","Deadly Poison"],"picked":"SKIP","floor":5.0},{"not_picked":["Predator","Flying Knee"],"picked":"Venomology","floor":11.0},{"not_picked":["Crippling Poison","Catalyst"],"picked":"Blur","floor":12.0},{"not_picked":["Dodge and Roll","Endless Agony"],"picked":"Footwork","floor":12.0},{"not_picked":["Bane","Leg Sweep"],"picked":"After Image","floor":12.0},{"not_picked":["Quick Slash","Envenom"],"picked":"Night Terror","floor":12.0},{"not_picked":["Die Die Die","After Image"],"picked":"Adrenaline","floor":16.0},{"not_picked":["Bane+1","Infinite Blades","Dagger Throw+1"],"picked":"SKIP","floor":18.0},{"not_picked":["Well Laid Plans","Deadly Poison"],"picked":"Backflip+1","floor":20.0},{"not_picked":["Setup","Dagger Spray"],"picked":"Outmaneuver+1","floor":22.0},{"not_picked":["Escape Plan","Dagger Throw"],"picked":"Blur+1","floor":24.0}],"player_experience":91443,"relics_obtained":[{"floor":9.0,"key":"Pantograph"},{"floor":11.0,"key":"Old Coin"},{"floor":26.0,"key":"InkBottle"}],"event_choices":[{"damage_healed":0.0,"max_hp_gain":0.0,"max_hp_loss":0.0,"gold_gain":0.0,"event_name":"Golden Idol","player_choice":"Take Damage","floor":4.0,"gold_loss":0.0,"damage_taken":23.0,"relics_obtained":["Golden Idol"]},{"damage_healed":0.0,"max_hp_gain":0.0,"max_hp_loss":0.0,"gold_gain":150.0,"event_name":"Liars Game","player_choice":"AGREE","floor":7.0,"gold_loss":0.0,"damage_taken":0.0,"cards_obtained":["Doubt"]},{"cards_removed":["Doubt"],"damage_healed":0.0,"max_hp_gain":0.0,"max_hp_loss":0.0,"gold_gain":0.0,"event_name":"Living Wall","player_choice":"Forget","floor":10.0,"gold_loss":0.0,"damage_taken":0.0},{"damage_healed":16.0,"max_hp_gain":0.0,"max_hp_loss":0.0,"gold_gain":0.0,"event_name":"Mushrooms","player_choice":"Healed and dodged fight","floor":13.0,"gold_loss":0.0,"damage_taken":0.0,"cards_obtained":["Parasite"]},{"damage_healed":0.0,"max_hp_gain":0.0,"max_hp_loss":0.0,"gold_gain":0.0,"event_name":"Match and Keep!","player_choice":"0 cards matched","floor":14.0,"gold_loss":0.0,"damage_taken":0.0,"cards_obtained":[]},{"damage_healed":0.0,"max_hp_gain":0.0,"max_hp_loss":0.0,"gold_gain":0.0,"event_name":"Addict","player_choice":"Obtained Relic","floor":28.0,"gold_loss":85.0,"damage_taken":0.0,"relics_obtained":["Unceasing Top"]}],"is_beta":false,"boss_relics":[{"not_picked":["Philosopher\u0027s Stone","Ectoplasm"],"picked":"Astrolabe"}],"items_purged_floors":[12,19],"is_endless":false,"potions_floor_spawned":[3,16,20,24],"killed_by":"Slavers","ascension_level":20}}