{"host":"jm9833yuloeli2yd","time":1608338984,"event":{"mods":["AchievementEnabler","BaseMod","Better Altar","Better Match","Better Note","Better Sensory Stone","Better Skull","Better Vampires","Colored Map","Colored Powertips","DeckTracker","Minty Spire (QoL Compilation)","Permanent Neow","Quick Restart","Replay The Spire","StSLib","SuperFastMode"],"gold_per_floor":[361,361,373,71,90,117,117,145,145,9,52,52,76,103,103,187,187,215,230,94,113,77,117,117,17,17],"floor_reached":25,"playtime":712,"items_purged":["Defend_B","Strike_B","Dualcast"],"score":482,"play_id":"9b5b63e4-4b83-430a-9150-42003de92273","local_time":"20201218194944","is_ascension_mode":true,"campfire_choices":[{"floor":7.0,"key":"REST"},{"data":"Zap","floor":12.0,"key":"SMITH"},{"data":"Consume","floor":15.0,"key":"SMITH"},{"data":"Panic Button","floor":24.0,"key":"SMITH"}],"circlet_count":0,"master_deck":["AscendersBane","Defend_B","Defend_B","Zap+1","Cold Snap","Gash","Electrodynamics","Gash","BootSequence","Electrodynamics","Gash","Compile Driver","Consume+1","FIFO Queue","All For One","Panic Button+1","Cold Snap","Trip","ReplayGash","Chill"],"relics":["Cracked Core","Membership Card","ReplayFunnel","Meat on the Bone","Nunchaku","DollysMirror","CeramicFish","Replay:Drink Me","Medical Kit","Replay:Wax Seal","Blue Doll"],"acts_visited":["Exordium","TheCity"],"potions_floor_usage":[],"damage_taken":[{"damage":1.0,"enemies":"Cultist","floor":1.0,"turns":3.0},{"damage":3.0,"enemies":"Small Slimes","floor":3.0,"turns":3.0},{"damage":0.0,"enemies":"2 Louse","floor":5.0,"turns":2.0},{"damage":30.0,"enemies":"Gremlin Nob","floor":6.0,"turns":4.0},{"damage":11.0,"enemies":"Lagavulin","floor":8.0,"turns":7.0},{"damage":18.0,"enemies":"3 Sentries","floor":11.0,"turns":4.0},{"damage":0.0,"enemies":"Large Slime","floor":13.0,"turns":4.0},{"damage":0.0,"enemies":"Blue Slaver","floor":14.0,"turns":3.0},{"damage":17.0,"enemies":"Fading Forest","floor":16.0,"turns":13.0},{"damage":27.0,"enemies":"3 Byrds","floor":18.0,"turns":4.0},{"damage":0.0,"enemies":"Spheric Guardian","floor":19.0,"turns":3.0},{"damage":13.0,"enemies":"Centurion and Healer","floor":21.0,"turns":4.0},{"damage":23.0,"enemies":"Slavers","floor":23.0,"turns":3.0},{"damage":29,"enemies":"Gremlin Leader","floor":25,"turns":2}],"seed_played":"-8792983397674119815","potions_obtained":[{"floor":8.0,"key":"Doom Potion"},{"floor":13.0,"key":"SpeedPotion"},{"floor":21.0,"key":"GamblersBrew"}],"is_trial":false,"path_per_floor":["M","?","M","$","M","E","R","E","T","$","E","R","M","M","R","B",null,"M","M","$","M","$","E","R","E"],"character_chosen":"DEFECT","items_purchased":["Membership Card","Electrodynamics","Gash","DollysMirror","Medical Kit","Replay:Wax Seal","Cold Snap","Trip","ReplayGash"],"campfire_rested":1,"item_purchase_floors":[4,4,4,10,20,20,20,20,22],"current_hp_per_floor":[63,63,60,60,60,30,49,38,38,38,32,32,44,44,44,51,48,33,33,33,32,32,21,21,0,0],"gold":17,"neow_bonus":"TWO_FIFTY_GOLD","is_daily":false,"chose_seed":false,"campfire_upgraded":3,"win_rate":0.0,"timestamp":1608338984,"path_taken":["M","?","M","$","M","E","R","E","T","$","E","R","M","M","R","BOSS","M","M","$","M","?","E","R","E"],"items_purchased_type":["Relic","Card","Card","Relic","Relic","Relic","Card","Card","Card"],"build_version":"2020-12-13","purchased_purges":3,"victory":false,"max_hp_per_floor":[64,64,64,64,64,64,64,64,64,64,64,64,64,64,64,64,48,48,48,48,48,48,48,48,48,48],"card_choices":[{"not_picked":["Barrage","Redo"],"picked":"Cold Snap","floor":1.0},{"not_picked":["Coolheaded","Panic Button"],"picked":"Gash","floor":3.0},{"not_picked":["Time Bomb","Conserve Battery","Blizzard"],"picked":"SKIP","floor":5.0},{"not_picked":["Beam Cell","Echo Form"],"picked":"BootSequence","floor":6.0},{"not_picked":["Panic Button","Redo"],"picked":"Electrodynamics","floor":8.0},{"not_picked":["Go for the Eyes","Hello World"],"picked":"Compile Driver","floor":11.0},{"not_picked":["Sunder","Loop"],"picked":"Consume","floor":13.0},{"not_picked":["Barrage","Cold Snap"],"picked":"FIFO Queue","floor":14.0},{"not_picked":["Seek","Buffer"],"picked":"All For One","floor":16.0},{"not_picked":["White Noise","Ball Lightning"],"picked":"Panic Button","floor":18.0},{"not_picked":["Barrage","Undo","Ball Lightning"],"picked":"SKIP","floor":19.0},{"not_picked":["ReplayTheSpireMod:System Scan","BasicCrystalCard","Streamline"],"picked":"SKIP","floor":21.0},{"not_picked":["Hologram","Chaos"],"picked":"Chill","floor":23.0}],"player_experience":1117298,"relics_obtained":[{"floor":6.0,"key":"ReplayFunnel"},{"floor":8.0,"key":"Meat on the Bone"},{"floor":9.0,"key":"Nunchaku"},{"floor":11.0,"key":"CeramicFish"},{"floor":23.0,"key":"Blue Doll"}],"event_choices":[{"cards_removed":["Strike_B"],"damage_healed":0.0,"max_hp_gain":0.0,"max_hp_loss":0.0,"gold_gain":0.0,"event_name":"Purifier","player_choice":"Purged","floor":2.0,"gold_loss":0.0,"damage_taken":0.0}],"is_beta":false,"boss_relics":[{"not_picked":["Replay:Grab Bag","Replay:Ancient Bell"],"picked":"Replay:Drink Me"}],"items_purged_floors":[4,10,20],"is_endless":false,"potions_floor_spawned":[8,13,16,21,23],"killed_by":"Gremlin Leader","ascension_level":20}}