{"host":"wkcoec525dnrk4jw","time":1608380142,"event":{"mods":["BaseMod","Minty Spire (QoL Compilation)","Quick Restart","Replay The Spire","Shop Mod","StSLib","TestMod","The Bug Knight","The Cursed","[IsaacMod]以撒尖塔"],"gold_per_floor":[114,114,114,114,132,157,157,171,171,185,185,35,35,60,60,164,164,177,27,46,46,63,90,100,100,182,198,224,66,66,77,77,180,180,194,194,243,293,50,77,77,77,77,77,110,126,126,126,126,126,126],"floor_reached":50,"playtime":2622,"items_purged":["HollowMod:NailStrikeStart"],"score":894,"play_id":"6028ff79-2f00-479e-96a2-792bbdb58b1a","local_time":"20201219201541","is_ascension_mode":false,"campfire_choices":[{"data":"HollowMod:FocusHealStart","floor":7.0,"key":"SMITH"},{"data":"Wild Strike","floor":11.0,"key":"SMITH"},{"data":"TheCursedMod:RavingStaff","floor":15.0,"key":"SMITH"},{"data":"HollowMod:DesolateDive","floor":25.0,"key":"SMITH"},{"data":"Corpse Explosion","floor":32.0,"key":"SMITH"},{"data":"RitualDagger","floor":41.0,"key":"SMITH"},{"data":"HollowMod:RecoilStrike","floor":44.0,"key":"SMITH"},{"data":"WreathOfFlame","floor":49.0,"key":"SMITH"}],"circlet_count":0,"master_deck":["HollowMod:NailStrikeStart","HollowMod:QuickDashStart","HollowMod:QuickDashStart","HollowMod:QuickDashStart","HollowMod:FocusHealStart+1","HollowMod:PogoStrike","HollowMod:HeavyBlow","TheCursedMod:RavingStaff+1","TheCursedMod:CircleOfCorruption","Wild Strike+1","Cleave","TheCursedMod:CircleOfBlood","Corpse Explosion+1","HollowMod:DesolateDive+1","Bandage Up","TheCursedMod:Stigma","HollowMod:NewJinnsSoul+1","RitualDagger+1","Replay:DivineShield+1","ReplayTheSpireMod:Strike From Hell","Hidden Blade","Jack Of All Trades","Conserve Battery","Mind Blast+1","HollowMod:BaldurShell+1","Heavy Blade+1","Envenom+1","HollowMod:SharpenedNail+1","TheCursedMod:Hemoplague+1","HollowMod:PerfectDash+1","HollowMod:AwokenDreamNail+1","HollowMod:CloakDash+1","TheCursedMod:CircleOfCorruption","HollowMod:RecoilStrike+1","HollowMod:SoulMaster+1","HollowMod:SoulSplash+1","WreathOfFlame+1"],"relics":["HollowMod:VesselMask","HushsDoor","YumHeart","testmod-ArcanaOfDestiny","NeowsBlessing","PrismaticShard","testmod-TestBox","Onion Ring","Bottled Flame","TheBattery","InkBottle","testmod-CardMagician","HollowMod:StagPassRelic","ReplayTheSpireMod:TigerMarble","Frozen Egg 2","Bag of Preparation","Black Star","Replay:PocketPolymizer","Du-Vu Doll","HollowMod:MantisClawRelic","Gambling Chip","HornCleat","White Beast Statue","ReplayTheSpireMod:Lightbulb","AnarchistCookbook"],"acts_visited":["Exordium","TheCity","TheBeyond"],"potions_floor_usage":[50],"damage_taken":[{"damage":0.0,"enemies":"2 Louse","floor":1.0,"turns":1.0},{"damage":0.0,"enemies":"Small Slimes","floor":5.0,"turns":1.0},{"damage":0.0,"enemies":"3 Sentries","floor":6.0,"turns":1.0},{"damage":6.0,"enemies":"Jaw Worm","floor":8.0,"turns":2.0},{"damage":11.0,"enemies":"Exordium Wildlife","floor":10.0,"turns":3.0},{"damage":0.0,"enemies":"Lagavulin","floor":14.0,"turns":2.0},{"damage":53.0,"enemies":"Hexaghost","floor":16.0,"turns":9.0},{"damage":2.0,"enemies":"Shell Parasite","floor":18.0,"turns":2.0},{"damage":5.0,"enemies":"Chosen","floor":20.0,"turns":2.0},{"damage":0.0,"enemies":"3 Cultists","floor":22.0,"turns":1.0},{"damage":29.0,"enemies":"Book of Stabbing","floor":23.0,"turns":5.0},{"damage":0.0,"enemies":"Sentry and Sphere","floor":24.0,"turns":2.0},{"damage":0.0,"enemies":"Snecko","floor":27.0,"turns":2.0},{"damage":18.0,"enemies":"Replay:Snechameleon","floor":28.0,"turns":3.0},{"damage":1.0,"enemies":"Chosen and Byrds","floor":31.0,"turns":3.0},{"damage":66.0,"enemies":"Pondfish","floor":33.0,"turns":9.0},{"damage":16.0,"enemies":"3 Shapes","floor":35.0,"turns":2.0},{"damage":24.0,"enemies":"2 Orb Walkers","floor":37.0,"turns":4.0},{"damage":0.0,"enemies":"Mind Bloom Boss Battle","floor":38.0,"turns":2.0},{"damage":0.0,"enemies":"R_Hoarder","floor":40.0,"turns":5.0},{"damage":30.0,"enemies":"Giant Head","floor":45.0,"turns":7.0},{"damage":0.0,"enemies":"Orb Walker","floor":46.0,"turns":1.0},{"damage":103,"enemies":"Replay:Hell Engine","floor":50,"turns":10}],"seed_played":"-8310583347730587883","potions_obtained":[{"floor":1.0,"key":"LiquidBronze"},{"floor":8.0,"key":"LifebloodPotion"},{"floor":10.0,"key":"CultistPotion"},{"floor":18.0,"key":"Death Potion"},{"floor":46.0,"key":"Fire Potion"}],"is_trial":false,"path_per_floor":["M","?","?","?","M","E","R","M","T","M","R","$","?","E","R","B",null,"M","?","M","?","M","E","M","R","T","M","E","$","?","M","R","B",null,"M","?","?","?","$","E","R","?","T","R","E","M","T","?","R","B"],"character_chosen":"THE_BUGKNIGHT","items_purchased":["TheBattery","HollowMod:DesolateDive","Bandage Up","Mind Blast","HollowMod:BaldurShell+1","HollowMod:PerfectDash","HollowMod:AwokenDreamNail","HollowMod:CloakDash"],"campfire_rested":0,"item_purchase_floors":[12,17,17,29,29,39,39,39],"current_hp_per_floor":[75,75,80,80,80,80,80,74,74,80,80,80,73,79,79,46,70,68,68,65,59,59,54,60,60,60,60,58,58,58,61,61,40,70,57,57,57,61,61,67,67,67,67,67,66,66,66,66,66,0,0],"gold":126,"neow_bonus":"THREE_ENEMY_KILL","is_daily":false,"chose_seed":false,"campfire_upgraded":8,"win_rate":0.0,"timestamp":1608380141,"path_taken":["M","?","?","?","M","E","R","?","T","M","R","$","?","E","R","BOSS","M","?","?","?","M","E","M","R","T","M","E","$","?","M","R","BOSS","M","?","?","?","$","E","R","?","T","R","E","M","?","?","R","BOSS"],"items_purchased_type":["Relic","Card","Card","Card","Card","Card","Card","Card"],"build_version":"2020-12-13","purchased_purges":1,"victory":false,"max_hp_per_floor":[75,75,80,80,80,80,80,80,80,80,80,80,80,80,80,80,70,70,70,70,70,70,70,70,70,70,70,70,70,70,70,70,70,70,70,70,70,70,70,70,70,70,70,70,70,70,70,70,70,70,70],"card_choices":[{"not_picked":[],"picked":"Bomb","floor":0.0},{"not_picked":["HollowMod:SoulShaman","HollowMod:SoulVessel"],"picked":"HollowMod:HeavyBlow","floor":1.0},{"not_picked":["Genetic Algorithm","Sever Soul"],"picked":"TheCursedMod:RavingStaff","floor":5.0},{"not_picked":["Barrage","HollowMod:NewInfectedGuardian"],"picked":"TheCursedMod:CircleOfCorruption","floor":6.0},{"not_picked":["SashWhip","TheCursedMod:RavingStaff"],"picked":"Wild Strike","floor":8.0},{"not_picked":["FollowUp","testmod-ShutDown"],"picked":"Cleave","floor":10.0},{"not_picked":["InnerPeace","TheCursedMod:RapidMovement"],"picked":"TheCursedMod:CircleOfBlood","floor":14.0},{"not_picked":["Fiend Fire","TheCursedMod:DemonSword"],"picked":"Corpse Explosion","floor":16.0},{"not_picked":["Streamline","testmod-WeaknessCounterattack"],"picked":"TheCursedMod:Stigma","floor":18.0},{"not_picked":["TheCursedMod:Stretching+1","EmptyBody"],"picked":"HollowMod:NewJinnsSoul+1","floor":20.0},{"not_picked":["Replay:BluntJabs","Wireheading"],"picked":"Replay:DivineShield+1","floor":22.0},{"not_picked":["TheCursedMod:Neurasthenia","WaveOfTheHand"],"picked":"ReplayTheSpireMod:Strike From Hell","floor":23.0},{"not_picked":["Tempest","Hemokinesis"],"picked":"Hidden Blade","floor":24.0},{"not_picked":["Twin Strike","TheCursedMod:SpitefulStrike"],"picked":"Jack Of All Trades","floor":27.0},{"not_picked":["Capacitor+1","testmod-Collector"],"picked":"Conserve Battery","floor":28.0},{"not_picked":["FollowUp","Prepared"],"picked":"Heavy Blade+1","floor":31.0},{"not_picked":["Seek","Battery"],"picked":"Envenom+1","floor":33.0},{"not_picked":["Flash of Steel+1","Stack+1"],"picked":"HollowMod:SharpenedNail+1","floor":35.0},{"not_picked":["HollowMod:HeavyBlow+1","HollowMod:TaintedHusks+1"],"picked":"TheCursedMod:Hemoplague+1","floor":37.0},{"not_picked":["HollowMod:GoodIntentions","HollowMod:SoulMaster+1"],"picked":"TheCursedMod:CircleOfCorruption","floor":40.0},{"not_picked":["TheCursedMod:AshesToAshes","Replay:BluntJabs"],"picked":"HollowMod:SoulSplash+1","floor":45.0},{"not_picked":["HollowMod:SiblingsSouls","Go for the Eyes"],"picked":"WreathOfFlame","floor":46.0}],"player_experience":129116,"relics_obtained":[{"floor":6.0,"key":"Onion Ring"},{"floor":9.0,"key":"Bottled Flame"},{"floor":14.0,"key":"InkBottle"},{"floor":23.0,"key":"ReplayTheSpireMod:TigerMarble"},{"floor":26.0,"key":"Frozen Egg 2"},{"floor":28.0,"key":"Bag of Preparation"},{"floor":37.0,"key":"Replay:PocketPolymizer"},{"floor":38.0,"key":"Du-Vu Doll"},{"floor":40.0,"key":"HollowMod:MantisClawRelic"},{"floor":40.0,"key":"Gambling Chip"},{"floor":43.0,"key":"HornCleat"},{"floor":45.0,"key":"White Beast Statue"},{"floor":45.0,"key":"ReplayTheSpireMod:Lightbulb"},{"floor":47.0,"key":"AnarchistCookbook"}],"event_choices":[{"damage_healed":0.0,"max_hp_gain":5.0,"max_hp_loss":0.0,"gold_gain":0.0,"event_name":"Big Fish","player_choice":"Donut","floor":3.0,"gold_loss":0.0,"damage_taken":0.0},{"damage_healed":0.0,"max_hp_gain":0.0,"max_hp_loss":0.0,"gold_gain":0.0,"event_name":"给自己的盒子","player_choice":"Swap Relic","floor":4.0,"relics_lost":["testmod-TestBox"],"gold_loss":0.0,"damage_taken":0.0,"relics_obtained":["testmod-TestBox"]},{"cards_removed":["HollowMod:NailStrikeStart"],"damage_healed":0.0,"max_hp_gain":0.0,"max_hp_loss":0.0,"gold_gain":0.0,"event_name":"Golden Wing","player_choice":"Card Removal","floor":13.0,"gold_loss":0.0,"damage_taken":7.0},{"damage_healed":0.0,"max_hp_gain":0.0,"max_hp_loss":0.0,"gold_gain":0.0,"event_name":"Nest","player_choice":"Joined the Cult","floor":21.0,"gold_loss":0.0,"damage_taken":6.0,"cards_obtained":["RitualDagger"]},{"damage_healed":0.0,"max_hp_gain":0.0,"max_hp_loss":0.0,"gold_gain":0.0,"event_name":"Ghosts","player_choice":"Ignored","floor":30.0,"gold_loss":0.0,"damage_taken":0.0},{"damage_healed":0.0,"max_hp_gain":0.0,"max_hp_loss":0.0,"gold_gain":0.0,"event_name":"Mysterious Sphere","player_choice":"Fight","floor":37.0,"gold_loss":0.0,"damage_taken":0.0},{"damage_healed":0.0,"max_hp_gain":0.0,"max_hp_loss":0.0,"gold_gain":0.0,"event_name":"MindBloom","player_choice":"Fight","floor":38.0,"gold_loss":0.0,"damage_taken":0.0},{"damage_healed":0.0,"max_hp_gain":0.0,"max_hp_loss":0.0,"gold_gain":0.0,"event_name":"Lab","player_choice":"Got Potions","floor":48.0,"gold_loss":0.0,"damage_taken":0.0}],"is_beta":false,"boss_relics":[{"not_picked":["testmod-DeterminationOfClimber","Abe\u0027s Treasure"],"picked":"testmod-CardMagician"},{"not_picked":[]},{"not_picked":["testmod-Recursion","ReplayTheSpireMod:DimensionalGlitch"],"picked":"Black Star"},{"not_picked":[]}],"items_purged_floors":[17],"is_endless":false,"potions_floor_spawned":[1,8,10,18,20,27,31,35,45,46],"killed_by":"Replay:Hell Engine","ascension_level":0}}