{"host":"owox7x4ngjt9htcc","time":1608356743,"event":{"mods":["BaseMod","Colored Map","DeckTracker","Keyboard Shortcuts","Minty Spire (QoL Compilation)","SuperFastMode"],"gold_per_floor":[114,289,147,162,177,177,220,220,220,235,265,115,145,160,160,260,260,275,175,190,205,220,220,250,349,349,379,394,394,424,439,439,539,539,554,569,569,569,584,584,614,629,629,659,686,61,91,106,106,106],"floor_reached":51,"playtime":1514,"items_purged":["Doubt","Evolve","Clash"],"score":982,"play_id":"728a705a-9861-4a9b-927f-a240660a70e0","local_time":"20201219144543","daily_mods":["Draft","Uncertain Future","Elite Swarm"],"is_ascension_mode":false,"campfire_choices":[{"data":"Armaments","floor":6.0,"key":"SMITH"},{"data":"Armaments","floor":8.0,"key":"SMITH"},{"data":"Berserk","floor":15.0,"key":"SMITH"},{"data":"Inflame","floor":23.0,"key":"SMITH"},{"data":"Limit Break","floor":29.0,"key":"SMITH"},{"data":"Double Tap","floor":32,"key":"SMITH"},{"data":"Metallicize","floor":40,"key":"SMITH"},{"data":"Juggernaut","floor":49,"key":"SMITH"}],"circlet_count":0,"master_deck":["Sword Boomerang","Rampage","Cleave","Flex","Iron Wave","Thunderclap","Twin Strike","Pummel","Shockwave","Battle Trance+1","Armaments+1","Armaments+1","Iron Wave","Inflame+1","Shrug It Off","Berserk+1","Feed","Metallicize+1","Juggernaut+1","Iron Wave+1","Seeing Red+1","Shrug It Off+1","Reaper","Limit Break+1","Double Tap+1","Metallicize","Offering","Disarm+1","Evolve+1","Barricade+1","Iron Wave+1","Juggernaut+1"],"relics":["Burning Blood","Calipers","Incense Burner","Vajra","Nunchaku","Bottled Flame","SlaversCollar","Potion Belt","Shuriken","War Paint","Oddly Smooth Stone","Black Star","White Beast Statue","InkBottle","Frozen Egg 2","Turnip","Bird Faced Urn","StoneCalendar","Lizard Tail","Blood Vial","The Courier","Du-Vu Doll"],"acts_visited":["Exordium","TheCity","TheBeyond"],"potions_floor_usage":[30,44,45,50,50,50],"damage_taken":[{"damage":0.0,"enemies":"Small Slimes","floor":1.0,"turns":3.0},{"damage":4.0,"enemies":"2 Louse","floor":4.0,"turns":2.0},{"damage":1.0,"enemies":"Jaw Worm","floor":5.0,"turns":2.0},{"damage":12.0,"enemies":"Lagavulin Event","floor":7.0,"turns":4.0},{"damage":0.0,"enemies":"Gremlin Gang","floor":10.0,"turns":3.0},{"damage":10.0,"enemies":"Gremlin Nob","floor":11.0,"turns":4.0},{"damage":3.0,"enemies":"3 Sentries","floor":13.0,"turns":4.0},{"damage":0.0,"enemies":"Blue Slaver","floor":14.0,"turns":3.0},{"damage":0.0,"enemies":"Slime Boss","floor":16.0,"turns":9.0},{"damage":13.0,"enemies":"Spheric Guardian","floor":18.0,"turns":4.0},{"damage":7.0,"enemies":"2 Thieves","floor":20.0,"turns":4.0},{"damage":18.0,"enemies":"Snake Plant","floor":21.0,"turns":6.0},{"damage":10.0,"enemies":"Centurion and Healer","floor":22.0,"turns":6.0},{"damage":31.0,"enemies":"Slavers","floor":24.0,"turns":3.0},{"damage":18.0,"enemies":"Gremlin Leader","floor":27.0,"turns":6.0},{"damage":6.0,"enemies":"3 Cultists","floor":28.0,"turns":6.0},{"damage":18,"enemies":"Slavers","floor":30,"turns":3},{"damage":1,"enemies":"Sentry and Sphere","floor":31,"turns":4},{"damage":15,"enemies":"Champ","floor":33,"turns":7},{"damage":40,"enemies":"3 Shapes","floor":35,"turns":6},{"damage":0,"enemies":"Orb Walker","floor":36,"turns":3},{"damage":29,"enemies":"4 Shapes","floor":39,"turns":6},{"damage":6,"enemies":"Giant Head","floor":41,"turns":5},{"damage":17,"enemies":"Maw","floor":42,"turns":7},{"damage":44,"enemies":"Reptomancer","floor":44,"turns":4},{"damage":64,"enemies":"2 Orb Walkers","floor":45,"turns":7},{"damage":7,"enemies":"Giant Head","floor":47,"turns":9},{"damage":37,"enemies":"Spire Growth","floor":48,"turns":6},{"damage":7,"enemies":"Awakened One","floor":50,"turns":7}],"seed_played":"-2908382401684788831","potions_obtained":[{"floor":4.0,"key":"Explosive Potion"},{"floor":10.0,"key":"SmokeBomb"},{"floor":13.0,"key":"Swift Potion"},{"floor":14.0,"key":"Explosive Potion"},{"floor":21.0,"key":"FairyPotion"},{"floor":30,"key":"BloodPotion"},{"floor":33,"key":"EssenceOfSteel"},{"floor":41,"key":"ElixirPotion"},{"floor":42,"key":"Weak Potion"},{"floor":44,"key":"BlessingOfTheForge"},{"floor":45,"key":"ColorlessPotion"},{"floor":48,"key":"BloodPotion"}],"is_trial":false,"path_per_floor":["M","?","$","M","M","R","?","R","T","M","E","$","E","M","R","B",null,"M","$","M","M","M","R","E","?","T","E","M","R","E","M","R","B",null,"M","M","?","?","M","R","E","M","T","E","?","$","E","M","R","B",null],"character_chosen":"IRONCLAD","items_purchased":["Inflame","Nunchaku","Lizard Tail","Blood Vial","Strength Potion"],"campfire_rested":0,"item_purchase_floors":[3,12,46,46,46],"current_hp_per_floor":[80,80,80,80,80,80,74,74,74,80,76,76,79,83,83,86,86,82,82,84,72,71,71,50,50,50,58,88,88,85,94,94,98,106,81,87,87,87,89,89,106,110,110,72,55,55,101,94,94,113],"gold":106,"neow_bonus":"","is_daily":true,"chose_seed":false,"campfire_upgraded":8,"win_rate":0.0,"timestamp":1608356743,"path_taken":["M","?","$","M","M","R","?","R","T","M","E","?","E","M","R","BOSS","M","$","?","?","M","R","E","?","T","E","M","R","E","M","R","BOSS","M","M","?","?","M","R","E","M","T","E","?","$","E","M","R","BOSS"],"items_purchased_type":["Card","Relic","Relic","Relic","Potion"],"build_version":"2020-12-13","purchased_purges":3,"victory":true,"max_hp_per_floor":[80,80,80,80,80,80,80,80,80,80,80,80,80,83,83,86,86,89,89,92,92,95,95,99,99,99,99,99,99,102,106,106,106,106,106,106,106,106,106,106,106,110,110,110,113,113,113,113,113,113],"card_choices":[{"not_picked":["Havoc","Body Slam"],"picked":"Sword Boomerang","floor":0.0},{"not_picked":["Sword Boomerang","Havoc"],"picked":"Shrug It Off","floor":0.0},{"not_picked":["Flex","Combust"],"picked":"Rampage","floor":0.0},{"not_picked":["Power Through","Sword Boomerang"],"picked":"Cleave","floor":0.0},{"not_picked":["Wild Strike","Thunderclap"],"picked":"Flex","floor":0.0},{"not_picked":["Clash","Cleave"],"picked":"Iron Wave","floor":0.0},{"not_picked":["Clothesline","Power Through"],"picked":"Thunderclap","floor":0.0},{"not_picked":["Cleave","Pommel Strike"],"picked":"Evolve","floor":0.0},{"not_picked":["Clash","Headbutt"],"picked":"Twin Strike","floor":0.0},{"not_picked":["Headbutt","Pommel Strike"],"picked":"Pummel","floor":0.0},{"not_picked":["Sword Boomerang","Warcry"],"picked":"Shockwave","floor":0.0},{"not_picked":["Whirlwind","Blood for Blood"],"picked":"Clash","floor":0.0},{"not_picked":["Power Through","Clothesline"],"picked":"Battle Trance","floor":0.0},{"not_picked":["Shrug It Off","Ghostly Armor"],"picked":"Armaments","floor":0.0},{"not_picked":["Warcry","Pommel Strike"],"picked":"Armaments","floor":0.0},{"not_picked":["Blood for Blood","Anger"],"picked":"Iron Wave","floor":1.0},{"not_picked":["Blood for Blood","Sword Boomerang","Cleave"],"picked":"SKIP","floor":4.0},{"not_picked":["Sentinel","Clothesline"],"picked":"Shrug It Off","floor":5.0},{"not_picked":["Sentinel","Perfected Strike","Armaments"],"picked":"SKIP","floor":10.0},{"not_picked":["Double Tap","Barricade"],"picked":"Berserk","floor":11.0},{"not_picked":["Berserk","Immolate"],"picked":"Feed","floor":13.0},{"not_picked":["Uppercut","Sword Boomerang"],"picked":"Metallicize","floor":14.0},{"not_picked":["Barricade","Demon Form"],"picked":"Juggernaut","floor":16.0},{"not_picked":["Perfected Strike+1","Sever Soul+1"],"picked":"Iron Wave+1","floor":18.0},{"not_picked":["Clothesline","Hemokinesis","Rupture"],"picked":"SKIP","floor":20.0},{"not_picked":["Wild Strike","Pommel Strike"],"picked":"Seeing Red","floor":21.0},{"not_picked":["Flex","Evolve"],"picked":"Shrug It Off+1","floor":22.0},{"not_picked":["Demon Form","Double Tap"],"picked":"Reaper","floor":24.0},{"not_picked":["Impervious","Berserk"],"picked":"Limit Break","floor":27.0},{"not_picked":["Headbutt+1","Rupture","Wild Strike"],"picked":"SKIP","floor":28.0},{"not_picked":["Double Tap","Berserk","Corruption"],"picked":"SKIP","floor":30},{"not_picked":["Berserk","Corruption"],"picked":"Double Tap","floor":30},{"not_picked":["Iron Wave","Pommel Strike"],"picked":"Metallicize","floor":31},{"not_picked":["Demon Form","Corruption"],"picked":"Offering","floor":33},{"not_picked":["Cleave+1","Armaments+1"],"picked":"Disarm+1","floor":35},{"not_picked":["Clothesline+1","Sever Soul+1"],"picked":"Evolve+1","floor":36},{"not_picked":["Rupture","Clothesline","Blood for Blood"],"picked":"SKIP","floor":39},{"not_picked":["Brutality","Fiend Fire","Bludgeon"],"picked":"SKIP","floor":41},{"not_picked":["Perfected Strike","Cleave","Battle Trance+1"],"picked":"SKIP","floor":42},{"not_picked":["Brutality+1","Limit Break"],"picked":"Barricade+1","floor":44},{"not_picked":["Cleave","Clothesline+1"],"picked":"Iron Wave+1","floor":45},{"not_picked":["Fiend Fire","Barricade+1"],"picked":"Juggernaut+1","floor":47},{"not_picked":["Perfected Strike+1","Heavy Blade+1","Headbutt"],"picked":"SKIP","floor":48}],"player_experience":844394,"relics_obtained":[{"floor":7.0,"key":"Calipers"},{"floor":9.0,"key":"Incense Burner"},{"floor":11.0,"key":"Vajra"},{"floor":13.0,"key":"Bottled Flame"},{"floor":24.0,"key":"Potion Belt"},{"floor":26.0,"key":"Shuriken"},{"floor":27.0,"key":"War Paint"},{"floor":30,"key":"Oddly Smooth Stone"},{"floor":41,"key":"White Beast Statue"},{"floor":41,"key":"InkBottle"},{"floor":43,"key":"Frozen Egg 2"},{"floor":44,"key":"Turnip"},{"floor":44,"key":"Bird Faced Urn"},{"floor":45,"key":"StoneCalendar"},{"floor":47,"key":"The Courier"},{"floor":47,"key":"Du-Vu Doll"}],"event_choices":[{"damage_healed":0.0,"max_hp_gain":0.0,"max_hp_loss":0.0,"gold_gain":175.0,"event_name":"Liars Game","player_choice":"AGREE","floor":2.0,"gold_loss":0.0,"damage_taken":0.0,"cards_obtained":["Doubt"]},{"damage_healed":0.0,"max_hp_gain":0.0,"max_hp_loss":0.0,"gold_gain":0.0,"event_name":"Dead Adventurer","player_choice":"Searched \u00272\u0027 times","floor":7.0,"gold_loss":0.0,"damage_taken":0.0},{"damage_healed":0.0,"max_hp_gain":0.0,"max_hp_loss":0.0,"gold_gain":99.0,"event_name":"Nest","player_choice":"Stole From Cult","floor":25.0,"gold_loss":0.0,"damage_taken":0.0},{"cards_removed":["Shrug It Off"],"damage_healed":0,"gold_gain":0,"player_choice":"Removed Skill","damage_taken":0,"max_hp_gain":0,"max_hp_loss":0,"event_name":"Falling","floor":37,"gold_loss":0},{"damage_healed":0,"gold_gain":0,"player_choice":"Ignored","damage_taken":0,"max_hp_gain":0,"max_hp_loss":0,"event_name":"Tomb of Lord Red Mask","floor":38,"gold_loss":0},{"damage_healed":0,"gold_gain":0,"player_choice":"Fight","damage_taken":0,"max_hp_gain":0,"max_hp_loss":0,"event_name":"Mysterious Sphere","floor":45,"gold_loss":0}],"is_beta":false,"boss_relics":[{"not_picked":["Snecko Eye","Velvet Choker"],"picked":"SlaversCollar"},{"not_picked":["Black Blood","Calling Bell"],"picked":"Black Star"}],"items_purged_floors":[3,19,46],"is_endless":false,"potions_floor_spawned":[4,10,13,14,20,21,30,33,41,42,44,45,47,48],"ascension_level":0}}