{"host":"msepye59htvs4aw4","time":1608407016,"event":{"mods":["BaseMod","Colored Map","DeckTracker","Highlight Path","Minty Spire (QoL Compilation)","Shop Mod","StSLib","SuperFastMode"],"gold_per_floor":[119,135,148,167,182,182,193,209,256,286,286,36,36,55,55,148,148,132,132,145,160,179,179,179,179,179],"floor_reached":25,"playtime":783,"items_purged":[],"score":366,"play_id":"3dbe14e9-29d0-43db-a247-403a34ef0e0f","local_time":"20201219204336","is_ascension_mode":true,"campfire_choices":[{"floor":6,"key":"REST"},{"floor":13,"key":"REST"},{"data":"Backflip","floor":15,"key":"SMITH"},{"floor":23,"key":"REST"}],"circlet_count":0,"master_deck":["AscendersBane","Strike_G","Strike_G+1","Strike_G","Strike_G","Strike_G","Defend_G","Defend_G","Defend_G","Defend_G","Defend_G","Survivor","Neutralize","Dodge and Roll","Backstab","Backstab+1","Well Laid Plans","Terror","PiercingWail","Backstab","Backflip+1","Die Die Die","Dagger Spray","Crippling Poison"],"relics":["Ring of the Snake","Anchor","Whetstone","Bottled Lightning","Golden Idol","HandDrill","Sozu","Nilry\u0027s Codex"],"acts_visited":["Exordium","TheCity"],"potions_floor_usage":[10,16,16,21],"damage_taken":[{"damage":0,"enemies":"2 Louse","floor":1,"turns":2},{"damage":6,"enemies":"Cultist","floor":2,"turns":5},{"damage":6,"enemies":"Jaw Worm","floor":3,"turns":7},{"damage":5,"enemies":"2 Fungi Beasts","floor":4,"turns":5},{"damage":0,"enemies":"Looter","floor":5,"turns":3},{"damage":0,"enemies":"Exordium Wildlife","floor":7,"turns":2},{"damage":0,"enemies":"Red Slaver","floor":8,"turns":2},{"damage":24,"enemies":"Lagavulin","floor":10,"turns":9},{"damage":0,"enemies":"3 Louse","floor":14,"turns":2},{"damage":5,"enemies":"The Guardian","floor":16,"turns":11},{"damage":2,"enemies":"2 Thieves","floor":18,"turns":4},{"damage":2,"enemies":"Shell Parasite","floor":20,"turns":4},{"damage":7,"enemies":"Shelled Parasite and Fungi","floor":21,"turns":7},{"damage":27,"enemies":"Snake Plant","floor":22,"turns":4},{"damage":22,"enemies":"Sentry and Sphere","floor":25,"turns":4}],"seed_played":"-6198108470829500508","potions_obtained":[{"floor":2,"key":"Energy Potion"},{"floor":4,"key":"LiquidBronze"},{"floor":14,"key":"SteroidPotion"},{"floor":16,"key":"PowerPotion"}],"is_trial":false,"path_per_floor":["M","M","M","M","M","R","M","M","T","E","?","$","R","M","R","B",null,"M","?","M","M","M","R","?","M"],"character_chosen":"THE_SILENT","items_purchased":["Backstab","Backflip","HandDrill"],"campfire_rested":3,"item_purchase_floors":[12,12,12],"current_hp_per_floor":[59,53,47,42,42,61,61,61,61,37,37,37,55,55,55,50,58,56,56,54,47,20,38,17,0,0],"gold":179,"neow_bonus":"RANDOM_COMMON_RELIC","is_daily":false,"chose_seed":false,"campfire_upgraded":1,"win_rate":0.0,"timestamp":1608407016,"path_taken":["M","M","M","M","M","R","M","M","T","E","?","$","R","M","R","BOSS","M","?","M","M","?","R","?","M"],"items_purchased_type":["Card","Card","Relic"],"build_version":"2020-12-13","purchased_purges":0,"victory":false,"max_hp_per_floor":[66,66,66,66,66,66,66,66,66,66,60,60,60,60,60,60,60,60,60,60,60,60,60,60,60,60],"card_choices":[{"not_picked":["Outmaneuver","Reflex","Calculated Gamble"],"picked":"SKIP","floor":1},{"not_picked":["Dagger Throw","Underhanded Strike"],"picked":"Dodge and Roll","floor":2},{"not_picked":["Choke","Concentrate"],"picked":"Backstab","floor":3},{"not_picked":["Terror","Dagger Throw"],"picked":"Backstab","floor":4},{"not_picked":["Expertise","Blade Dance"],"picked":"Well Laid Plans","floor":5},{"not_picked":["Escape Plan","Endless Agony"],"picked":"Terror","floor":7},{"not_picked":["Dash","Riddle With Holes"],"picked":"PiercingWail","floor":8},{"not_picked":["Poisoned Stab","Grand Finale","Cloak And Dagger"],"picked":"SKIP","floor":10},{"not_picked":["Infinite Blades","Dodge and Roll","Tactician"],"picked":"SKIP","floor":14},{"not_picked":["Phantasmal Killer","Malaise"],"picked":"Die Die Die","floor":16},{"not_picked":["Choke","Underhanded Strike","Dash"],"picked":"SKIP","floor":18},{"not_picked":["Bane","Prepared","Acrobatics"],"picked":"SKIP","floor":20},{"not_picked":["Prepared+1","Terror"],"picked":"Dagger Spray","floor":21},{"not_picked":["Cloak And Dagger","Dagger Spray"],"picked":"Crippling Poison","floor":22}],"player_experience":1606274,"relics_obtained":[{"floor":9,"key":"Whetstone"},{"floor":10,"key":"Bottled Lightning"},{"floor":24,"key":"Nilry\u0027s Codex"}],"event_choices":[{"damage_healed":0,"gold_gain":0,"player_choice":"Lose Max HP","damage_taken":0,"relics_obtained":["Golden Idol"],"max_hp_gain":0,"max_hp_loss":6,"event_name":"Golden Idol","floor":11,"gold_loss":0},{"damage_healed":0,"gold_gain":0,"player_choice":"Got Potions","damage_taken":0,"max_hp_gain":0,"max_hp_loss":0,"event_name":"Lab","floor":19,"gold_loss":0},{"damage_healed":0,"gold_gain":0,"player_choice":"Obtained Book","damage_taken":21,"max_hp_gain":0,"max_hp_loss":0,"event_name":"Cursed Tome","floor":24,"gold_loss":0}],"is_beta":false,"boss_relics":[{"not_picked":["Snecko Eye","Empty Cage"],"picked":"Sozu"}],"items_purged_floors":[],"is_endless":false,"potions_floor_spawned":[2,4,8,14,16,18,21,22],"killed_by":"Sentry and Sphere","ascension_level":15}}