{"host":"njruw0b0uprlitpx","time":1608349854,"event":{"mods":["2.2 Compatiblity","Astrologer","BaseMod","Better Altar","Better Note","Better Sensory Stone","Better Skull","Better Third Choice","BetterRewards","Block Reminder","Chen","Colored Map","Colored Powertips","Hermit","Jedi Mod","Keyboard Shortcuts","Minty Spire (QoL Compilation)","Quick Restart","Relic Stats","Replay The Spire","SacredBarkPlus","Spicy Shops","StSLib","SuperFastMode","The Blackbeard","The Mystic","The Problem Sleuth","The Runesmith","The Spell Scribe","Wandering Minibosses"],"gold_per_floor":[114,114,8,27,46,46,182,182,182,251,334,388,441,500,500,645,645,689,14,63,63,112,112,175,175,175,282,365,365,457,535,535,709,709,782,840,858,858,916,916,993,1061,1061,1168,1209,557,557,557,557,557],"floor_reached":51,"playtime":3118,"items_purged":["Decay","theScribe:EnchantedStrike","Madness"],"score":957,"play_id":"1976cbbb-5a4d-418d-b3b7-d8830bd6a6da","local_time":"20201218215054","daily_mods":["Draft","Uncertain Future","Elite Swarm"],"is_ascension_mode":false,"campfire_choices":[{"data":"Body Slam","floor":6.0,"key":"SMITH"},{"floor":8.0,"key":"REST"},{"data":"Barricade","floor":15.0,"key":"SMITH"},{"data":"Entrench","floor":23.0,"key":"SMITH"},{"data":"Perfected Strike","floor":29.0,"key":"SMITH"},{"data":"Perfected Strike","floor":32,"key":"SMITH"},{"data":"Double Tap","floor":40,"key":"SMITH"},{"floor":49,"key":"REST"}],"circlet_count":0,"master_deck":["Pommel Strike","Twin Strike+1","jedi:collectorstrike","Perfected Strike+1","Armaments+1","Headbutt","ReplayTheSpireMod:Muscle Training","Iron Wave","Shrug It Off","Metallicize","Rage","Entrench+1","Replay:Undeath\u0027s Touch","Thunderclap","Pommel Strike","Hemokinesis+1","Uppercut","Flame Barrier","Body Slam+1","Carnage+1","Spot Weakness+1","Barricade+1","Corruption+1","Impervious+1","Clothesline+1","Reaper+1","Combust","ReplayTheSpireMod:LeadingStrike+1","Wild Strike","Wild Strike","blackbeard:GoldenStrike","Perfected Strike+1","jedi:bloodyhammer","Hemogenesis","jedi:unlimitedpower","Rage","Double Tap+1","Carnage+1","Madness","Fiend Fire+1","Bludgeon+1","Replay:Sssssssssshield+1","jedi:harder","Replay:Undeath\u0027s Touch+1","Dual Wield+1","Demon Form","Perfected Strike+1","Disarm+1"],"relics":["Black Blood","Golden Idol","Replay:Bandana","jedi:firstaidkit","jedi:kaleidoscope","ReplayFunnel","Mark of Pain","Guide Book","Ginger","Replay:Bottled Eggs","Replay:Baseball","Nilry\u0027s Codex","jedi:angrymask","CeramicFish","Gremlin Food","theSleuth:Tectrixcalibur","Molten Egg 2","Darkstone Periapt","Letter Opener","Membership Card","jedi:ominousloannote","Potion Belt","ReplayTheSpireMod:Spearhead","Toy Ornithopter","jedi:Pinwheel","Lee\u0027s Waffle","Centennial Puzzle","Prayer Wheel"],"acts_visited":["Exordium","TheCity","TheBeyond"],"potions_floor_usage":[33,50,50,50],"damage_taken":[{"damage":1.0,"enemies":"Small Slimes","floor":1.0,"turns":2.0},{"damage":2.0,"enemies":"2 Louse","floor":4.0,"turns":1.0},{"damage":1.0,"enemies":"Jaw Worm","floor":5.0,"turns":3.0},{"damage":7.0,"enemies":"Gremlin Gang","floor":10.0,"turns":3.0},{"damage":6.0,"enemies":"Gremlin Nob","floor":11.0,"turns":3.0},{"damage":22.0,"enemies":"Blue Slaver","floor":12.0,"turns":6.0},{"damage":18.0,"enemies":"Lagavulin","floor":13.0,"turns":6.0},{"damage":7.0,"enemies":"3 Louse","floor":14.0,"turns":3.0},{"damage":42.0,"enemies":"The Guardian","floor":16.0,"turns":10.0},{"damage":6.0,"enemies":"Chosen","floor":18.0,"turns":5.0},{"damage":20.0,"enemies":"2 Thieves","floor":20.0,"turns":4.0},{"damage":10.0,"enemies":"Snake Plant","floor":22.0,"turns":3.0},{"damage":34.0,"enemies":"Book of Stabbing","floor":24.0,"turns":6.0},{"damage":11.0,"enemies":"Slavers","floor":27.0,"turns":3.0},{"damage":30.0,"enemies":"Snecko","floor":28.0,"turns":8.0},{"damage":24.0,"enemies":"Book of Stabbing","floor":30.0,"turns":5.0},{"damage":8.0,"enemies":"Sentry and Sphere","floor":31.0,"turns":3.0},{"damage":34,"enemies":"Automaton","floor":33,"turns":7},{"damage":12,"enemies":"Orb Walker","floor":35,"turns":3},{"damage":21,"enemies":"3 Darklings","floor":36,"turns":4},{"damage":8,"enemies":"Spire Growth","floor":39,"turns":2},{"damage":21,"enemies":"Nemesis","floor":41,"turns":5},{"damage":6,"enemies":"Jaw Worm Horde","floor":42,"turns":3},{"damage":13,"enemies":"Giant Head","floor":44,"turns":5},{"damage":18,"enemies":"Nemesis","floor":47,"turns":1},{"damage":51,"enemies":"Transient","floor":48,"turns":5},{"damage":31,"enemies":"Time Eater","floor":50,"turns":8}],"seed_played":"-2908382401684788831","potions_obtained":[{"floor":5.0,"key":"BlessingOfTheForge"},{"floor":11.0,"key":"BloodPotion"},{"floor":13.0,"key":"Elixir"},{"floor":14.0,"key":"AttackPotion"},{"floor":16.0,"key":"PowerPotion"},{"floor":27.0,"key":"jedi:holywater"},{"floor":30.0,"key":"PowerPotion"},{"floor":33,"key":"Regen Potion"},{"floor":35,"key":"HeartOfIron"},{"floor":47,"key":"Energy Potion"}],"is_trial":false,"path_per_floor":["M","?","$","M","M","R","?","R","T","M","E","M","E","M","R","B",null,"M","$","M","?","M","R","E","?","T","E","M","R","E","M","R","B",null,"M","M","?","?","M","R","E","M","T","E","$","$","E","M","R","B",null],"character_chosen":"IRONCLAD","items_purchased":["Uppercut","Flame Barrier","Guide Book","Ginger","Reaper","Replay:Bottled Eggs","Weak Potion","Membership Card","jedi:ominousloannote","Potion Belt","Replay:Sssssssssshield","ReplayTheSpireMod:Spearhead","jedi:harder","Ancient Potion","Dexterity Potion","Toy Ornithopter","jedi:Pinwheel","Lee\u0027s Waffle","Replay:Undeath\u0027s Touch+1","Dual Wield+1","Centennial Puzzle"],"campfire_rested":2,"item_purchase_floors":[3,3,19,19,19,19,19,45,45,45,45,46,46,46,46,46,46,46,46,46,46],"current_hp_per_floor":[80,60,60,64,69,69,37,61,61,64,64,51,41,44,44,45,80,80,80,79,79,79,79,79,63,63,58,52,52,67,65,65,48,80,80,77,67,67,71,71,71,79,79,79,79,87,81,50,76,87],"gold":557,"neow_bonus":"","is_daily":true,"chose_seed":false,"campfire_upgraded":6,"win_rate":0.0,"timestamp":1608349854,"path_taken":["M","?","$","M","M","R","?","R","T","M","E","?","E","M","R","BOSS","M","$","?","?","M","R","E","?","T","E","M","R","E","M","R","BOSS","M","M","?","?","M","R","E","M","T","E","?","$","E","M","R","BOSS"],"items_purchased_type":["Card","Card","Relic","Relic","Card","Relic","Potion","Relic","Relic","Relic","Card","Relic","Card","Potion","Potion","Relic","Relic","Relic","Card","Card","Relic"],"build_version":"2020-12-13","purchased_purges":3,"victory":true,"max_hp_per_floor":[80,80,80,80,80,80,80,80,80,80,80,80,80,80,80,80,80,80,80,80,80,80,80,80,80,80,80,80,80,80,80,80,80,80,80,80,80,80,80,80,80,80,80,80,80,87,87,87,87,87],"relic_stats":{"Darkstone Periapt":0,"Lee\u0027s Waffle":8,"Centennial Puzzle":[9],"counters":[27,117],"Golden Idol":230,"CeramicFish":117,"Black Blood":199,"Prayer Wheel":1,"Ginger":[3],"Letter Opener":[20],"obtain_stats":[{"ReplayFunnel":13,"Darkstone Periapt":43,"jedi:angrymask":26,"Nilry\u0027s Codex":25,"CeramicFish":27,"Black Blood":34,"Ginger":19,"jedi:Pinwheel":46,"Burning Blood":0,"Replay:Bandana":7,"Centennial Puzzle":46,"theSleuth:Tectrixcalibur":38,"jedi:firstaidkit":9,"Prayer Wheel":47,"Replay:Bottled Eggs":19,"Gremlin Food":30,"Potion Belt":45,"Lee\u0027s Waffle":46,"Golden Idol":2,"Guide Book":19,"Letter Opener":44,"Replay:Baseball":24,"ReplayTheSpireMod:Spearhead":46,"jedi:kaleidoscope":11,"jedi:ominousloannote":45,"Molten Egg 2":41,"Mark of Pain":17,"Membership Card":45,"Toy Ornithopter":46},{"ReplayFunnel":7,"Darkstone Periapt":23,"jedi:angrymask":13,"Nilry\u0027s Codex":13,"CeramicFish":14,"Black Blood":18,"Ginger":10,"jedi:Pinwheel":24,"Burning Blood":0,"Replay:Bandana":3,"Centennial Puzzle":24,"theSleuth:Tectrixcalibur":20,"jedi:firstaidkit":3,"Prayer Wheel":25,"Replay:Bottled Eggs":10,"Gremlin Food":16,"Potion Belt":24,"Lee\u0027s Waffle":24,"Golden Idol":1,"Guide Book":10,"Letter Opener":24,"Replay:Baseball":13,"ReplayTheSpireMod:Spearhead":24,"jedi:kaleidoscope":5,"jedi:ominousloannote":24,"Molten Egg 2":22,"Mark of Pain":9,"Membership Card":24,"Toy Ornithopter":24},{"ReplayFunnel":24,"Darkstone Periapt":98,"jedi:angrymask":55,"Nilry\u0027s Codex":55,"CeramicFish":58,"Black Blood":81,"Ginger":42,"jedi:Pinwheel":103,"Burning Blood":0,"Replay:Bandana":6,"Centennial Puzzle":103,"theSleuth:Tectrixcalibur":88,"jedi:firstaidkit":6,"Prayer Wheel":104,"Replay:Bottled Eggs":42,"Gremlin Food":71,"Potion Belt":103,"Lee\u0027s Waffle":103,"Golden Idol":2,"Guide Book":42,"Letter Opener":103,"Replay:Baseball":55,"ReplayTheSpireMod:Spearhead":103,"jedi:kaleidoscope":12,"jedi:ominousloannote":103,"Molten Egg 2":95,"Mark of Pain":37,"Membership Card":103,"Toy Ornithopter":103}],"Toy Ornithopter":15},"card_choices":[{"not_picked":["Heavy Blade","True Grit"],"picked":"Pommel Strike","floor":0.0},{"not_picked":["Pommel Strike","Blood for Blood"],"picked":"Twin Strike","floor":0.0},{"not_picked":["Flex","Clash"],"picked":"jedi:collectorstrike","floor":0.0},{"not_picked":["jedi:MakeshiftSword","Heavy Blade"],"picked":"Perfected Strike","floor":0.0},{"not_picked":["Headbutt","Sword Boomerang"],"picked":"Armaments","floor":0.0},{"not_picked":["Clash","jedi:fear"],"picked":"Headbutt","floor":0.0},{"not_picked":["Clash","Replay:Undeath\u0027s Touch"],"picked":"ReplayTheSpireMod:Muscle Training","floor":0.0},{"not_picked":["jedi:controlledanger","jedi:fear"],"picked":"Iron Wave","floor":0.0},{"not_picked":["Heavy Blade","Thunderclap"],"picked":"Shrug It Off","floor":0.0},{"not_picked":["Inflame","Twin Strike"],"picked":"Metallicize","floor":0.0},{"not_picked":["ReplayTheSpireMod:Strike From Hell","Battle Trance"],"picked":"Rage","floor":0.0},{"not_picked":["Headbutt","ReplayReversal"],"picked":"Entrench","floor":0.0},{"not_picked":["Twin Strike","Fire Breathing"],"picked":"Replay:Undeath\u0027s Touch","floor":0.0},{"not_picked":["ReplayTheSpireMod:Strike From Hell","Sword Boomerang"],"picked":"Thunderclap","floor":0.0},{"not_picked":["Replay:Undeath\u0027s Touch","Run Through"],"picked":"Pommel Strike","floor":0.0},{"not_picked":["Power Through","Armaments"],"picked":"Hemokinesis","floor":1.0},{"not_picked":["Blood for Blood","ReplayTheSpireMod:Stacked"],"picked":"jedi:collectorstrike","floor":4.0},{"not_picked":["jedi:collectorstrike","Headbutt"],"picked":"Body Slam","floor":5.0},{"not_picked":["jedi:collectorstrike","Dark Embrace"],"picked":"Carnage","floor":7.0},{"not_picked":["jedi:collectorstrike","Heavy Blade"],"picked":"Spot Weakness","floor":7.0},{"not_picked":["Twin Strike","Sentinel","Pommel Strike"],"picked":"SKIP","floor":10.0},{"not_picked":["Bludgeon","Hemogenesis"],"picked":"Barricade","floor":11.0},{"not_picked":["jedi:fear","Sword Boomerang"],"picked":"jedi:collectorstrike","floor":12.0},{"not_picked":["Limit Break","jedi:collectorstrike"],"picked":"Corruption","floor":13.0},{"not_picked":["Fire Breathing","ReplayTheSpireMod:Muscle Training"],"picked":"jedi:collectorstrike","floor":14.0},{"not_picked":["Corruption","jedi:strikingstrike"],"picked":"Impervious","floor":16.0},{"not_picked":["jedi:collectorstrike","ReplayTheSpireMod:Stacked+1"],"picked":"Clothesline+1","floor":18.0},{"not_picked":["Infernal Blade","jedi:collectorstrike"],"picked":"Combust","floor":20.0},{"not_picked":["Run Through","ReplayTheSpireMod:Muscle Training"],"picked":"jedi:collectorstrike","floor":22.0},{"not_picked":["Fiend Fire","jedi:collectorstrike"],"picked":"jedi:bloodyhammer","floor":24.0},{"not_picked":["Corruption","Replay:Many Hands"],"picked":"Hemogenesis","floor":27.0},{"not_picked":["Sentinel","Cleave"],"picked":"jedi:collectorstrike","floor":28.0},{"not_picked":["jedi:collectorstrike","Impervious"],"picked":"jedi:unlimitedpower","floor":30.0},{"not_picked":["Havoc","Sword Boomerang"],"picked":"Rage","floor":31},{"not_picked":["Barricade","Feed"],"picked":"Double Tap","floor":33},{"not_picked":["Clash+1","Replay:Undeath\u0027s Touch+1"],"picked":"jedi:collectorstrike","floor":35},{"not_picked":["jedi:collectorstrike","Wild Strike+1"],"picked":"Carnage+1","floor":36},{"not_picked":["Wild Strike","ReplayTheSpireMod:Strike From Hell"],"picked":"jedi:collectorstrike","floor":39},{"not_picked":["jedi:collectorstrike+1","Feed+1"],"picked":"Fiend Fire+1","floor":41},{"not_picked":["ReplayTheSpireMod:Strike From Hell+1","Flex"],"picked":"jedi:collectorstrike","floor":42},{"not_picked":["jedi:collectorstrike","Feed+1"],"picked":"Bludgeon+1","floor":44},{"not_picked":["jedi:collectorstrike","Impervious"],"picked":"Demon Form","floor":47},{"not_picked":["jedi:collectorstrike","Iron Wave+1"],"picked":"Perfected Strike+1","floor":48},{"not_picked":["jedi:collectorstrike","jedi:suffering+1"],"picked":"Disarm+1","floor":48}],"player_experience":1470860,"relics_obtained":[{"floor":7.0,"key":"Replay:Bandana"},{"floor":9.0,"key":"jedi:firstaidkit"},{"floor":11.0,"key":"jedi:kaleidoscope"},{"floor":13.0,"key":"ReplayFunnel"},{"floor":24.0,"key":"Replay:Baseball"},{"floor":25.0,"key":"Nilry\u0027s Codex"},{"floor":26.0,"key":"jedi:angrymask"},{"floor":27.0,"key":"CeramicFish"},{"floor":30.0,"key":"Gremlin Food"},{"floor":41,"key":"Molten Egg 2"},{"floor":43,"key":"Darkstone Periapt"},{"floor":44,"key":"Letter Opener"},{"floor":47,"key":"Prayer Wheel"}],"event_choices":[{"damage_healed":0.0,"max_hp_gain":0.0,"max_hp_loss":0.0,"gold_gain":0.0,"event_name":"Golden Idol","player_choice":"Take Damage","floor":2.0,"gold_loss":0.0,"damage_taken":20.0,"relics_obtained":["Golden Idol"]},{"damage_healed":0.0,"max_hp_gain":0.0,"max_hp_loss":0.0,"gold_gain":0.0,"event_name":"Cursed Tome","player_choice":"Obtained Book","floor":25.0,"gold_loss":0.0,"damage_taken":16.0},{"damage_healed":0,"gold_gain":0,"player_choice":"Embrace Madness","damage_taken":10,"max_hp_gain":0,"max_hp_loss":0,"event_name":"Winding Halls","floor":37,"gold_loss":0,"cards_obtained":["Madness","Madness"]}],"is_beta":false,"boss_relics":[{"not_picked":["Runic Pyramid","Philosopher\u0027s Stone"],"picked":"Mark of Pain"},{"not_picked":["Painkiller Herb","Runic Cube"],"picked":"Black Blood"}],"items_purged_floors":[19,45,46],"is_endless":false,"potions_floor_spawned":[5,11,13,14,16,24,27,30,33,35,44,47],"ascension_level":0}}