{"host":"v4s5k3c6jywmeofl","time":1608410752,"event":{"mods":["Act Like it!","BaseMod","Colored Map","Downfall","Gensokyo","Hallownest","Hermit","Marisa????????","Minty Spire (QoL Compilation)","Quick Restart","Random Character Button","Rare Cards Sparkle","Replay The Spire","StSLib","The Animator","The Bug Knight","The Cursed","The Hierophant","The Servant 0.9.4"],"gold_per_floor":[110,110,125,125,142,167,167,186,186,186,186,213,15,32,32,32,32],"floor_reached":16,"playtime":934,"items_purged":[],"score":110,"play_id":"ef5269ba-f0e8-4ca8-8a67-2e3e4d41dfc4","local_time":"20201219154552","is_ascension_mode":false,"campfire_choices":[{"floor":7,"key":"REST"},{"floor":10,"key":"REST"},{"floor":15,"key":"REST"}],"circlet_count":1,"master_deck":["Strike_S","Strike_S","Strike_S","Strike_S","Defend_S","Defend_S","Defend_S","Defend_S","KidneyShot","Exchange","Ricochet","FanOfKnives","GearUp","Shuttle","SilverBlades","Starlight","ShatteredReality","FastForward"],"relics":["Uniform","NeowsBlessing","Hallownest:DreamNailRelic","Circlet","Replay:Bottled Steam","Pear","Hallownest:TeacherSealRelic","Quantum Egg","Bronze Scales"],"acts_visited":["Hallownest:Greenpath"],"potions_floor_usage":[16,16],"damage_taken":[{"damage":3,"enemies":"Hallownest:2_Tiktiks_and_1_Crawlid","floor":1,"turns":2},{"damage":0,"enemies":"Hallownest:2_MossCreeps","floor":3,"turns":1},{"damage":0,"enemies":"Hallownest:2_Baldur","floor":5,"turns":1},{"damage":27,"enemies":"Hallownest:eliteMossKnight","floor":6,"turns":11},{"damage":33,"enemies":"Hallownest:1_Ooma_and_2_Uuma","floor":8,"turns":8},{"damage":37,"enemies":"Hallownest:eliteCrystalGuardian","floor":12,"turns":8},{"damage":0,"enemies":"Hallownest:monsterAspidMother","floor":14,"turns":5},{"damage":38,"enemies":"Hallownest:BossHornet","floor":16,"turns":13}],"seed_played":"2641047988333563631","potions_obtained":[{"floor":1,"key":"Fire Potion"},{"floor":8,"key":"Slimebound:ThreeZeroPotion"},{"floor":12,"key":"FearPotion"}],"is_trial":false,"path_per_floor":["M","?","M","?","M","E","R","M","T","R","?","E","$","M","R","B"],"character_chosen":"THE_SERVANT","items_purchased":["ShatteredReality","Bronze Scales"],"campfire_rested":3,"item_purchase_floors":[13,13],"current_hp_per_floor":[62,62,62,62,62,35,54,21,31,53,53,16,16,16,38,0,0],"gold":32,"neow_bonus":"THREE_ENEMY_KILL","is_daily":false,"chose_seed":false,"campfire_upgraded":0,"win_rate":0.0,"timestamp":1608410752,"path_taken":["M","?","M","?","M","E","R","?","T","R","?","E","$","?","R","BOSS"],"items_purchased_type":["Card","Relic"],"build_version":"2020-12-13","purchased_purges":0,"victory":false,"max_hp_per_floor":[65,65,65,65,65,65,65,65,75,75,75,75,75,75,75,75,75],"card_choices":[{"not_picked":["InstantArmor","BottledTime"],"picked":"Ricochet","floor":1},{"not_picked":["Rewind","Potential"],"picked":"FanOfKnives","floor":3},{"not_picked":["Foresight","Unruled"],"picked":"GearUp","floor":5},{"not_picked":["WasteNot","Barrier"],"picked":"Shuttle","floor":6},{"not_picked":["InstantArmor","DualDimension"],"picked":"SilverBlades","floor":8},{"not_picked":["Rewind","FastForward"],"picked":"Starlight","floor":12},{"not_picked":["FanOfKnives","Sabotage"],"picked":"FastForward","floor":14}],"player_experience":86035,"relics_obtained":[{"floor":6,"key":"Replay:Bottled Steam"},{"floor":9,"key":"Pear"},{"floor":12,"key":"Quantum Egg"}],"event_choices":[],"is_beta":false,"boss_relics":[],"items_purged_floors":[],"is_endless":false,"potions_floor_spawned":[1,8,12],"killed_by":"Hallownest:BossHornet","ascension_level":0}}