{"host":"tljppfwplya481bc","time":1608349277,"event":{"mods":["BaseMod","Colored Map","Minty Spire (QoL Compilation)","Permanent Neow","Quick Restart"],"gold_per_floor":[16,35,35,1,1,1,1,15,15,115,134,162,173,186,186,186,186],"floor_reached":16,"playtime":511,"items_purged":[],"score":112,"play_id":"acdb70f4-2aba-4ee9-9c38-12412289133e","local_time":"20201219124117","is_ascension_mode":true,"campfire_choices":[{"data":"Battle Trance","floor":6.0,"key":"SMITH"},{"data":"Armaments","floor":15.0,"key":"SMITH"}],"circlet_count":0,"master_deck":["Strike_R","Strike_R","Defend_R","Defend_R","Defend_R","Defend_R","Bash","Dropkick","Rampage+1","Battle Trance+1","Armaments+1","Cleave","Dual Wield","Shrug It Off","Rage"],"relics":["Burning Blood","Meat on the Bone","Kunai"],"acts_visited":["Exordium"],"potions_floor_usage":[],"damage_taken":[{"damage":7.0,"enemies":"Jaw Worm","floor":1.0,"turns":3.0},{"damage":1.0,"enemies":"Cultist","floor":2.0,"turns":4.0},{"damage":5.0,"enemies":"Small Slimes","floor":8.0,"turns":3.0},{"damage":25.0,"enemies":"Gremlin Gang","floor":11.0,"turns":6.0},{"damage":13.0,"enemies":"Gremlin Nob","floor":12.0,"turns":3.0},{"damage":1.0,"enemies":"3 Louse","floor":13.0,"turns":2.0},{"damage":17.0,"enemies":"Looter","floor":14.0,"turns":3.0},{"damage":48,"enemies":"The Guardian","floor":16,"turns":9}],"seed_played":"4576933280392304716","potions_obtained":[{"floor":2.0,"key":"SteroidPotion"},{"floor":12.0,"key":"CultistPotion"}],"is_trial":false,"path_per_floor":["M","M","?","$","?","R","$","M","T","?","M","E","M","M","R","B"],"character_chosen":"IRONCLAD","items_purchased":["Battle Trance"],"campfire_rested":0,"item_purchase_floors":[4],"current_hp_per_floor":[79,80,80,80,80,80,80,80,80,80,61,54,59,48,48,0,0],"gold":186,"neow_bonus":"REMOVE_TWO","is_daily":false,"chose_seed":false,"campfire_upgraded":2,"win_rate":0.0,"timestamp":1608349277,"path_taken":["M","M","?","?","?","R","$","?","T","?","M","E","M","M","R","BOSS"],"items_purchased_type":["Card"],"build_version":"2020-12-13","purchased_purges":0,"victory":false,"max_hp_per_floor":[80,80,80,80,80,80,80,80,80,80,80,80,80,80,80,80,80],"card_choices":[{"not_picked":["Anger","Wild Strike"],"picked":"Dropkick","floor":1.0},{"not_picked":["True Grit","Sword Boomerang"],"picked":"Rampage","floor":2.0},{"not_picked":["Pommel Strike","Shockwave"],"picked":"Armaments","floor":8.0},{"not_picked":["Infernal Blade","Heavy Blade"],"picked":"Cleave","floor":11.0},{"not_picked":["Hemokinesis","Barricade"],"picked":"Dual Wield","floor":12.0},{"not_picked":["Cleave","Sword Boomerang"],"picked":"Shrug It Off","floor":13.0},{"not_picked":["Twin Strike","Warcry"],"picked":"Rage","floor":14.0}],"player_experience":197724,"relics_obtained":[{"floor":9.0,"key":"Meat on the Bone"},{"floor":12.0,"key":"Kunai"}],"event_choices":[{"damage_healed":0.0,"max_hp_gain":0.0,"max_hp_loss":0.0,"gold_gain":0.0,"event_name":"Upgrade Shrine","player_choice":"Upgraded","floor":3.0,"gold_loss":0.0,"damage_taken":0.0,"cards_upgraded":["Rampage"]},{"cards_removed":["Strike_R"],"damage_healed":0.0,"max_hp_gain":0.0,"max_hp_loss":0.0,"gold_gain":0.0,"event_name":"Bonfire Elementals","player_choice":"Offered Basic","floor":5.0,"gold_loss":0.0,"damage_taken":0.0},{"damage_healed":0.0,"max_hp_gain":0.0,"max_hp_loss":0.0,"gold_gain":100.0,"event_name":"Wheel of Change","player_choice":"Gold","floor":10.0,"gold_loss":0.0,"damage_taken":0.0}],"is_beta":false,"boss_relics":[],"items_purged_floors":[],"is_endless":false,"potions_floor_spawned":[2,12],"killed_by":"The Guardian","ascension_level":2}}