{"host":"sum4dy402bbv9y4o","time":1608387273,"event":{"mods":["Aspiration","BaseMod","Conspire","Highlight Path","Minty Spire (QoL Compilation)","StSLib"],"gold_per_floor":[114,2,2,15,34,34,64,83,110,128,128,73,73,90,90,166,166,182,182,198,41,41,72,82,109,132,143,174,192,218,218,218,290,290,310,310,66,83,97,131,151,163,163,163,163,189,199,219,219,219,219,219],"floor_reached":51,"playtime":1881,"items_purged":["Decay","Defend_P"],"score":1732,"play_id":"d7837f32-4c41-4e93-9102-a901490cd51a","local_time":"20201219171433","is_ascension_mode":true,"campfire_choices":[{"data":"Eruption","floor":6,"key":"SMITH"},{"data":"TalkToTheHand","floor":11,"key":"SMITH"},{"data":"SashWhip","floor":13,"key":"SMITH"},{"data":"Adaptation","floor":15,"key":"SMITH"},{"floor":32,"key":"REST"},{"data":"MentalFortress","floor":44,"key":"SMITH"},{"data":"Wallop","floor":49,"key":"SMITH"}],"circlet_count":0,"master_deck":["AscendersBane","Strike_P","Strike_P","Defend_P","Eruption+1","Vigilance","Prostrate","Perseverance","FlurryOfBlows","CarveReality","SashWhip+1","Halt","FlurryOfBlows","EmptyFist","TalkToTheHand+1","Adaptation+1","Brilliance","Wallop+1","Sanctity","DeceiveReality","ReachHeaven","RitualDagger","FlurryOfBlows","FlurryOfBlows","Tantrum","Perseverance","Brilliance","FlurryOfBlows","LikeWater","MentalFortress+1","Halt+1"],"relics":["PureWater","Yang","Potion Belt","TeardropLocket","conspire:SpecialSausage","Singing Bowl","Meat on the Bone","Orichalcum","Pantograph","Damaru","Anchor","Bag of Preparation","aspiration:ChemicalBlood","Pen Nib"],"acts_visited":["Exordium","TheCity","TheBeyond"],"potions_floor_usage":[16,25,25,27,28,33,33,40,40,41,46,50,50,51,51,51,51],"damage_taken":[{"damage":13,"enemies":"Small Slimes","floor":1,"turns":3},{"damage":0,"enemies":"Cultist","floor":4,"turns":2},{"damage":2,"enemies":"Jaw Worm","floor":5,"turns":3},{"damage":3,"enemies":"Lagavulin","floor":7,"turns":4},{"damage":3,"enemies":"Red Slaver","floor":8,"turns":2},{"damage":0,"enemies":"Large Slime","floor":10,"turns":2},{"damage":0,"enemies":"2 Fungi Beasts","floor":14,"turns":3},{"damage":23,"enemies":"Hexaghost","floor":16,"turns":13},{"damage":0,"enemies":"Chosen","floor":18,"turns":4},{"damage":0,"enemies":"conspire:FuzzyDice","floor":20,"turns":5},{"damage":0,"enemies":"Slavers","floor":23,"turns":3},{"damage":20,"enemies":"Snecko","floor":24,"turns":5},{"damage":0,"enemies":"conspire:Head Lice","floor":25,"turns":4},{"damage":11,"enemies":"Snake Plant","floor":27,"turns":4},{"damage":7,"enemies":"Book of Stabbing","floor":28,"turns":5},{"damage":0,"enemies":"Shelled Parasite and Fungi","floor":29,"turns":2},{"damage":0,"enemies":"conspire:SneckoGhost","floor":30,"turns":5},{"damage":37,"enemies":"Collector","floor":33,"turns":8},{"damage":14,"enemies":"3 Darklings","floor":35,"turns":4},{"damage":0,"enemies":"Orb Walker","floor":38,"turns":2},{"damage":0,"enemies":"Spire Growth","floor":39,"turns":2},{"damage":24,"enemies":"Nemesis","floor":40,"turns":7},{"damage":11,"enemies":"4 Shapes","floor":41,"turns":7},{"damage":0,"enemies":"3 Darklings","floor":42,"turns":3},{"damage":8,"enemies":"Giant Head","floor":46,"turns":5},{"damage":0,"enemies":"Jaw Worm Horde","floor":47,"turns":2},{"damage":0,"enemies":"Transient","floor":48,"turns":6},{"damage":68,"enemies":"Time Eater","floor":50,"turns":6},{"damage":53,"enemies":"Awakened One","floor":51,"turns":8}],"seed_played":"-4612879482251496342","potions_obtained":[{"floor":1,"key":"Explosive Potion"},{"floor":3,"key":"Regen Potion"},{"floor":3,"key":"Explosive Potion"},{"floor":14,"key":"SkillPotion"},{"floor":16,"key":"SpeedPotion"},{"floor":24,"key":"ColorlessPotion"},{"floor":28,"key":"Ancient Potion"},{"floor":29,"key":"CultistPotion"},{"floor":35,"key":"Swift Potion"},{"floor":39,"key":"Regen Potion"},{"floor":40,"key":"SteroidPotion"},{"floor":42,"key":"DistilledChaos"}],"is_trial":false,"path_per_floor":["M","$","?","M","M","R","E","M","T","M","R","?","R","M","R","B",null,"M","?","M","$","?","E","M","E","T","M","E","M","E","?","R","B",null,"M","?","$","M","M","E","M","M","T","R","T","E","M","M","R","B","B"],"character_chosen":"WATCHER","items_purchased":["CarveReality","PowerPotion","FlurryOfBlows","LikeWater","LiquidMemories","Block Potion"],"campfire_rested":1,"item_purchase_floors":[2,21,37,37,37,37],"current_hp_per_floor":[48,48,48,48,46,46,43,40,40,40,40,40,40,40,40,17,55,55,55,55,55,49,51,33,33,33,34,39,39,41,41,63,49,68,56,60,60,62,64,57,48,48,48,48,48,54,54,56,56,25,0,0],"gold":219,"neow_bonus":"TRANSFORM_TWO_CARDS","is_daily":false,"chose_seed":false,"campfire_upgraded":6,"win_rate":0.0,"timestamp":1608387273,"path_taken":["M","$","?","M","M","R","E","?","T","M","R","?","R","?","R","BOSS","M","?","M","$","?","E","M","E","T","M","E","M","E","?","R","BOSS","M","?","$","M","M","E","M","M","T","R","?","E","M","M","R","BOSS","BOSS"],"items_purchased_type":["Card","Potion","Card","Card","Potion","Potion"],"build_version":"2020-12-13","purchased_purges":2,"victory":false,"max_hp_per_floor":[68,68,68,68,68,68,68,68,68,68,68,68,68,68,68,68,68,68,68,68,68,68,70,72,72,72,72,72,72,74,74,74,74,74,76,76,76,78,80,82,84,84,84,84,84,86,86,88,88,88,88,88],"card_choices":[{"not_picked":["JustLucky","CarveReality"],"picked":"FlurryOfBlows","floor":1},{"not_picked":["Protect","Pray"],"picked":"SashWhip","floor":4},{"not_picked":["Consecrate","FlyingSleeves"],"picked":"Halt","floor":5},{"not_picked":["CrushJoints","FollowUp"],"picked":"FlurryOfBlows","floor":7},{"not_picked":["ThirdEye","Protect"],"picked":"EmptyFist","floor":8},{"not_picked":["FollowUp","LikeWater"],"picked":"TalkToTheHand","floor":10},{"not_picked":["SashWhip","Omniscience"],"picked":"Adaptation","floor":14},{"not_picked":["Omniscience","DeusExMachina"],"picked":"Brilliance","floor":16},{"not_picked":["FollowUp","Worship"],"picked":"Wallop","floor":18},{"not_picked":["ThirdEye","Worship"],"picked":"ReachHeaven","floor":20},{"not_picked":["Weave+1","Vengeance+1","CarveReality"],"picked":"Singing Bowl","floor":23},{"not_picked":["Indignation","JustLucky","Study"],"picked":"Singing Bowl","floor":24},{"not_picked":["PathToVictory","Meditate"],"picked":"FlurryOfBlows","floor":25},{"not_picked":["EmptyBody","ReachHeaven"],"picked":"FlurryOfBlows","floor":27},{"not_picked":["ForeignInfluence","Conclude"],"picked":"Tantrum","floor":28},{"not_picked":["Vengeance","ForeignInfluence"],"picked":"Perseverance","floor":29},{"not_picked":["Wallop","SandsOfTime","Protect"],"picked":"Singing Bowl","floor":30},{"not_picked":["DeusExMachina","Alpha"],"picked":"Brilliance","floor":33},{"not_picked":["JustLucky+1","WaveOfTheHand","ThirdEye"],"picked":"Singing Bowl","floor":35},{"not_picked":["SashWhip","CarveReality","FlyingSleeves"],"picked":"Singing Bowl","floor":38},{"not_picked":["CrushJoints","FollowUp","CutThroughFate+1"],"picked":"Singing Bowl","floor":39},{"not_picked":["WaveOfTheHand+1","EmptyFist","Blasphemy"],"picked":"Singing Bowl","floor":40},{"not_picked":["ThirdEye+1","Crescendo+1","EmptyFist"],"picked":"Singing Bowl","floor":41},{"not_picked":["Crescendo","WindmillStrike"],"picked":"MentalFortress","floor":42},{"not_picked":["CutThroughFate","JustLucky+1","SpiritShield"],"picked":"Singing Bowl","floor":46},{"not_picked":["FlyingSleeves","Study+1"],"picked":"Halt+1","floor":47},{"not_picked":["Collect+1","InnerPeace","ReachHeaven"],"picked":"Singing Bowl","floor":48}],"player_experience":2823866,"relics_obtained":[{"floor":7,"key":"Yang"},{"floor":9,"key":"Potion Belt"},{"floor":23,"key":"Singing Bowl"},{"floor":25,"key":"Meat on the Bone"},{"floor":26,"key":"Orichalcum"},{"floor":28,"key":"Pantograph"},{"floor":30,"key":"Damaru"},{"floor":40,"key":"Anchor"},{"floor":43,"key":"Bag of Preparation"},{"floor":45,"key":"aspiration:ChemicalBlood"},{"floor":46,"key":"Pen Nib"}],"event_choices":[{"damage_healed":0,"gold_gain":0,"player_choice":"Got Potions","damage_taken":0,"max_hp_gain":0,"max_hp_loss":0,"event_name":"Lab","floor":3,"gold_loss":0},{"damage_healed":0,"gold_gain":0,"player_choice":"Paid Gold","damage_taken":0,"relics_obtained":["TeardropLocket"],"max_hp_gain":0,"max_hp_loss":0,"event_name":"WeMeetAgain","floor":12,"gold_loss":55},{"damage_healed":0,"gold_gain":0,"cards_transformed":["Strike_P","Defend_P"],"player_choice":"Became Test Subject","damage_taken":0,"max_hp_gain":0,"max_hp_loss":0,"event_name":"Drug Dealer","floor":19,"gold_loss":0,"cards_obtained":["Sanctity","DeceiveReality"]},{"damage_healed":0,"gold_gain":0,"player_choice":"Joined the Cult","damage_taken":6,"max_hp_gain":0,"max_hp_loss":0,"event_name":"Nest","floor":22,"gold_loss":0,"cards_obtained":["RitualDagger"]},{"damage_healed":0,"gold_gain":0,"player_choice":"Ignored","damage_taken":0,"max_hp_gain":0,"max_hp_loss":0,"event_name":"Cursed Tome","floor":31,"gold_loss":0}],"is_beta":false,"boss_relics":[{"not_picked":["SacredBark","Runic Pyramid"],"picked":"conspire:SpecialSausage"},{"not_picked":["aspiration:RunicSpoon","conspire:RoyalGoblet","Sozu"]}],"items_purged_floors":[2,21],"is_endless":false,"potions_floor_spawned":[1,8,14,16,24,28,29,35,39,40,42],"killed_by":"Awakened One","ascension_level":20}}