{"host":"373g0ui1bgeshz9m","time":1608355906,"event":{"mods":["Act Like it!","Aspiration","BaseMod","Beaked The Cultist","Better Third Choice","Colored Map","Conspire","Downfall","Halation","Hermit","Hubris","Infinite Spire","Jorbs\u0027s Wanderer Trilogy","Minty Spire (QoL Compilation)","Pale of the Ancients","Permanent Neow","Quick Restart","Replay The Spire","Shade Mod","Shop Mod","Spikes Relics","StSLib","The Animator","The Bladedancer","The Bug Knight","The Construct","The Cursed","The Factory","The Florist","The Judge","The Jungle","The Necromancer","The Sage","The Wild Card","Trackpad","vexMod"],"gold_per_floor":[99,111,111,21,56,67,67,67,67,100,85,104,104,20,35,130,130,55,69,54,83,83,118,118,43,80,80,94,112,112,129,142,241,241,241,257,257,257],"floor_reached":37,"playtime":2517,"items_purged":["Slimebound:Defend_Slimebound"],"score":415,"play_id":"a14e0a11-dc74-4494-87d7-9974d503bdff","local_time":"20201219003146","is_ascension_mode":false,"campfire_choices":[{"floor":1,"key":"DIG"},{"floor":9,"key":"RECALL"},{"floor":25,"key":"REST"},{"floor":27,"key":"REST"}],"circlet_count":0,"master_deck":["Slimebound:Strike_Slimebound+1","Slimebound:Strike_Slimebound","Slimebound:Tackle","Slimebound:Defend_Slimebound","Slimebound:Defend_Slimebound","Slimebound:Defend_Slimebound","Slimebound:Split","Slimebound:CorrosiveSpit","Slimebound:SlimeSpikes","Slimebound:SpikyOuterGoop","Slimebound:SamplingLick","Slimebound:MegaLick","Slimebound:AcidTongue","Slimebound:Nibble","Slimebound:SplitMire","Slimebound:RallyTheTroops","Slimebound:GoopSpray","Slimebound:SplitBruiser","Slimebound:OozeBath","Slimebound:RollThrough","Slimebound:RainOfGoop+1","Slimebound:RejuvenatingLick+1","Slimebound:RejuvenatingLick+1","Slimebound:MegaLick+1","Slimebound:WasteNot+1","beaked:CrazyRituals+1"],"relics":["Slimebound:AbsorbEndCombat","Vajra","MiniBlackHole","conspire:TopHat","SpikesRelics:ToyHorsey","trackpad:BottledShadow","Potion Belt","downfall:HeartBlessingRed","Bag of Marbles","vexMod:InvisibilityCloak","downfall:HeartBlessingGreen","Toxic Egg 2","aspiration:BeakedSkillbook"],"acts_visited":["Exordium","Exordium","TheBeyond"],"potions_floor_usage":[23,23,31,33,33,33],"damage_taken":[{"damage":5,"enemies":"Jaw Worm","floor":2,"turns":3},{"damage":9,"enemies":"downfall:FleeingMerchant","floor":4,"turns":4},{"damage":25,"enemies":"Lagavulin","floor":5,"turns":7},{"damage":0,"enemies":"2 Louse","floor":6,"turns":2},{"damage":29,"enemies":"Gremlin Nob","floor":10,"turns":4},{"damage":4,"enemies":"downfall:FleeingMerchant","floor":11,"turns":4},{"damage":3,"enemies":"Cultist","floor":12,"turns":2},{"damage":16,"enemies":"downfall:FleeingMerchant","floor":14,"turns":4},{"damage":4,"enemies":"Blue Slaver","floor":15,"turns":3},{"damage":30,"enemies":"downfall:Watcher","floor":16,"turns":8},{"damage":25,"enemies":"theJungle:Flameango_and_Byrd","floor":19,"turns":5},{"damage":19,"enemies":"downfall:FleeingMerchant","floor":20,"turns":4},{"damage":40,"enemies":"theJungle:2_Phrogs","floor":21,"turns":6},{"damage":68,"enemies":"theJungle:MamaSnecko","floor":23,"turns":8},{"damage":53,"enemies":"conspire:MimicChest","floor":26,"turns":7},{"damage":26,"enemies":"theJungle:GiantWrat","floor":28,"turns":4},{"damage":50,"enemies":"theJungle:2_Flameangoes","floor":29,"turns":7},{"damage":40,"enemies":"theJungle:2_Snecko_Cultists","floor":31,"turns":4},{"damage":16,"enemies":"Snake Plant","floor":32,"turns":3},{"damage":28,"enemies":"downfall:Defect","floor":33,"turns":7},{"damage":21,"enemies":"Orb Walker","floor":36,"turns":3},{"damage":74,"enemies":"Nightmare","floor":37,"turns":4}],"seed_played":"-6657887585961165841","potions_obtained":[{"floor":5,"key":"Languid Potion"},{"floor":10,"key":"Slimebound:SlimedPotion"},{"floor":12,"key":"Swift Potion"},{"floor":15,"key":"Slimebound:SlimyTonguePotion"},{"floor":16,"key":"Weak Potion"},{"floor":26,"key":"champ:CounterPotion"},{"floor":28,"key":"champ:CounterPotion"},{"floor":33,"key":"SkillPotion"},{"floor":35,"key":"infinitespire:BlackPotion"},{"floor":35,"key":"sneckomod:MuddlingPotion"}],"is_trial":false,"path_per_floor":["R_BF","M","?","$","E","M","T","T","R","E","$","M","?","$","M","B",null,"R_BF","M","$","E","?","E","T","R","?","R","M","M","?","M","M","B",null,"R_BF","M","NM"],"character_chosen":"SLIMEBOUND","items_purchased":["Slimebound:Nibble"],"campfire_rested":2,"item_purchase_floors":[14],"current_hp_per_floor":[60,60,60,59,51,59,59,59,59,46,58,59,64,61,65,65,65,65,64,62,57,64,29,29,48,23,42,48,34,34,10,10,26,65,65,65,0,0],"gold":257,"neow_bonus":"RANDOM_COMMON_RELIC","is_daily":false,"chose_seed":false,"campfire_upgraded":0,"win_rate":0.0,"timestamp":1608355906,"path_taken":["R_BF","M","?","$","E","M","T","?","R","E","?","?","?","$","M","BOSS","R_BF","M","?","E","?","E","T","R","?","R","M","M","?","?","M","BOSS","R_BF","?","NM"],"items_purchased_type":["Card"],"build_version":"2020-12-13","purchased_purges":1,"victory":false,"max_hp_per_floor":[60,60,60,60,60,60,60,60,60,60,60,60,65,65,65,65,65,65,65,65,65,65,65,65,65,65,65,65,65,65,65,65,65,65,65,65,65,65],"card_choices":[{"not_picked":["Slimebound:LivingWall","Slimebound:SplitLeeching"],"picked":"Slimebound:SlimeSpikes","floor":2},{"not_picked":["Slimebound:SplitBruiser","Slimebound:MegaLick"],"picked":"Slimebound:SpikyOuterGoop","floor":4},{"not_picked":["Slimebound:SlimeBrawl","Slimebound:Replication"],"picked":"Slimebound:SamplingLick","floor":5},{"not_picked":["Slimebound:ItLooksTasty","Slimebound:SplitAcid","Slimebound:ViciousTackle"],"picked":"SKIP","floor":6},{"not_picked":["Slimebound:LeechingTouch","Slimebound:Prepare"],"picked":"Slimebound:MegaLick","floor":10},{"not_picked":["Slimebound:MinionMaster","Slimebound:BestDefense","Slimebound:SlimeSpikes"],"picked":"SKIP","floor":11},{"not_picked":["Slimebound:LeechEnergy","Slimebound:FinishingTackle","Slimebound:LeechingTouch"],"picked":"SKIP","floor":12},{"not_picked":["Slimebound:SelfFormingGoo","Slimebound:SplitBruiser"],"picked":"Slimebound:AcidTongue","floor":14},{"not_picked":["Slimebound:ComboTackle","Slimebound:FinishingTackle"],"picked":"Slimebound:SplitMire","floor":15},{"not_picked":["Slimebound:LeechLife","Slimebound:DuplicatedForm"],"picked":"Slimebound:RallyTheTroops","floor":16},{"not_picked":["Slimebound:TongueLash+1","Slimebound:FinishingTackle+1"],"picked":"Slimebound:GoopSpray","floor":19},{"not_picked":["Slimebound:PressTheAttack","Slimebound:LeechingTouch"],"picked":"Slimebound:SplitBruiser","floor":20},{"not_picked":["Slimebound:DouseInSlime","Slimebound:GrowthPunch+1","Slimebound:LeechingTouch"],"picked":"SKIP","floor":21},{"not_picked":["Slimebound:SamplingLick+1","Slimebound:SplitLeeching"],"picked":"Slimebound:OozeBath","floor":23},{"not_picked":["Slimebound:Prepare+1","Slimebound:SlimeBarrage"],"picked":"Slimebound:RollThrough","floor":26},{"not_picked":["Slimebound:GrowthPunch","Slimebound:ItLooksTasty"],"picked":"Slimebound:RainOfGoop+1","floor":28},{"not_picked":["Slimebound:FinishingTackle","Slimebound:LivingWall+1","Slimebound:SplitBruiser+1"],"picked":"SKIP","floor":29},{"not_picked":["Slimebound:SplitLeeching+1","Slimebound:PressTheAttack+1"],"picked":"Slimebound:RejuvenatingLick+1","floor":31},{"not_picked":["Slimebound:SlimeTap+1","Slimebound:Equalize+1"],"picked":"Slimebound:MegaLick+1","floor":32},{"not_picked":["Slimebound:LeechLife","Slimebound:DouseInSlime+1"],"picked":"Slimebound:WasteNot+1","floor":33},{"not_picked":["Slimebound:SplitBruiser+1","Slimebound:SlimeTap+1","beaked:Evade+1"],"picked":"beaked:CrazyRituals+1","floor":36}],"player_experience":92260,"relics_obtained":[{"floor":1,"key":"MiniBlackHole"},{"floor":5,"key":"conspire:TopHat"},{"floor":7,"key":"SpikesRelics:ToyHorsey"},{"floor":8,"key":"trackpad:BottledShadow"},{"floor":10,"key":"Potion Belt"},{"floor":21,"key":"Bag of Marbles"},{"floor":24,"key":"vexMod:InvisibilityCloak"},{"floor":26,"key":"Toxic Egg 2"}],"event_choices":[{"damage_healed":0,"gold_gain":0,"player_choice":"Donut","damage_taken":0,"max_hp_gain":5,"max_hp_loss":0,"event_name":"Big Fish","floor":13,"gold_loss":0},{"damage_healed":0,"gold_gain":0,"cards_transformed":["Slimebound:Strike_Slimebound"],"player_choice":"Transformed","damage_taken":0,"max_hp_gain":0,"max_hp_loss":0,"event_name":"Transmorgrifier","floor":30,"gold_loss":0,"cards_obtained":["Slimebound:RejuvenatingLick"]}],"is_beta":false,"boss_relics":[{"not_picked":["Velvet Choker","trackpad:Coffee","Busted Crown"]},{"not_picked":["infinitespire:Cupcake","hubris:Stopwatch"],"picked":"aspiration:BeakedSkillbook"}],"items_purged_floors":[4],"is_endless":false,"potions_floor_spawned":[5,10,12,15,16,21,26,28,33],"killed_by":"Nightmare","ascension_level":0}}