{"host":"z9grmtg2w0nmz8n1","time":1608340765,"event":{"mods":["Aspiration","Bard","BaseMod","Beaked The Cultist","Better Altar","Better Match","Better Note","Better Sensory Stone","Better Skull","Better Third Choice","BetterRewards","CCEM","Colored Map","Conspire","Downfall","GifTheSpireLib","Googly Eyes","Halation","Hermit","Highlight Path","Hubris","Hunter ??","Jedi Mod","Jorbs\u0027s Wanderer Trilogy","Mad Scientist","Marisa????????","Minty Spire (QoL Compilation)","Permanent Neow","Replay The Spire","Shade Mod","Shop Mod","Spicy Shops","StSLib","Stuff the Spire","The Bug Knight","The Construct","The Necromancer","The Runesmith"],"gold_per_floor":[118,136,149,149,166,199,52,52,52],"floor_reached":8,"playtime":560,"items_purged":["Strike_W"],"score":58,"play_id":"f0a9dc79-fad6-48da-8e1b-d6d3a47a43b5","local_time":"20201218231925","is_ascension_mode":false,"campfire_choices":[],"circlet_count":0,"master_deck":["Strike_W","Defend_W","Defend_W","Defend_W","Defend_W","Negative_Energy_Arrows","Bone_Wall","Bone_Spikes","Death_March_Dance","Bone_Spikes","Summon_Undead"],"relics":["Vampire_Amulet","StuffTheSpire:OldFever"],"acts_visited":["Exordium"],"potions_floor_usage":[6,8],"damage_taken":[{"damage":0,"enemies":"2 Louse","floor":1,"turns":4},{"damage":1,"enemies":"Cultist","floor":2,"turns":5},{"damage":18,"enemies":"Jaw Worm","floor":3,"turns":8},{"damage":8,"enemies":"Large Slime","floor":5,"turns":9},{"damage":38,"enemies":"Gremlin Nob","floor":6,"turns":6},{"damage":22,"enemies":"3 Sentries","floor":8,"turns":4}],"seed_played":"-5861633025720823482","potions_obtained":[{"floor":2,"key":"Guardian:BlockOnCardUsePotion"},{"floor":6,"key":"SkillPotion"}],"is_trial":false,"path_per_floor":["M","M","M","?","M","E","$","E"],"character_chosen":"NECROMANCER","items_purchased":["Summon_Undead"],"campfire_rested":0,"item_purchase_floors":[7],"current_hp_per_floor":[75,75,59,59,55,19,19,0,0],"gold":52,"neow_bonus":"REMOVE_CARD","is_daily":false,"chose_seed":false,"campfire_upgraded":0,"win_rate":0.0,"timestamp":1608340765,"path_taken":["M","M","M","?","?","E","$","E"],"items_purchased_type":["Card"],"build_version":"2020-12-13","purchased_purges":1,"victory":false,"max_hp_per_floor":[75,75,75,75,75,75,75,75,75],"card_choices":[{"not_picked":["Negative_Energy_Sphere","Summon_Undead"],"picked":"Bone_Spikes","floor":1},{"not_picked":["Blood_for_Blood","Epidemic"],"picked":"Death_March_Dance","floor":2},{"not_picked":["Scare","Spectral_Walk","Blood_Shield"],"picked":"SKIP","floor":3},{"not_picked":["Life_Drain","Spectral_Walk"],"picked":"Bone_Spikes","floor":5},{"not_picked":["Skeleton_Dragon","Necrotic_Claws","Necromantic_Selection"],"picked":"SKIP","floor":6}],"player_experience":596737,"relics_obtained":[{"floor":6,"key":"StuffTheSpire:OldFever"}],"event_choices":[{"cards_removed":["Strike_W"],"damage_healed":0,"gold_gain":0,"player_choice":"Purged","damage_taken":0,"max_hp_gain":0,"max_hp_loss":0,"event_name":"Purifier","floor":4,"gold_loss":0}],"is_beta":false,"boss_relics":[],"items_purged_floors":[7],"is_endless":false,"potions_floor_spawned":[2,6],"killed_by":"3 Sentries","ascension_level":0}}