{"host":"30jsp143e4v19aze","time":1608421743,"event":{"mods":["BaseMod","Colored Map","Highlight Path","Minty Spire (QoL Compilation)","Quick Restart","Relic Sorter","Relic Stats","Say the Spire","StSLib"],"gold_per_floor":[117,117,117,131,155,155,189,202,202,202,242,242,285,15,15,120,120,136,160,178,205,219,219,237,277,277,298,311,28,28,28,28,115,115,138,159,159,212,230,230,263,263,263,263,3,3,25,62,62,62,62,62,62,17,17,17],"floor_reached":55,"playtime":10152,"items_purged":["Strike_R"],"score":1926,"play_id":"078f1e27-5d27-4553-a8a1-46eed781507a","local_time":"20201220004903","is_ascension_mode":true,"campfire_choices":[{"data":"Blood for Blood","floor":6,"key":"SMITH"},{"floor":10,"key":"REST"},{"floor":12,"key":"REST"},{"data":"Metallicize","floor":15,"key":"SMITH"},{"data":"Immolate","floor":23,"key":"SMITH"},{"data":"Ghostly","floor":30,"key":"SMITH"},{"data":"Ghostly","floor":32,"key":"SMITH"},{"data":"Limit Break","floor":40,"key":"SMITH"},{"data":"Impervious","floor":42,"key":"SMITH"},{"floor":44,"key":"RECALL"},{"data":"Shockwave","floor":49,"key":"SMITH"},{"data":"Spot Weakness","floor":53,"key":"SMITH"}],"circlet_count":0,"master_deck":["AscendersBane","Strike_R","Defend_R","Defend_R","Defend_R","Defend_R","Bash","Reaper","Blood for Blood+1","Shrug It Off","Spot Weakness+1","Burning Pact","Offering","Sword Boomerang","Shrug It Off","Metallicize+1","Battle Trance","Immolate+1","Ghostly+1","Ghostly+1","Ghostly","Seeing Red","Impervious+1","Double Tap","Limit Break+1","Battle Trance","Battle Trance","Shockwave+1","Master of Strategy","Dual Wield","Barricade"],"relics":["Burning Blood","Thread and Needle","Bloody Idol","FaceOfCleric","CaptainsWheel","Letter Opener","Matryoshka","CeramicFish","Lee\u0027s Waffle","Velvet Choker","Shuriken","The Courier","OrangePellets","Coffee Dripper","TungstenRod","Dream Catcher","Bronze Scales","Pen Nib"],"acts_visited":["Exordium","TheCity","TheBeyond","TheEnding"],"potions_floor_usage":[7,13,16,20,25,25,33,33,33,33,45,48,50,50,55],"damage_taken":[{"damage":6,"enemies":"Jaw Worm","floor":1,"turns":5},{"damage":9,"enemies":"2 Louse","floor":4,"turns":3},{"damage":7,"enemies":"Cultist","floor":5,"turns":4},{"damage":67,"enemies":"Gremlin Nob","floor":7,"turns":5},{"damage":13,"enemies":"2 Fungi Beasts","floor":8,"turns":4},{"damage":53,"enemies":"3 Sentries","floor":11,"turns":9},{"damage":14,"enemies":"Gremlin Nob","floor":13,"turns":4},{"damage":20,"enemies":"The Guardian","floor":16,"turns":11},{"damage":11,"enemies":"3 Byrds","floor":18,"turns":4},{"damage":8,"enemies":"Chosen","floor":19,"turns":4},{"damage":24,"enemies":"Snake Plant","floor":20,"turns":5},{"damage":17,"enemies":"Snecko","floor":22,"turns":6},{"damage":1,"enemies":"Book of Stabbing","floor":25,"turns":5},{"damage":6,"enemies":"3 Cultists","floor":27,"turns":4},{"damage":24,"enemies":"Shelled Parasite and Fungi","floor":28,"turns":5},{"damage":43,"enemies":"Champ","floor":33,"turns":14},{"damage":6,"enemies":"3 Darklings","floor":35,"turns":4},{"damage":8,"enemies":"3 Shapes","floor":36,"turns":5},{"damage":24,"enemies":"2 Orb Walkers","floor":38,"turns":6},{"damage":5,"enemies":"Spire Growth","floor":39,"turns":5},{"damage":45,"enemies":"Nemesis","floor":41,"turns":10},{"damage":10,"enemies":"3 Darklings","floor":47,"turns":6},{"damage":22,"enemies":"Reptomancer","floor":48,"turns":8},{"damage":55,"enemies":"Time Eater","floor":50,"turns":11},{"damage":27,"enemies":"Awakened One","floor":51,"turns":11},{"damage":50,"enemies":"Shield and Spear","floor":55,"turns":4}],"seed_played":"5433208008221381077","potions_obtained":[{"floor":1,"key":"BloodPotion"},{"floor":7,"key":"Ancient Potion"},{"floor":11,"key":"BloodPotion"},{"floor":13,"key":"Strength Potion"},{"floor":16,"key":"Fruit Juice"},{"floor":20,"key":"SkillPotion"},{"floor":28,"key":"Strength Potion"},{"floor":38,"key":"SteroidPotion"},{"floor":41,"key":"BloodPotion"},{"floor":48,"key":"Regen Potion"}],"is_trial":false,"path_per_floor":["M","?","?","M","M","R","E","M","T","R","E","R","E","$","R","B",null,"M","M","M","?","M","R","?","E","T","M","M","$","R","?","R","B",null,"M","M","?","?","M","R","E","R","T","R","$","?","M","E","R","B","B",null,"R","$","E"],"character_chosen":"IRONCLAD","items_purchased":["Metallicize","Battle Trance","Lee\u0027s Waffle","OrangePellets","EntropicBrew","Shockwave","Master of Strategy","DistilledChaos","ColorlessPotion"],"campfire_rested":2,"item_purchase_floors":[14,14,14,29,29,45,45,45,54],"current_hp_per_floor":[50,50,50,56,56,56,20,21,21,42,8,29,26,81,81,82,82,83,82,77,45,35,35,35,41,41,48,31,31,31,31,31,23,43,51,52,52,53,54,54,21,21,21,21,42,42,53,48,48,15,31,50,50,50,0,0],"gold":17,"neow_bonus":"THREE_RARE_CARDS","is_daily":false,"chose_seed":false,"campfire_upgraded":9,"win_rate":0.0,"timestamp":1608421743,"path_taken":["M","?","?","M","?","R","E","M","T","R","E","R","E","$","R","BOSS","M","M","M","?","M","R","?","E","T","M","M","$","R","?","R","BOSS","M","M","?","?","M","R","E","R","T","R","$","?","M","E","R","BOSS","BOSS","R","$","E"],"items_purchased_type":["Card","Card","Relic","Relic","Potion","Card","Card","Potion","Potion"],"build_version":"2020-12-13","purchased_purges":1,"victory":false,"max_hp_per_floor":[75,68,68,69,70,70,71,72,72,72,73,73,74,81,81,82,82,83,84,90,45,46,46,46,47,47,48,49,49,49,49,49,50,50,51,52,52,53,54,54,55,55,55,55,55,52,53,54,54,55,56,56,56,56,56,56],"relic_stats":{"Lee\u0027s Waffle":55,"counters":[26,162],"CeramicFish":153,"Pen Nib":[3],"Letter Opener":[404],"Burning Blood":131,"OrangePellets":[3],"Dream Catcher":0,"FaceOfCleric":24,"Shuriken":[7],"Bloody Idol":46,"Bronze Scales":[177],"obtain_stats":[{"Lee\u0027s Waffle":14,"Golden Idol":2,"CeramicFish":13,"Velvet Choker":17,"Thread and Needle":25,"The Courier":26,"Pen Nib":48,"Letter Opener":9,"Burning Blood":0,"OrangePellets":29,"CaptainsWheel":7,"Dream Catcher":41,"Matryoshka":11,"FaceOfCleric":3,"Shuriken":26,"Bloody Idol":31,"Bronze Scales":43,"Coffee Dripper":34,"TungstenRod":38},{"Lee\u0027s Waffle":7,"Golden Idol":1,"CeramicFish":7,"Velvet Choker":8,"Thread and Needle":13,"The Courier":13,"Pen Nib":23,"Letter Opener":5,"Burning Blood":0,"OrangePellets":15,"CaptainsWheel":4,"Dream Catcher":21,"Matryoshka":6,"FaceOfCleric":1,"Shuriken":13,"Bloody Idol":15,"Bronze Scales":21,"Coffee Dripper":16,"TungstenRod":19},{"Lee\u0027s Waffle":34,"Golden Idol":5,"CeramicFish":34,"Velvet Choker":45,"Thread and Needle":69,"The Courier":69,"Pen Nib":136,"Letter Opener":21,"Burning Blood":0,"OrangePellets":78,"CaptainsWheel":17,"Dream Catcher":122,"Matryoshka":30,"FaceOfCleric":5,"Shuriken":69,"Bloody Idol":78,"Bronze Scales":122,"Coffee Dripper":92,"TungstenRod":107}],"TungstenRod":24},"card_choices":[{"not_picked":["Corruption","Impervious"],"picked":"Reaper","floor":0},{"not_picked":["Ghostly Armor","Dark Embrace"],"picked":"Blood for Blood","floor":1},{"not_picked":["Anger","Sentinel"],"picked":"Shrug It Off","floor":4},{"not_picked":["Pummel","Rampage"],"picked":"Spot Weakness","floor":5},{"not_picked":["Second Wind","Wild Strike"],"picked":"Burning Pact","floor":7},{"not_picked":["Armaments","Rage"],"picked":"Offering","floor":8},{"not_picked":["Dark Embrace","Second Wind"],"picked":"Sword Boomerang","floor":11},{"not_picked":["Clothesline","Havoc"],"picked":"Shrug It Off","floor":13},{"not_picked":["Berserk","Demon Form"],"picked":"Immolate","floor":16},{"not_picked":["Entrench+1","Armaments","Pommel Strike"],"picked":"SKIP","floor":18},{"not_picked":["Infernal Blade+1","Pommel Strike","Wild Strike+1"],"picked":"SKIP","floor":19},{"not_picked":["Thunderclap","True Grit","Anger"],"picked":"SKIP","floor":20},{"not_picked":["Flex","Dual Wield","Searing Blow"],"picked":"SKIP","floor":22},{"not_picked":["Pummel","Heavy Blade"],"picked":"Double Tap","floor":25},{"not_picked":["Rage","Dropkick","Warcry"],"picked":"SKIP","floor":27},{"not_picked":["Thunderclap","Anger","Shrug It Off"],"picked":"SKIP","floor":28},{"not_picked":["Double Tap","Impervious"],"picked":"Limit Break","floor":33},{"not_picked":["Shrug It Off","Sword Boomerang"],"picked":"Battle Trance","floor":35},{"not_picked":["Rampage","Cleave"],"picked":"Battle Trance","floor":36},{"not_picked":["Iron Wave","Perfected Strike","Shrug It Off"],"picked":"SKIP","floor":39},{"not_picked":["Ghostly Armor","Seeing Red","Body Slam"],"picked":"SKIP","floor":41},{"not_picked":["Pommel Strike","Armaments+1"],"picked":"Dual Wield","floor":47},{"not_picked":["Bloodletting","Havoc"],"picked":"Barricade","floor":48}],"player_experience":2937278,"relics_obtained":[{"floor":7,"key":"CaptainsWheel"},{"floor":9,"key":"Letter Opener"},{"floor":11,"key":"Matryoshka"},{"floor":13,"key":"CeramicFish"},{"floor":25,"key":"Thread and Needle"},{"floor":26,"key":"Shuriken"},{"floor":26,"key":"The Courier"},{"floor":38,"key":"TungstenRod"},{"floor":41,"key":"Dream Catcher"},{"floor":43,"key":"Bronze Scales"},{"floor":48,"key":"Pen Nib"}],"event_choices":[{"damage_healed":0,"gold_gain":0,"player_choice":"Lose Max HP","damage_taken":0,"relics_obtained":["Golden Idol"],"max_hp_gain":0,"max_hp_loss":7,"event_name":"Golden Idol","floor":2,"gold_loss":0},{"damage_healed":0,"gold_gain":0,"player_choice":"Trade","damage_taken":0,"relics_obtained":["FaceOfCleric"],"max_hp_gain":0,"max_hp_loss":0,"event_name":"FaceTrader","floor":3,"gold_loss":0},{"damage_healed":0,"gold_gain":0,"player_choice":"Became a Ghost","damage_taken":0,"max_hp_gain":0,"max_hp_loss":45,"event_name":"Ghosts","floor":21,"gold_loss":0,"cards_obtained":["Ghostly","Ghostly","Ghostly"]},{"damage_healed":0,"gold_gain":0,"cards_transformed":["Strike_R","Strike_R"],"player_choice":"Became Test Subject","damage_taken":0,"max_hp_gain":0,"max_hp_loss":0,"event_name":"Drug Dealer","floor":24,"gold_loss":0,"cards_obtained":["Seeing Red","Impervious"]},{"damage_healed":0,"gold_gain":0,"player_choice":"Gave Idol","damage_taken":0,"relics_obtained":["Bloody Idol"],"max_hp_gain":0,"max_hp_loss":0,"event_name":"Forgotten Altar","floor":31,"relics_lost":["Golden Idol"],"gold_loss":0},{"cards_removed":["Strike_R"],"damage_healed":0,"gold_gain":0,"player_choice":"Removed Attack","damage_taken":0,"max_hp_gain":0,"max_hp_loss":0,"event_name":"Falling","floor":37,"gold_loss":0},{"damage_healed":0,"gold_gain":0,"player_choice":"Fight","damage_taken":0,"max_hp_gain":0,"max_hp_loss":0,"event_name":"Mysterious Sphere","floor":38,"gold_loss":0},{"damage_healed":0,"gold_gain":0,"player_choice":"Max HP","damage_taken":0,"max_hp_gain":0,"max_hp_loss":3,"event_name":"Winding Halls","floor":46,"gold_loss":0}],"is_beta":false,"boss_relics":[{"not_picked":["Ectoplasm","Runic Dome"],"picked":"Velvet Choker"},{"not_picked":["Mark of Pain","Calling Bell"],"picked":"Coffee Dripper"}],"items_purged_floors":[29],"is_endless":false,"potions_floor_spawned":[1,7,11,13,16,20,22,28,38,41,48],"killed_by":"Shield and Spear","ascension_level":20}}