{"host":"2qv44oxt58ptq59r","time":1608394666,"event":{"mods":["AchievementEnabler","BaseMod","Colored Powertips","Highlight Path","Minty Spire (QoL Compilation)","Permanent Neow","StSLib"],"gold_per_floor":[115,135,154,10,28,46,46,46,46,46,75,0,0,17,17,17,17],"floor_reached":16,"playtime":3198,"items_purged":["Strike_R"],"score":102,"play_id":"d18b3f05-2754-487b-939e-1fe7b8a7d125","local_time":"20201219161746","is_ascension_mode":false,"campfire_choices":[{"data":"Bash","floor":8,"key":"SMITH"},{"data":"Disarm","floor":10,"key":"SMITH"},{"data":"Sword Boomerang","floor":15,"key":"SMITH"}],"circlet_count":0,"master_deck":["Strike_R","Strike_R","Strike_R","Strike_R","Defend_R","Defend_R","Defend_R","Defend_R","Bash+1","Intimidate+1","Thunderclap","Sword Boomerang+1","Sword Boomerang","Disarm+1","Impervious","Warcry"],"relics":["Burning Blood","Ancient Tea Set","Akabeko","Strawberry"],"acts_visited":["Exordium"],"potions_floor_usage":[16],"damage_taken":[{"damage":8.0,"enemies":"Cultist","floor":1.0,"turns":5.0},{"damage":0.0,"enemies":"Small Slimes","floor":2.0,"turns":3.0},{"damage":3.0,"enemies":"Jaw Worm","floor":3.0,"turns":3.0},{"damage":0.0,"enemies":"Blue Slaver","floor":5.0,"turns":2.0},{"damage":9,"enemies":"Red Slaver","floor":6,"turns":3},{"damage":33,"enemies":"Lagavulin","floor":11,"turns":5},{"damage":0,"enemies":"Looter","floor":14,"turns":1},{"damage":93,"enemies":"Slime Boss","floor":16,"turns":14}],"seed_played":"2029174020812251037","potions_obtained":[{"floor":1.0,"key":"SmokeBomb"},{"floor":5.0,"key":"FairyPotion"},{"floor":14,"key":"DistilledChaos"}],"is_trial":false,"path_per_floor":["M","M","M","$","M","M","?","R","T","R","E","$","$","M","R","B"],"character_chosen":"IRONCLAD","items_purchased":["Akabeko"],"campfire_rested":0,"item_purchase_floors":[4],"current_hp_per_floor":[78,80,80,80,80,77,77,77,77,77,57,57,57,63,63,0,0],"gold":17,"neow_bonus":"RANDOM_COMMON_RELIC","is_daily":false,"chose_seed":false,"campfire_upgraded":3,"win_rate":0.0,"timestamp":1608394666,"path_taken":["M","M","M","$","M","M","?","R","T","R","E","?","$","M","R","BOSS"],"items_purchased_type":["Relic"],"build_version":"2020-12-13","purchased_purges":1,"victory":false,"max_hp_per_floor":[80,80,80,80,80,80,80,80,80,80,87,87,87,87,87,87,87],"card_choices":[{"not_picked":["Pommel Strike","True Grit"],"picked":"Intimidate","floor":1.0},{"not_picked":["True Grit","Perfected Strike"],"picked":"Thunderclap","floor":2.0},{"not_picked":["Anger","Heavy Blade"],"picked":"Sword Boomerang","floor":3.0},{"not_picked":["True Grit","Shrug It Off"],"picked":"Sword Boomerang","floor":5.0},{"not_picked":["Burning Pact","Whirlwind"],"picked":"Disarm","floor":6},{"not_picked":["Sever Soul","Bloodletting"],"picked":"Impervious","floor":11},{"not_picked":["Dark Embrace","Second Wind"],"picked":"Warcry","floor":14}],"player_experience":4951244,"relics_obtained":[{"floor":11,"key":"Strawberry"}],"event_choices":[{"damage_healed":0,"gold_gain":0,"player_choice":"Upgraded","damage_taken":0,"max_hp_gain":0,"max_hp_loss":0,"event_name":"Upgrade Shrine","floor":7,"gold_loss":0,"cards_upgraded":["Intimidate"]}],"is_beta":false,"boss_relics":[],"items_purged_floors":[12],"is_endless":false,"potions_floor_spawned":[1,5,14],"killed_by":"Slime Boss","ascension_level":0}}