{"host":"esx1hwjnbftf3eqj","time":1608398618,"event":{"mods":["BaseMod","Colored Map","Minty Spire (QoL Compilation)","StSLib","The Jungle"],"gold_per_floor":[114,132,207,225,238,238,264,264,264,280,310,310,485,94,94,197,197,215,229,247,258,277,277,302,302,326,326,326,353,93,93,93,93,93],"floor_reached":33,"playtime":4503,"items_purged":["Doubt"],"score":354,"play_id":"83a1f995-c6f2-4376-bbfd-4bff11cf055b","local_time":"20201219092338","is_ascension_mode":true,"campfire_choices":[{"data":"Neutralize","floor":6,"key":"SMITH"},{"floor":8,"key":"REST"},{"floor":12,"key":"REST"},{"data":"Accuracy","floor":15,"key":"SMITH"},{"data":"Night Terror","floor":23,"key":"SMITH"},{"data":"Burst","floor":25,"key":"SMITH"},{"data":"Night Terror","floor":27,"key":"SMITH"},{"floor":32,"key":"REST"}],"circlet_count":0,"master_deck":["Survivor","Neutralize+1","Good Instincts","Dagger Spray","Bane","Die Die Die","Cloak And Dagger","Accuracy+1","Poisoned Stab","Blade Dance","Deflect","Wraith Form v2","Malaise","Masterful Stab","Tools of the Trade","Die Die Die","Night Terror+1","Crippling Poison+1","Eviscerate","Escape Plan+1","Night Terror+1","Infinite Blades","Cloak And Dagger+1","Burst+1","Leg Sweep","Well Laid Plans","Deflect","Wraith Form v2"],"relics":["Ring of the Snake","Unceasing Top","The Specimen","CaptainsWheel","Kunai","Pandora\u0027s Box","War Paint","PreservedInsect","HornCleat","Orichalcum"],"acts_visited":["Exordium","TheCity"],"potions_floor_usage":[24,24,24,33],"damage_taken":[{"damage":0,"enemies":"2 Louse","floor":1,"turns":2},{"damage":0,"enemies":"Small Slimes","floor":2,"turns":4},{"damage":0,"enemies":"Cultist","floor":4,"turns":4},{"damage":3,"enemies":"Blue Slaver","floor":5,"turns":4},{"damage":38,"enemies":"Gremlin Nob","floor":7,"turns":6},{"damage":8,"enemies":"Lots of Slimes","floor":10,"turns":2},{"damage":11,"enemies":"Lagavulin","floor":11,"turns":9},{"damage":28,"enemies":"The Guardian","floor":16,"turns":11},{"damage":1,"enemies":"Shell Parasite","floor":18,"turns":4},{"damage":11,"enemies":"2 Thieves","floor":19,"turns":5},{"damage":1,"enemies":"Chosen and Byrds","floor":20,"turns":6},{"damage":0,"enemies":"Snecko","floor":21,"turns":5},{"damage":10,"enemies":"Shelled Parasite and Fungi","floor":22,"turns":7},{"damage":18,"enemies":"Gremlin Leader","floor":24,"turns":6},{"damage":39,"enemies":"Slavers","floor":29,"turns":5},{"damage":41,"enemies":"Champ","floor":33,"turns":17}],"seed_played":"9180032478416463162","potions_obtained":[{"floor":5,"key":"Dexterity Potion"},{"floor":7,"key":"Regen Potion"},{"floor":10,"key":"SkillPotion"},{"floor":18,"key":"Dexterity Potion"},{"floor":29,"key":"Regen Potion"}],"is_trial":false,"path_per_floor":["M","M","?","M","M","R","E","R","T","M","E","R","?","$","R","B",null,"M","M","M","M","M","R","E","R","T","R","?","E","$","?","R","B"],"character_chosen":"THE_SILENT","items_purchased":["Kunai","Deflect","Well Laid Plans","Orichalcum","Deflect"],"campfire_rested":3,"item_purchase_floors":[14,14,30,30,30],"current_hp_per_floor":[70,70,59,59,56,56,18,39,39,31,20,41,41,41,41,13,70,69,58,57,57,47,47,43,43,43,43,43,4,4,4,25,0,0],"gold":93,"neow_bonus":"RANDOM_COLORLESS","is_daily":false,"chose_seed":false,"campfire_upgraded":5,"win_rate":0.0,"timestamp":1608398618,"path_taken":["M","M","?","M","M","R","E","R","T","M","E","R","?","$","R","BOSS","M","M","M","M","M","R","E","R","T","R","?","E","?","?","R","BOSS"],"items_purchased_type":["Relic","Card","Card","Relic","Card"],"build_version":"2020-12-13","purchased_purges":1,"victory":false,"max_hp_per_floor":[70,70,70,70,70,70,70,70,70,70,70,70,70,70,70,70,70,70,70,70,70,70,70,70,70,70,70,70,70,70,70,70,70,70],"card_choices":[{"not_picked":["Impatience","Purity"],"picked":"Good Instincts","floor":0},{"not_picked":["Underhanded Strike","Terror"],"picked":"Dagger Spray","floor":1},{"not_picked":["Flying Knee","Prepared"],"picked":"Bane","floor":2},{"not_picked":["Bane","Deflect"],"picked":"Die Die Die","floor":4},{"not_picked":["Sucker Punch","Expertise"],"picked":"Cloak And Dagger","floor":5},{"not_picked":["Deflect","Finisher"],"picked":"Accuracy","floor":7},{"not_picked":["Doppelganger","Concentrate"],"picked":"Poisoned Stab","floor":10},{"not_picked":["Acrobatics","Sucker Punch"],"picked":"Blade Dance","floor":11},{"not_picked":["Unload","Grand Finale"],"picked":"Wraith Form v2","floor":16},{"not_picked":["Eviscerate+1","Flechettes+1"],"picked":"Infinite Blades","floor":18},{"not_picked":["Dodge and Roll","Terror+1"],"picked":"Cloak And Dagger+1","floor":19},{"not_picked":["Dagger Spray","Finisher","All Out Attack"],"picked":"SKIP","floor":20},{"not_picked":["Backstab+1","Catalyst","Acrobatics"],"picked":"SKIP","floor":21},{"not_picked":["Dagger Throw","Acrobatics+1","Riddle With Holes"],"picked":"SKIP","floor":22},{"not_picked":["Blur","Masterful Stab"],"picked":"Burst","floor":24},{"not_picked":["Crippling Poison","Dagger Spray"],"picked":"Leg Sweep","floor":29}],"player_experience":478709,"relics_obtained":[{"floor":7,"key":"Unceasing Top"},{"floor":9,"key":"The Specimen"},{"floor":11,"key":"CaptainsWheel"},{"floor":24,"key":"War Paint"},{"floor":26,"key":"PreservedInsect"},{"floor":29,"key":"HornCleat"}],"event_choices":[{"damage_healed":0,"gold_gain":75,"player_choice":"Gather Gold","damage_taken":11,"max_hp_gain":0,"max_hp_loss":0,"event_name":"World of Goop","floor":3,"gold_loss":0},{"damage_healed":0,"gold_gain":175,"player_choice":"AGREE","damage_taken":0,"max_hp_gain":0,"max_hp_loss":0,"event_name":"Liars Game","floor":13,"gold_loss":0,"cards_obtained":["Doubt"]},{"cards_removed":["Grand Finale"],"damage_healed":0,"gold_gain":0,"player_choice":"Purged","damage_taken":0,"max_hp_gain":0,"max_hp_loss":0,"event_name":"Purifier","floor":28,"gold_loss":0},{"damage_healed":0,"gold_gain":0,"player_choice":"Copied","damage_taken":0,"max_hp_gain":0,"max_hp_loss":0,"event_name":"Duplicator","floor":31,"gold_loss":0,"cards_obtained":["Wraith Form v2"]}],"is_beta":false,"boss_relics":[{"not_picked":["Coffee Dripper","Tiny House"],"picked":"Pandora\u0027s Box"}],"items_purged_floors":[14],"is_endless":false,"potions_floor_spawned":[5,7,10,16,18,20,29],"killed_by":"Champ","ascension_level":4}}