{"host":"r6jigiblrojhp6xe","time":1608360610,"event":{"mods":["AchievementEnabler","BaseMod","DeckTracker","Minty Spire (QoL Compilation)","Quick Restart","Rare Cards Sparkle","Relic Stats","StSLib","SuperFastMode","The Cursed","everything is the same but u backflip on backflip"],"gold_per_floor":[110,110,122,47,47,47,74,74,74,101,134,153,179,195,195,266,266,280,94,94,19,31,31,48,48,72,92,125,125,135,153,153,227,227,243,243,260,53,69,69,82,82,82,82,107,119,141,171,183,195,207,207],"floor_reached":51,"playtime":1233,"items_purged":["Strike_R","Strike_R"],"score":1594,"play_id":"c42f4139-c3e6-4e0f-b742-6162f14ef9d0","local_time":"20201219155010","is_ascension_mode":true,"campfire_choices":[{"data":"Carnage","floor":6.0,"key":"SMITH"},{"data":"Shrug It Off","floor":8.0,"key":"SMITH"},{"data":"Flame Barrier","floor":15.0,"key":"SMITH"},{"data":"Corruption","floor":23.0,"key":"SMITH"},{"floor":25.0,"key":"DIG"},{"floor":32.0,"key":"DIG"},{"floor":44,"key":"REST"},{"floor":46,"key":"DIG"},{"floor":49,"key":"REST"}],"circlet_count":0,"master_deck":["AscendersBane","Strike_R","Defend_R","Defend_R","Defend_R","Defend_R","Bash+1","Shrug It Off+1","Carnage+1","Flame Barrier+1","Dropkick","Shrug It Off","Corruption+1","CurseOfTheBell","Dropkick","Finesse","Flash of Steel","Shockwave","Flash of Steel","Offering","Dropkick+1","Sentinel"],"relics":["Burning Blood","NeowsBlessing","Mango","Ginger","Odd Mushroom","Regal Pillow","StrikeDummy","Calling Bell","PreservedInsect","Singing Bowl","Shovel","Centennial Puzzle","Red Skull","Red Mask","StoneCalendar","Gremlin Horn","Fusion Hammer","DollysMirror","Eternal Feather","Frozen Egg 2","MawBank","Anchor"],"acts_visited":["Exordium","TheCity","TheBeyond"],"potions_floor_usage":[51],"damage_taken":[{"damage":0.0,"enemies":"Small Slimes","floor":1.0,"turns":2.0},{"damage":0.0,"enemies":"Cultist","floor":3.0,"turns":1.0},{"damage":0.0,"enemies":"3 Sentries","floor":7.0,"turns":2.0},{"damage":3.0,"enemies":"The Mushroom Lair","floor":10.0,"turns":5.0},{"damage":28.0,"enemies":"Gremlin Nob","floor":11.0,"turns":4.0},{"damage":7.0,"enemies":"Jaw Worm","floor":12.0,"turns":2.0},{"damage":35.0,"enemies":"Lagavulin","floor":13.0,"turns":8.0},{"damage":0.0,"enemies":"Exordium Wildlife","floor":14.0,"turns":3.0},{"damage":47.0,"enemies":"The Guardian","floor":16.0,"turns":13.0},{"damage":4.0,"enemies":"3 Byrds","floor":18.0,"turns":2.0},{"damage":13.0,"enemies":"Shell Parasite","floor":22.0,"turns":5.0},{"damage":31.0,"enemies":"Centurion and Healer","floor":24.0,"turns":6.0},{"damage":0.0,"enemies":"3 Cultists","floor":27.0,"turns":3.0},{"damage":0.0,"enemies":"Masked Bandits","floor":28.0,"turns":1.0},{"damage":27.0,"enemies":"Snecko","floor":30.0,"turns":7.0},{"damage":22.0,"enemies":"Cultist and Chosen","floor":31.0,"turns":7.0},{"damage":4.0,"enemies":"Collector","floor":33.0,"turns":5.0},{"damage":13.0,"enemies":"3 Shapes","floor":35.0,"turns":6.0},{"damage":32.0,"enemies":"Orb Walker","floor":37.0,"turns":4.0},{"damage":13.0,"enemies":"Spire Growth","floor":39.0,"turns":3.0},{"damage":22.0,"enemies":"Jaw Worm Horde","floor":41.0,"turns":4.0},{"damage":16,"enemies":"Nemesis","floor":45,"turns":3},{"damage":44,"enemies":"4 Shapes","floor":47,"turns":4},{"damage":15,"enemies":"Spire Growth","floor":48,"turns":3},{"damage":0,"enemies":"Time Eater","floor":50,"turns":1},{"damage":76,"enemies":"Donu and Deca","floor":51,"turns":6}],"seed_played":"-132788196063999150","potions_obtained":[{"floor":1.0,"key":"FearPotion"},{"floor":7.0,"key":"BloodPotion"},{"floor":12.0,"key":"CultistPotion"},{"floor":16.0,"key":"Ancient Potion"},{"floor":18.0,"key":"Strength Potion"},{"floor":41.0,"key":"FearPotion"}],"is_trial":false,"path_per_floor":["M","?","M","$","$","R","E","R","T","?","E","M","E","M","R","B",null,"M","$","?","?","M","R","M","R","T","M","?","T","M","M","R","B",null,"M","?","M","$","M","T","M","?","T","R","E","R","M","M","R","B","B"],"character_chosen":"IRONCLAD","items_purchased":["Dropkick","Shockwave","DollysMirror"],"campfire_rested":2,"item_purchase_floors":[19,38,38],"current_hp_per_floor":[74,74,75,75,75,75,89,89,89,89,67,66,37,43,43,19,72,76,76,76,76,71,71,48,48,48,56,64,64,45,31,31,35,88,83,75,51,51,46,46,32,32,32,93,83,95,57,50,112,117,41,41],"gold":207,"neow_bonus":"THREE_ENEMY_KILL","is_daily":false,"chose_seed":false,"campfire_upgraded":4,"win_rate":0.0,"timestamp":1608360610,"path_taken":["M","?","?","?","$","R","E","R","T","?","E","M","E","M","R","BOSS","M","$","?","?","M","R","M","R","T","M","?","?","M","M","R","BOSS","M","?","M","$","M","?","M","?","T","R","E","R","?","?","R","BOSS","BOSS"],"items_purchased_type":["Card","Card","Relic"],"build_version":"2020-12-13","purchased_purges":2,"victory":false,"max_hp_per_floor":[75,75,75,75,75,75,89,89,89,89,89,89,89,89,89,89,89,91,91,91,91,93,93,95,95,95,97,99,99,101,103,103,105,105,107,109,111,111,113,113,115,115,115,115,115,115,115,117,117,117,117,117],"relic_stats":{"Regal Pillow":30,"Singing Bowl":28,"Gremlin Horn":[9,9],"counters":[26,110],"StoneCalendar":[0],"Eternal Feather":36,"PreservedInsect":50,"Ginger":[15],"MawBank":72,"Burning Blood":135,"Centennial Puzzle":[33],"Shovel":3,"obtain_stats":[{"Regal Pillow":11,"NeowsBlessing":0,"Singing Bowl":17,"Gremlin Horn":32,"Mango":7,"StoneCalendar":29,"Eternal Feather":40,"PreservedInsect":17,"Ginger":9,"Odd Mushroom":10,"Frozen Egg 2":43,"MawBank":45,"Burning Blood":0,"Calling Bell":17,"Centennial Puzzle":25,"Anchor":46,"Shovel":17,"DollysMirror":38,"Fusion Hammer":34,"Red Mask":28,"StrikeDummy":13,"Red Skull":26},{"Regal Pillow":5,"NeowsBlessing":0,"Singing Bowl":9,"Gremlin Horn":16,"Mango":3,"StoneCalendar":14,"Eternal Feather":20,"PreservedInsect":9,"Ginger":3,"Odd Mushroom":4,"Frozen Egg 2":21,"MawBank":22,"Burning Blood":0,"Calling Bell":9,"Centennial Puzzle":12,"Anchor":22,"Shovel":9,"DollysMirror":19,"Fusion Hammer":17,"Red Mask":14,"StrikeDummy":7,"Red Skull":12},{"Regal Pillow":14,"NeowsBlessing":0,"Singing Bowl":40,"Gremlin Horn":71,"Mango":5,"StoneCalendar":57,"Eternal Feather":89,"PreservedInsect":40,"Ginger":5,"Odd Mushroom":10,"Frozen Egg 2":93,"MawBank":96,"Burning Blood":0,"Calling Bell":40,"Centennial Puzzle":53,"Anchor":96,"Shovel":40,"DollysMirror":86,"Fusion Hammer":76,"Red Mask":57,"StrikeDummy":24,"Red Skull":53}]},"card_choices":[{"not_picked":["Intimidate","Clothesline"],"picked":"Shrug It Off","floor":1.0},{"not_picked":["Wild Strike","Hemokinesis"],"picked":"Carnage","floor":3.0},{"not_picked":["Warcry","Intimidate","Spot Weakness"],"picked":"SKIP","floor":7.0},{"not_picked":["Anger","Twin Strike"],"picked":"Flame Barrier","floor":10.0},{"not_picked":["Spot Weakness","Iron Wave"],"picked":"Dropkick","floor":11.0},{"not_picked":["Clothesline","Hemokinesis","Headbutt"],"picked":"SKIP","floor":12.0},{"not_picked":["Clothesline","Hemokinesis","Headbutt"],"picked":"SKIP","floor":12.0},{"not_picked":["Second Wind","Havoc"],"picked":"Shrug It Off","floor":13.0},{"not_picked":["Whirlwind","Reckless Charge","Sentinel"],"picked":"SKIP","floor":14.0},{"not_picked":["Fiend Fire","Limit Break"],"picked":"Corruption","floor":16.0},{"not_picked":["Sword Boomerang","Perfected Strike","Anger"],"picked":"Singing Bowl","floor":18.0},{"not_picked":["Burning Pact","Intimidate","Searing Blow"],"picked":"Singing Bowl","floor":22.0},{"not_picked":["Headbutt","Cleave","Wild Strike"],"picked":"Singing Bowl","floor":24.0},{"not_picked":["Ghostly Armor","Twin Strike","Headbutt"],"picked":"Singing Bowl","floor":27.0},{"not_picked":["Intimidate","Havoc","Clash+1"],"picked":"Singing Bowl","floor":28.0},{"not_picked":["Clothesline","Spot Weakness","Body Slam"],"picked":"Singing Bowl","floor":30.0},{"not_picked":["Heavy Blade","Armaments","Intimidate"],"picked":"Singing Bowl","floor":31.0},{"not_picked":["Juggernaut","Fiend Fire","Demon Form"],"picked":"Singing Bowl","floor":33.0},{"not_picked":["Cleave","Clash","Shrug It Off"],"picked":"Singing Bowl","floor":35.0},{"not_picked":["Panacea","Swift Strike"],"picked":"Finesse","floor":36.0},{"not_picked":["Apotheosis","Deep Breath","Dramatic Entrance"],"picked":"Singing Bowl","floor":36.0},{"not_picked":["Purity","Jack Of All Trades"],"picked":"Flash of Steel","floor":36.0},{"not_picked":["Disarm+1","Clash","Pommel Strike+1"],"picked":"Singing Bowl","floor":37.0},{"not_picked":["Blood for Blood+1","Pommel Strike","Ghostly Armor"],"picked":"Singing Bowl","floor":39.0},{"not_picked":["Rampage","True Grit","Headbutt+1"],"picked":"Singing Bowl","floor":41.0},{"not_picked":["Clash","Warcry"],"picked":"Dropkick+1","floor":45},{"not_picked":["Flame Barrier","Flex"],"picked":"Sentinel","floor":47},{"not_picked":["Disarm+1","Cleave","Rampage"],"picked":"Singing Bowl","floor":48}],"player_experience":529864,"relics_obtained":[{"floor":7.0,"key":"Mango"},{"floor":9.0,"key":"Ginger"},{"floor":10.0,"key":"Odd Mushroom"},{"floor":11.0,"key":"Regal Pillow"},{"floor":13.0,"key":"StrikeDummy"},{"floor":17.0,"key":"PreservedInsect"},{"floor":17.0,"key":"Singing Bowl"},{"floor":17.0,"key":"Shovel"},{"floor":25.0,"key":"Centennial Puzzle"},{"floor":26.0,"key":"Red Skull"},{"floor":28.0,"key":"Red Mask"},{"floor":29.0,"key":"StoneCalendar"},{"floor":32.0,"key":"Gremlin Horn"},{"floor":40.0,"key":"Eternal Feather"},{"floor":43,"key":"Frozen Egg 2"},{"floor":45,"key":"MawBank"},{"floor":46,"key":"Anchor"}],"event_choices":[{"damage_healed":0.0,"max_hp_gain":0.0,"max_hp_loss":0.0,"gold_gain":0.0,"event_name":"Accursed Blacksmith","player_choice":"Forge","floor":2.0,"gold_loss":0.0,"damage_taken":0.0,"cards_upgraded":["Bash"]},{"damage_healed":0.0,"max_hp_gain":0.0,"max_hp_loss":0.0,"gold_gain":0.0,"event_name":"Mushrooms","player_choice":"Fought Mushrooms","floor":10.0,"gold_loss":0.0,"damage_taken":0.0},{"cards_removed":["Strike_R"],"damage_healed":0.0,"max_hp_gain":0.0,"max_hp_loss":0.0,"gold_gain":0.0,"event_name":"Back to Basics","player_choice":"Elegance","floor":20.0,"gold_loss":0.0,"damage_taken":0.0},{"cards_removed":["Strike_R"],"damage_healed":0.0,"max_hp_gain":0.0,"max_hp_loss":0.0,"gold_gain":0.0,"event_name":"Beggar","player_choice":"Gave Gold","floor":21.0,"gold_loss":75.0,"damage_taken":0.0},{"damage_healed":0.0,"max_hp_gain":0.0,"max_hp_loss":0.0,"gold_gain":0.0,"event_name":"Masked Bandits","player_choice":"Fought Bandits","floor":28.0,"gold_loss":0.0,"damage_taken":0.0},{"damage_healed":0.0,"max_hp_gain":0.0,"max_hp_loss":0.0,"gold_gain":0.0,"event_name":"SensoryStone","player_choice":"Memory 3","floor":36.0,"gold_loss":0.0,"damage_taken":10.0},{"damage_healed":0,"gold_gain":0,"player_choice":"1 cards matched","damage_taken":0,"max_hp_gain":0,"max_hp_loss":0,"event_name":"Match and Keep!","floor":42,"gold_loss":0,"cards_obtained":["Offering"]}],"is_beta":false,"boss_relics":[{"not_picked":["Ectoplasm","Black Star"],"picked":"Calling Bell"},{"not_picked":["Snecko Eye","Tiny House"],"picked":"Fusion Hammer"}],"items_purged_floors":[4,19],"is_endless":false,"potions_floor_spawned":[1,7,12,16,18,31,41,47,48],"killed_by":"Donu and Deca","ascension_level":20}}