{"host":"x1qj4d8ympd5jdqh","time":1608387423,"event":{"mods":["AchievementEnabler","AlwaysNeverKeys","BaseMod","Colored Map","Custom Start","DeckTracker","Highlight Path","Minty Spire (QoL Compilation)","StSLib","SuperFastMode"],"gold_per_floor":[111,121,121,135,135,135,166,166,166,178,204,234,246,278,290,302,302],"floor_reached":16,"playtime":370,"items_purged":[],"score":204,"play_id":"0a36e0d0-df29-4c5a-8f4d-32ae9919c905","local_time":"20201219231703","is_ascension_mode":true,"campfire_choices":[{"data":"Hemokinesis","floor":6,"key":"SMITH"},{"floor":8,"key":"REST"},{"data":"Body Slam","floor":13,"key":"SMITH"},{"data":"Evolve","floor":15,"key":"SMITH"}],"circlet_count":0,"master_deck":["AscendersBane","Strike_R","Strike_R","Strike_R","Strike_R","Defend_R","Defend_R","Defend_R","Defend_R","Bash","Fire Breathing","Hemokinesis+1","Body Slam+1","Burning Pact","Dark Embrace","Ghostly Armor","Evolve+1"],"relics":["Burning Blood","Calipers","Mummified Hand","Dream Catcher","MawBank","Nunchaku"],"acts_visited":["Exordium"],"potions_floor_usage":[14,14],"damage_taken":[{"damage":9,"enemies":"Jaw Worm","floor":1,"turns":4},{"damage":24,"enemies":"2 Louse","floor":2,"turns":3},{"damage":3,"enemies":"Cultist","floor":4,"turns":3},{"damage":22,"enemies":"3 Sentries","floor":7,"turns":4},{"damage":8,"enemies":"2 Fungi Beasts","floor":11,"turns":4},{"damage":21,"enemies":"Gremlin Gang","floor":12,"turns":5},{"damage":13,"enemies":"Exordium Wildlife","floor":14,"turns":3},{"damage":32,"enemies":"Hexaghost","floor":16,"turns":9}],"seed_played":"8015537596037187136","potions_obtained":[{"floor":1,"key":"SmokeBomb"},{"floor":7,"key":"BloodPotion"},{"floor":12,"key":"Fruit Juice"}],"is_trial":false,"path_per_floor":["M","M","?","M","?","R","E","R","T","?","M","M","R","M","R","B"],"character_chosen":"IRONCLAD","items_purchased":[],"campfire_rested":1,"item_purchase_floors":[],"current_hp_per_floor":[65,47,36,39,39,39,23,43,43,43,41,26,26,38,38,6,6],"gold":302,"neow_bonus":"ONE_RARE_RELIC","is_daily":false,"chose_seed":false,"campfire_upgraded":3,"win_rate":0.0,"timestamp":1608387423,"path_taken":["M","M","?","M","?","R","E","R","T","?","M","M","R","?","R","BOSS"],"items_purchased_type":[],"build_version":"2020-12-13","purchased_purges":0,"victory":false,"max_hp_per_floor":[68,68,68,68,68,68,68,68,68,68,68,68,68,73,73,73,73],"card_choices":[{"not_picked":["Power Through","Dropkick"],"picked":"Fire Breathing","floor":1},{"not_picked":["Sword Boomerang","Uppercut"],"picked":"Hemokinesis","floor":2},{"not_picked":["Rage","Seeing Red"],"picked":"Body Slam","floor":4},{"not_picked":["Twin Strike","Pommel Strike","Body Slam"],"picked":"SKIP","floor":7},{"not_picked":["Cleave","Inflame"],"picked":"Dark Embrace","floor":8},{"not_picked":["Flame Barrier","Clothesline"],"picked":"Ghostly Armor","floor":11},{"not_picked":["Wild Strike","Offering"],"picked":"Evolve","floor":12},{"not_picked":["Iron Wave","Spot Weakness","Thunderclap"],"picked":"SKIP","floor":14}],"player_experience":1248645,"relics_obtained":[{"floor":7,"key":"Dream Catcher"},{"floor":9,"key":"MawBank"}],"event_choices":[{"damage_healed":0,"gold_gain":0,"player_choice":"Success","damage_taken":11,"relics_obtained":["Mummified Hand"],"max_hp_gain":0,"max_hp_loss":0,"event_name":"Scrap Ooze","floor":3,"gold_loss":0},{"damage_healed":0,"gold_gain":0,"cards_transformed":["Strike_R"],"player_choice":"Change","damage_taken":0,"max_hp_gain":0,"max_hp_loss":0,"event_name":"Living Wall","floor":5,"gold_loss":0,"cards_obtained":["Burning Pact"]},{"damage_healed":0,"gold_gain":0,"player_choice":"Gave Potion","damage_taken":0,"relics_obtained":["Nunchaku"],"max_hp_gain":0,"max_hp_loss":0,"event_name":"WeMeetAgain","floor":10,"gold_loss":0}],"is_beta":false,"boss_relics":[],"items_purged_floors":[],"is_endless":false,"potions_floor_spawned":[1,7,12],"killed_by":"Hexaghost","ascension_level":20}}