{"host":"pf47v7h0307523iy","time":1608384397,"event":{"mods":["BaseMod","Minty Spire (QoL Compilation)"],"gold_per_floor":[11,23,36,54,54,54,79,22,94,94,107,137,137,137,137,137,137],"floor_reached":16,"playtime":1074,"items_purged":[],"score":220,"play_id":"1a2d63a6-7608-4667-aa3c-279204eed769","local_time":"20201219152637","is_ascension_mode":true,"campfire_choices":[{"data":"Neutralize","floor":6,"key":"SMITH"},{"floor":10,"key":"REST"},{"data":"Skewer","floor":15,"key":"SMITH"}],"circlet_count":0,"master_deck":["AscendersBane","Strike_G","Strike_G","Strike_G","Strike_G","Defend_G","Defend_G","Defend_G","Defend_G","Defend_G","Survivor","Neutralize+1","Escape Plan","Dagger Throw+1","Endless Agony","Finisher+1","Poisoned Stab","Skewer+1"],"relics":["Ring of the Snake","TungstenRod","StoneCalendar","InkBottle","Whetstone","Golden Idol"],"acts_visited":["Exordium"],"potions_floor_usage":[3,4,12,16,16],"damage_taken":[{"damage":6,"enemies":"Jaw Worm","floor":1,"turns":6},{"damage":0,"enemies":"2 Louse","floor":2,"turns":3},{"damage":0,"enemies":"Small Slimes","floor":3,"turns":3},{"damage":22,"enemies":"Gremlin Gang","floor":4,"turns":5},{"damage":31,"enemies":"3 Sentries","floor":7,"turns":12},{"damage":8,"enemies":"Exordium Wildlife","floor":11,"turns":6},{"damage":7,"enemies":"Gremlin Nob","floor":12,"turns":3},{"damage":27,"enemies":"Hexaghost","floor":16,"turns":9}],"seed_played":"-8799547501202173709","potions_obtained":[{"floor":1,"key":"Block Potion"},{"floor":2,"key":"SpeedPotion"},{"floor":3,"key":"Energy Potion"},{"floor":12,"key":"SpeedPotion"}],"is_trial":false,"path_per_floor":["M","M","M","M","?","R","E","$","T","R","M","E","?","?","R","B"],"character_chosen":"THE_SILENT","items_purchased":["Strength Potion"],"campfire_rested":1,"item_purchase_floors":[8],"current_hp_per_floor":[53,53,53,31,53,53,22,22,22,41,33,26,26,26,26,0,0],"gold":137,"neow_bonus":"ONE_RARE_RELIC","is_daily":false,"chose_seed":false,"campfire_upgraded":2,"win_rate":0.0,"timestamp":1608384397,"path_taken":["M","M","M","M","?","R","E","$","T","R","M","E","?","?","R","BOSS"],"items_purchased_type":["Potion"],"build_version":"2020-12-13","purchased_purges":0,"victory":false,"max_hp_per_floor":[66,66,66,66,66,66,66,66,66,66,66,66,66,60,60,60,60],"card_choices":[{"not_picked":["Underhanded Strike","Heel Hook"],"picked":"Escape Plan","floor":1},{"not_picked":["Underhanded Strike","Setup"],"picked":"Dagger Throw","floor":2},{"not_picked":["Tactician","Eviscerate"],"picked":"Endless Agony","floor":3},{"not_picked":["Setup","Expertise"],"picked":"Finisher","floor":4},{"not_picked":["Predator","Slice"],"picked":"Poisoned Stab","floor":7},{"not_picked":["Prepared","Outmaneuver","Dodge and Roll"],"picked":"SKIP","floor":11},{"not_picked":["Prepared","Outmaneuver","Dodge and Roll"],"picked":"SKIP","floor":11},{"not_picked":["Outmaneuver","Doppelganger"],"picked":"Skewer","floor":12}],"player_experience":1495980,"relics_obtained":[{"floor":7,"key":"StoneCalendar"},{"floor":9,"key":"InkBottle"},{"floor":12,"key":"Whetstone"}],"event_choices":[{"damage_healed":22,"gold_gain":0,"player_choice":"Banana","damage_taken":0,"max_hp_gain":0,"max_hp_loss":0,"event_name":"Big Fish","floor":5,"gold_loss":0},{"cards_removed":["Strike_G"],"damage_healed":0,"gold_gain":0,"player_choice":"Forget","damage_taken":0,"max_hp_gain":0,"max_hp_loss":0,"event_name":"Living Wall","floor":13,"gold_loss":0},{"damage_healed":0,"gold_gain":0,"player_choice":"Lose Max HP","damage_taken":0,"relics_obtained":["Golden Idol"],"max_hp_gain":0,"max_hp_loss":6,"event_name":"Golden Idol","floor":14,"gold_loss":0}],"is_beta":false,"boss_relics":[],"items_purged_floors":[],"is_endless":false,"potions_floor_spawned":[1,2,3,12],"killed_by":"Hexaghost","ascension_level":20}}