{"host":"9d83omykrosjn1d3","time":1608385918,"event":{"mods":["AchievementEnabler","BaseMod","BetterRewards","Card Forge","Hubris","MarisaÅiñ∂âJÅ@ñÇóùçπÅj","Minty Spire (QoL Compilation)","Permanent Neow","Shop Mod","StSLib","SuperFastMode"],"gold_per_floor":[118,193,193,193,193,225,258,288,288,315,327,353,353,180,180,280,280,299,299,88,88,55,83,118,152,152,152,177,218,245,275,275,409,409,481,99,154,154],"floor_reached":37,"playtime":1712,"items_purged":["Strike_P","Strike_P+1","Eruption","Defend_P+1"],"score":665,"play_id":"25bb5f04-fc5b-4e83-9981-d5ead4eaf843","local_time":"20201219225158","daily_mods":["Heirloom","Flight","DeadlyEvents","Elite Swarm"],"is_ascension_mode":false,"campfire_choices":[{"data":"DevaForm","floor":13,"key":"SMITH"},{"floor":15,"key":"REST"},{"data":"Wish","floor":27,"key":"SMITH"},{"data":"hubris:DuctTapeCard","floor":32,"key":"SMITH"}],"circlet_count":0,"master_deck":["Vigilance+1","DeusExMachina+1","ConjureBlade","DevaForm+1","Wish+1","hubris:DuctTapeCard+2","Wish","SpiritShield","Evaluate"],"relics":["HolyWater","Hammer of Thor","Seething Fire","Anvil of the Gods","Calipers","CloakClasp","War Paint","Bronze Scales","White Beast Statue","Prayer Wheel","MerchantsRug","hubris:CrackedHourglass","Sundial","Ancient Tea Set","Regal Pillow","StrikeDummy","Mummified Hand","hubris:BundleOfHerbs","Pen Nib","hubris:Teleporter","Blood Vial","hubris:MysteriousPyramids"],"acts_visited":["Exordium","TheCity","TheBeyond"],"potions_floor_usage":[12,31],"damage_taken":[{"damage":2,"enemies":"2 Louse","floor":1,"turns":3},{"damage":4,"enemies":"Gremlin Nob","floor":6,"turns":3},{"damage":30,"enemies":"3 Sentries","floor":7,"turns":11},{"damage":0,"enemies":"Gremlin Nob","floor":8,"turns":2},{"damage":0,"enemies":"Lagavulin","floor":10,"turns":3},{"damage":0,"enemies":"Small Slimes","floor":11,"turns":4},{"damage":6,"enemies":"3 Sentries","floor":12,"turns":5},{"damage":14,"enemies":"Hexaghost","floor":16,"turns":4},{"damage":5,"enemies":"2 Thieves","floor":18,"turns":5},{"damage":18,"enemies":"Gremlin Leader","floor":23,"turns":6},{"damage":25,"enemies":"Slavers","floor":24,"turns":4},{"damage":0,"enemies":"Book of Stabbing","floor":25,"turns":3},{"damage":14,"enemies":"Slavers","floor":28,"turns":6},{"damage":5,"enemies":"Spheric Guardian","floor":29,"turns":4},{"damage":2,"enemies":"Book of Stabbing","floor":30,"turns":3},{"damage":12,"enemies":"Gremlin Leader","floor":31,"turns":7},{"damage":21,"enemies":"hubris:MusketHawk","floor":33,"turns":5},{"damage":1,"enemies":"3 Darklings","floor":35,"turns":7},{"damage":0,"enemies":"Orin","floor":37,"turns":5}],"seed_played":"6167400951203481826","potions_obtained":[{"floor":1,"key":"SteroidPotion"},{"floor":10,"key":"Block Potion"},{"floor":11,"key":"Fire Potion"},{"floor":12,"key":"Regen Potion"},{"floor":16,"key":"FearPotion"},{"floor":18,"key":"DuplicationPotion"},{"floor":21,"key":"SmokeBomb"},{"floor":21,"key":"FairyPotion"},{"floor":21,"key":"StancePotion"},{"floor":23,"key":"PowerPotion"},{"floor":24,"key":"Ancient Potion"},{"floor":25,"key":"Fire Potion"},{"floor":29,"key":"Ambrosia"},{"floor":31,"key":"LiquidBronze"},{"floor":33,"key":"Swift Potion"}],"is_trial":true,"path_per_floor":["M","?","?","?","?","E","E","E","T","E","M","E","R","$","R","B",null,"M","?","$","?","$","E","E","E","T","R","E","M","E","E","R","B",null,"M","$","?"],"character_chosen":"WATCHER","items_purchased":["MerchantsRug","Ancient Tea Set","Blood Vial","hubris:MysteriousPyramids","Evaluate"],"campfire_rested":1,"item_purchase_floors":[14,20,36,36,36],"current_hp_per_floor":[70,59,59,64,49,45,15,15,15,15,15,9,9,9,32,18,77,72,72,72,72,72,54,29,29,29,29,15,10,8,38,38,17,77,76,76,77,77],"gold":154,"neow_bonus":"","is_daily":false,"chose_seed":false,"campfire_upgraded":3,"win_rate":0.0,"timestamp":1608385918,"path_taken":["M","?","?","?","?","E","E","E","T","E","?","E","R","$","R","BOSS","M","?","$","?","$","E","?","E","T","R","E","M","E","E","R","BOSS","M","$","?"],"items_purchased_type":["Relic","Relic","Relic","Relic","Card"],"build_version":"2020-12-13","purchased_purges":4,"victory":false,"max_hp_per_floor":[72,72,72,77,77,77,77,77,77,77,77,77,77,77,77,77,77,77,77,77,77,77,77,77,77,77,77,77,77,77,77,77,77,77,77,77,77,77],"card_choices":[{"not_picked":["Evaluate","BowlingBash","ThirdEye"],"picked":"SKIP","floor":1},{"not_picked":["Brilliance","Establishment"],"picked":"Devotion","floor":6},{"not_picked":["Ragnarok","Devotion"],"picked":"DeusExMachina","floor":7},{"not_picked":["Brilliance","Blasphemy"],"picked":"ConjureBlade","floor":8},{"not_picked":["ConjureBlade","Vault"],"picked":"DevaForm","floor":10},{"not_picked":["JustLucky","FollowUp","BowlingBash"],"picked":"SKIP","floor":11},{"not_picked":["MasterReality","Ragnarok"],"picked":"Scrawl","floor":12},{"not_picked":["Conclude","FlyingSleeves","EmptyMind"],"picked":"SKIP","floor":18},{"not_picked":["Meditate","EmptyFist","FearNoEvil+1"],"picked":"SKIP","floor":18},{"not_picked":["Establishment","Omniscience","Brilliance"],"picked":"SKIP","floor":23},{"not_picked":["Judgement","Devotion","Ragnarok"],"picked":"SKIP","floor":24},{"not_picked":["Judgement","DevaForm"],"picked":"Wish","floor":25},{"not_picked":["Alpha","Blasphemy"],"picked":"SpiritShield","floor":28},{"not_picked":["BowlingBash+1","CrushJoints","Prostrate+1"],"picked":"SKIP","floor":29},{"not_picked":["CrushJoints+1","Prostrate","ForeignInfluence+1"],"picked":"SKIP","floor":29},{"not_picked":["Judgement","SpiritShield","Establishment"],"picked":"SKIP","floor":30},{"not_picked":["Ragnarok","Blasphemy"],"picked":"Wish","floor":31},{"not_picked":["LessonLearned","DevaForm"],"picked":"SpiritShield","floor":33},{"not_picked":["Consecrate","SignatureMove","Halt"],"picked":"SKIP","floor":35},{"not_picked":["ClearTheMind+1","Wireheading","PathToVictory"],"picked":"SKIP","floor":35}],"player_experience":578403,"relics_obtained":[{"floor":6,"key":"CloakClasp"},{"floor":7,"key":"War Paint"},{"floor":8,"key":"Bronze Scales"},{"floor":9,"key":"White Beast Statue"},{"floor":10,"key":"Lizard Tail"},{"floor":12,"key":"Prayer Wheel"},{"floor":23,"key":"Regal Pillow"},{"floor":24,"key":"StrikeDummy"},{"floor":25,"key":"Mummified Hand"},{"floor":26,"key":"hubris:BundleOfHerbs"},{"floor":28,"key":"hubris:DuctTape"},{"floor":30,"key":"Pen Nib"},{"floor":31,"key":"hubris:Teleporter"}],"event_choices":[{"damage_healed":0,"gold_gain":75,"player_choice":"Gather Gold","damage_taken":11,"max_hp_gain":0,"max_hp_loss":0,"event_name":"World of Goop","floor":2,"gold_loss":0},{"cards_removed":["Defend_P"],"damage_healed":0,"gold_gain":0,"player_choice":"Forget","damage_taken":0,"max_hp_gain":0,"max_hp_loss":0,"event_name":"Living Wall","floor":3,"gold_loss":0},{"damage_healed":0,"gold_gain":0,"player_choice":"Donut","damage_taken":0,"max_hp_gain":5,"max_hp_loss":0,"event_name":"Big Fish","floor":4,"gold_loss":0},{"damage_healed":0,"gold_gain":0,"player_choice":"Entered Light","damage_taken":15,"max_hp_gain":0,"max_hp_loss":0,"event_name":"Shining Light","floor":5,"gold_loss":0,"cards_upgraded":["Vigilance","Strike_P"]},{"damage_healed":0,"gold_gain":0,"player_choice":"Opened","damage_taken":0,"relics_obtained":["Sundial"],"max_hp_gain":0,"max_hp_loss":0,"event_name":"The Mausoleum","floor":19,"gold_loss":0,"cards_obtained":["Writhe"]},{"damage_healed":0,"gold_gain":0,"player_choice":"Got Potions","damage_taken":0,"max_hp_gain":0,"max_hp_loss":0,"event_name":"Lab","floor":21,"gold_loss":0},{"damage_healed":0,"gold_gain":0,"player_choice":"Fight","damage_taken":0,"max_hp_gain":0,"max_hp_loss":0,"event_name":"OrinTheCat","floor":37,"gold_loss":0}],"is_beta":false,"boss_relics":[{"not_picked":["Fusion Hammer","Empty Cage"],"picked":"hubris:CrackedHourglass"},{"not_picked":["VioletLotus","Snecko Eye"],"picked":"HolyWater"}],"items_purged_floors":[14,20,22,36],"is_endless":false,"potions_floor_spawned":[1,10,11,12,16,18,23,24,25,28,29,30,31,33,35],"killed_by":"Orin","ascension_level":0}}