{"host":"e6oyrm1qxoctfokz","time":1608416783,"event":{"mods":["Aspiration","BaseMod","Clawfect","Colored Powertips","Defuse TimeMaze Blight","Energized Spire","Halation","Highlight Path","Hubris","Infinite Spire","Minty Spire (QoL Compilation)","Permanent Neow","Quick Restart","Relic Sorter","Replay The Spire","StSLib","Trackpad","vexMod"],"gold_per_floor":[117,42,42,58,78,103,103,103,174,186,386,421,447,447,447,545,545,559,559,9,27,27,27],"floor_reached":22,"playtime":1275,"items_purged":["Defend_B"],"score":269,"play_id":"69d82d3b-0a4b-4f53-ba70-7f7e4ac63484","local_time":"20201219202623","is_ascension_mode":false,"campfire_choices":[{"floor":7.0,"key":"RECALL"},{"data":"Clawfect:ClawCell","floor":15.0,"key":"SMITH"}],"circlet_count":0,"master_deck":["Gash","Gash","Gash","Gash","Gash+1","Defend_B+1","Defend_B+1","Clawfect:ClawCell+1","Clawfect:ClawForOne","Buffer","Panic Button"],"relics":["vexMod:BigBerry","Juzu Bracelet","Ancient Tea Set","War Paint","halation:TrafficLight"],"acts_visited":[],"potions_floor_usage":[],"damage_taken":[{"damage":0.0,"enemies":"Cultist","floor":1.0,"turns":4.0},{"damage":3.0,"enemies":"2 Louse","floor":4.0,"turns":3.0},{"damage":1.0,"enemies":"Jaw Worm","floor":5.0,"turns":3.0},{"damage":8.0,"enemies":"Lagavulin","floor":6.0,"turns":5.0},{"damage":4.0,"enemies":"Gremlin Gang","floor":10.0,"turns":4.0},{"damage":17.0,"enemies":"3 Sentries","floor":12.0,"turns":7.0},{"damage":30.0,"enemies":"The Guardian","floor":16.0,"turns":5.0},{"damage":5.0,"enemies":"3 Byrds","floor":18.0,"turns":3.0},{"damage":0.0,"enemies":"Spheric Guardian","floor":21.0,"turns":2.0},{"damage":14.0,"enemies":"Centurion and Healer","floor":22.0,"turns":3.0}],"seed_played":"3016542701836727389","potions_obtained":[{"floor":4.0,"key":"FocusPotion"},{"floor":10.0,"key":"Weak Potion"},{"floor":12.0,"key":"Adrenaline Potion"},{"floor":16.0,"key":"EssenceOfSteel"},{"floor":21.0,"key":"Strength Potion"}],"is_trial":false,"path_per_floor":["M","$","?","M","M","E","R","?","T","M","?","E","T","?","R","B",null,"M","?","$","M","M"],"character_chosen":"DEFECT","items_purchased":["halation:TrafficLight","Buffer"],"campfire_rested":0,"item_purchase_floors":[20,20],"current_hp_per_floor":[105,105,105,102,101,93,93,93,93,89,89,72,72,65,65,35,105,100,100,100,100,86,86],"gold":27,"neow_bonus":"BOSS_RELIC","is_daily":false,"chose_seed":false,"campfire_upgraded":1,"win_rate":0.0,"timestamp":1608416783,"path_taken":["M","?","?","?","M","E","R","?","T","M","?","E","?","?","R","BOSS","M","?","$","M","M"],"items_purchased_type":["Relic","Card"],"build_version":"2020-12-13","purchased_purges":1,"victory":false,"max_hp_per_floor":[105,105,105,105,105,105,105,105,105,105,105,105,105,105,105,105,105,105,105,105,105,105,105],"card_choices":[{"not_picked":["Gash","Undo","Redo"],"picked":"SKIP","floor":1.0},{"not_picked":["Clawfect:ClawLightning","Coolheaded"],"picked":"Clawfect:ClawCell","floor":4.0},{"not_picked":["Clawfect:ClawpileDriver","Time Bomb","ReplayTheSpireMod:Reroute Power"],"picked":"SKIP","floor":5.0},{"not_picked":["hubris:Ukulele","Undo","Clawfect:ClawForTheEyes"],"picked":"SKIP","floor":6.0},{"not_picked":["Clawfect:ClawLightning","Lockon","BasicCrystalCard"],"picked":"SKIP","floor":10.0},{"not_picked":["Clawfect:ClawAndTear","Hello World","Clawfect:ClawForTheEyes"],"picked":"SKIP","floor":12.0},{"not_picked":["Creative AI","Fission"],"picked":"Clawfect:ClawForOne","floor":16.0},{"not_picked":["ReplaySort","Leap","Chill"],"picked":"SKIP","floor":18.0},{"not_picked":["Static Discharge","Auto Shields"],"picked":"Panic Button","floor":21.0}],"player_experience":372446,"relics_obtained":[{"floor":6.0,"key":"Juzu Bracelet"},{"floor":12.0,"key":"Ancient Tea Set"},{"floor":13.0,"key":"War Paint"}],"event_choices":[{"damage_healed":0.0,"max_hp_gain":0.0,"max_hp_loss":0.0,"gold_gain":0.0,"event_name":"Upgrade Shrine","player_choice":"Upgraded","floor":3.0,"gold_loss":0.0,"damage_taken":0.0,"cards_upgraded":["Gash"]},{"cards_removed":["Defend_B"],"damage_healed":0.0,"max_hp_gain":0.0,"max_hp_loss":0.0,"gold_gain":0.0,"event_name":"Bonfire Elementals","player_choice":"Offered Basic","floor":8.0,"gold_loss":0.0,"damage_taken":0.0},{"cards_removed":["Defend_B"],"damage_healed":0.0,"max_hp_gain":0.0,"max_hp_loss":0.0,"gold_gain":0.0,"event_name":"Golden Wing","player_choice":"Card Removal","floor":14.0,"gold_loss":0.0,"damage_taken":7.0}],"is_beta":false,"boss_relics":[{"not_picked":["halation:Risk","halation:Yufonium","halation:MonkeysPaw"]}],"items_purged_floors":[2],"is_endless":false,"potions_floor_spawned":[4,10,12,16,21,22],"killed_by":"Centurion and Healer","ascension_level":0}}