{"host":"bg8va46pgqgvtzim","time":1608346569,"event":{"mods":["BaseMod","Minty Spire (QoL Compilation)","Quick Restart","StSLib","SuperFastMode","¡¾ÒÅÎï¿¨ÅÆ¡¿REMEMod"],"gold_per_floor":[116,133,145,70,85,120,120,160,185,185,195,220,245,261,261,367,367,381,409,409,435,460,480,579,606,606,531,531,541,541,578,578,683,683,702,702,725,725,625,625,672,707,707,707,725,765,90,312,312,414,414,414,41,112,214],"floor_reached":56,"playtime":1960,"items_purged":["Strike_G","Masterful Stab","Concentrate"],"score":1782,"play_id":"7693b5ee-9b08-476c-9c22-5b4992761fd6","local_time":"20201219105609","is_ascension_mode":true,"campfire_choices":[{"data":"Distraction","floor":7.0,"key":"SMITH"},{"floor":10.0,"key":"REST"},{"data":"Tactician","floor":15.0,"key":"SMITH"},{"data":"Calculated Gamble","floor":28.0,"key":"SMITH"},{"data":"Reflex","floor":30.0,"key":"SMITH"},{"data":"Calculated Gamble","floor":32.0,"key":"SMITH"},{"data":"Footwork","floor":40.0,"key":"SMITH"},{"data":"Terror","floor":44,"key":"SMITH"},{"floor":49,"key":"RECALL"},{"data":"Eviscerate","floor":52,"key":"SMITH"}],"circlet_count":0,"master_deck":["Defend_G","Defend_G","Defend_G","Defend_G","Survivor","Neutralize","Distraction+1","Crippling Poison","Endless Agony","Undo","Reflex+1","REME_GreenPollution","Tactician+1","Footwork+1","Eviscerate+1","Adrenaline","Acrobatics+1","Calculated Gamble+1","Calculated Gamble+1","Terror+1","Tools of the Trade+1","Prepared+1","Finesse"],"relics":["Ring of the Snake","REME_ComplimentaryCards","Paper Crane","CeramicFish","Runic Pyramid","Tiny Chest","Mango","Pantograph","Happy Flower","Empty Cage","Frozen Egg 2","Ice Cream","StrikeDummy","Molten Egg 2","REME_ArchaeologicalTools","REME_CardOfGreed","Lantern","Sundial","Thread and Needle","Tough Bandages","Pear"],"acts_visited":["Exordium","TheCity","TheBeyond","TheEnding"],"potions_floor_usage":[42,55,55],"damage_taken":[{"damage":0.0,"enemies":"Cultist","floor":1.0,"turns":3.0},{"damage":0.0,"enemies":"Jaw Worm","floor":2.0,"turns":3.0},{"damage":0.0,"enemies":"2 Louse","floor":3.0,"turns":2.0},{"damage":0.0,"enemies":"Looter","floor":5.0,"turns":4.0},{"damage":32.0,"enemies":"Gremlin Nob","floor":6.0,"turns":6.0},{"damage":22.0,"enemies":"3 Sentries","floor":8.0,"turns":13.0},{"damage":0.0,"enemies":"Red Slaver","floor":11.0,"turns":4.0},{"damage":0.0,"enemies":"Blue Slaver","floor":12.0,"turns":3.0},{"damage":0.0,"enemies":"Exordium Wildlife","floor":13.0,"turns":5.0},{"damage":2.0,"enemies":"Red Slaver","floor":14.0,"turns":4.0},{"damage":17.0,"enemies":"Slime Boss","floor":16.0,"turns":8.0},{"damage":0.0,"enemies":"Chosen","floor":18.0,"turns":5.0},{"damage":7.0,"enemies":"3 Byrds","floor":19.0,"turns":5.0},{"damage":1.0,"enemies":"Snake Plant","floor":21.0,"turns":6.0},{"damage":3.0,"enemies":"Chosen and Byrds","floor":22.0,"turns":5.0},{"damage":0.0,"enemies":"Centurion and Healer","floor":23.0,"turns":2.0},{"damage":0.0,"enemies":"Slavers","floor":25.0,"turns":4.0},{"damage":0.0,"enemies":"Sentry and Sphere","floor":29.0,"turns":2.0},{"damage":0.0,"enemies":"Gremlin Leader","floor":31.0,"turns":2.0},{"damage":0.0,"enemies":"Collector","floor":33.0,"turns":4.0},{"damage":0.0,"enemies":"3 Darklings","floor":35.0,"turns":2.0},{"damage":0.0,"enemies":"Orb Walker","floor":37.0,"turns":2.0},{"damage":0.0,"enemies":"2 Orb Walkers","floor":41.0,"turns":1.0},{"damage":0,"enemies":"Reptomancer","floor":42,"turns":2},{"damage":0,"enemies":"Maw","floor":45,"turns":2},{"damage":0,"enemies":"Giant Head","floor":46,"turns":3},{"damage":0,"enemies":"Nemesis","floor":48,"turns":3},{"damage":0,"enemies":"Donu and Deca","floor":50,"turns":2},{"damage":0,"enemies":"Shield and Spear","floor":54,"turns":1},{"damage":0,"enemies":"The Heart","floor":55,"turns":2}],"seed_played":"-3714531120427159072","potions_obtained":[{"floor":1.0,"key":"SkillPotion"},{"floor":2.0,"key":"SkillPotion"},{"floor":6.0,"key":"GamblersBrew"},{"floor":12.0,"key":"ColorlessPotion"},{"floor":21.0,"key":"SkillPotion"},{"floor":22.0,"key":"Energy Potion"},{"floor":23.0,"key":"Ancient Potion"},{"floor":29.0,"key":"FairyPotion"},{"floor":33.0,"key":"GamblersBrew"},{"floor":42,"key":"Energy Potion"}],"is_trial":false,"path_per_floor":["M","M","M","$","M","E","R","E","T","R","M","M","M","M","R","B",null,"M","M","?","M","M","M","?","E","T","?","R","M","R","E","R","B",null,"M","?","M","T","$","R","?","E","T","R","M","E","$","E","R","B",null,"R","$","E","B",null],"character_chosen":"THE_SILENT","items_purchased":["REME_CardOfGreed","Lantern","Sundial","Tough Bandages","Finesse"],"campfire_rested":1,"item_purchase_floors":[47,47,47,53,53],"current_hp_per_floor":[63,63,63,63,63,31,31,9,9,27,27,27,27,25,25,8,63,63,56,56,55,52,52,52,66,66,66,66,66,66,66,66,77,77,77,77,77,77,77,77,77,77,77,77,77,77,77,77,77,77,77,77,77,87,87],"gold":214,"neow_bonus":"TRANSFORM_TWO_CARDS","is_daily":false,"chose_seed":false,"campfire_upgraded":8,"win_rate":0.0,"timestamp":1608346569,"path_taken":["M","M","M","$","M","E","R","E","T","R","M","?","?","M","R","BOSS","M","?","?","M","M","M","?","E","T","?","R","M","R","E","R","BOSS","M","?","M","?","$","R","?","E","T","R","M","E","?","E","R","BOSS","R","$","E","BOSS"],"items_purchased_type":["Relic","Relic","Relic","Relic","Card"],"build_version":"2020-12-13","purchased_purges":3,"victory":true,"max_hp_per_floor":[63,63,63,63,63,63,63,63,63,63,63,63,63,63,63,63,63,63,63,63,63,63,63,63,77,77,77,77,77,77,77,77,77,77,77,77,77,77,77,77,77,77,77,77,77,77,77,77,77,77,77,77,77,87,87],"card_choices":[{"not_picked":["Caltrops","Backstab"],"picked":"Crippling Poison","floor":1.0},{"not_picked":["Backflip","Slice"],"picked":"Endless Agony","floor":2.0},{"not_picked":["Bane","Deadly Poison","Cloak And Dagger"],"picked":"SKIP","floor":3.0},{"not_picked":["Blade Dance","Escape Plan"],"picked":"Reflex","floor":5.0},{"not_picked":["Prepared","Slice"],"picked":"REME_GreenPollution","floor":6.0},{"not_picked":["Caltrops","Backflip"],"picked":"Tactician","floor":8.0},{"not_picked":["Phantasmal Killer","Masterful Stab","Backflip"],"picked":"SKIP","floor":11.0},{"not_picked":["Terror","Finisher"],"picked":"Footwork","floor":12.0},{"not_picked":["Leg Sweep","Deflect"],"picked":"Eviscerate","floor":13.0},{"not_picked":["Bouncing Flask","Flechettes","Dagger Spray"],"picked":"SKIP","floor":14.0},{"not_picked":["Unload","Corpse Explosion"],"picked":"Adrenaline","floor":16.0},{"not_picked":["Caltrops","Flying Knee","Poisoned Stab"],"picked":"SKIP","floor":18.0},{"not_picked":["Flying Knee","Blade Dance"],"picked":"Concentrate","floor":19.0},{"not_picked":["Underhanded Strike+1","Tactician"],"picked":"Acrobatics+1","floor":21.0},{"not_picked":["Riddle With Holes","Underhanded Strike"],"picked":"Calculated Gamble","floor":22.0},{"not_picked":["Dodge and Roll","Cloak And Dagger","Outmaneuver"],"picked":"SKIP","floor":23.0},{"not_picked":["Predator","Dash","Riddle With Holes+1"],"picked":"SKIP","floor":25.0},{"not_picked":["Flechettes","Deflect","Cloak And Dagger"],"picked":"SKIP","floor":29.0},{"not_picked":["Distraction","Flying Knee"],"picked":"Calculated Gamble","floor":31.0},{"not_picked":["Eviscerate","Riddle With Holes","Quick Slash+1"],"picked":"SKIP","floor":35.0},{"not_picked":["Sucker Punch","Riddle With Holes"],"picked":"Terror","floor":37.0},{"not_picked":["Terror+1","Noxious Fumes+1","Unload"],"picked":"SKIP","floor":42},{"not_picked":["PiercingWail+1","Infinite Blades+1","Backflip"],"picked":"SKIP","floor":45},{"not_picked":["Underhanded Strike+1","PiercingWail"],"picked":"Tools of the Trade+1","floor":46},{"not_picked":["REME_GreenPollution+1","Footwork+1"],"picked":"Prepared+1","floor":48},{"not_picked":["Die Die Die+1","Dagger Spray+1","Riddle With Holes+1"],"picked":"SKIP","floor":54}],"player_experience":2122112,"relics_obtained":[{"floor":6.0,"key":"Paper Crane"},{"floor":8.0,"key":"CeramicFish"},{"floor":25.0,"key":"Mango"},{"floor":26.0,"key":"Pantograph"},{"floor":31.0,"key":"Happy Flower"},{"floor":38.0,"key":"Frozen Egg 2"},{"floor":41.0,"key":"Ice Cream"},{"floor":42,"key":"StrikeDummy"},{"floor":43,"key":"Molten Egg 2"},{"floor":46,"key":"REME_ArchaeologicalTools"},{"floor":48,"key":"Thread and Needle"},{"floor":54,"key":"Pear"}],"event_choices":[{"damage_healed":0.0,"max_hp_gain":0.0,"max_hp_loss":0.0,"gold_gain":0.0,"event_name":"The Mausoleum","player_choice":"Opened","floor":20.0,"gold_loss":0.0,"damage_taken":0.0,"relics_obtained":["Tiny Chest"]},{"damage_healed":0.0,"max_hp_gain":0.0,"max_hp_loss":0.0,"gold_gain":99.0,"event_name":"Nest","player_choice":"Stole From Cult","floor":24.0,"gold_loss":0.0,"damage_taken":0.0},{"cards_removed":["Strike_G"],"damage_healed":0.0,"max_hp_gain":0.0,"max_hp_loss":0.0,"gold_gain":0.0,"event_name":"Beggar","player_choice":"Gave Gold","floor":27.0,"gold_loss":75.0,"damage_taken":0.0},{"damage_healed":0.0,"max_hp_gain":0.0,"max_hp_loss":0.0,"gold_gain":0.0,"event_name":"The Woman in Blue","player_choice":"Bought 0 Potions","floor":36.0,"gold_loss":0.0,"damage_taken":0.0},{"damage_healed":0.0,"max_hp_gain":0.0,"max_hp_loss":0.0,"gold_gain":0.0,"event_name":"Mysterious Sphere","player_choice":"Fight","floor":41.0,"gold_loss":0.0,"damage_taken":0.0}],"is_beta":false,"boss_relics":[{"not_picked":["WristBlade","Sozu"],"picked":"Runic Pyramid"},{"not_picked":["Runic Dome","REME_DuelDisc"],"picked":"Empty Cage"}],"items_purged_floors":[4,39,47],"is_endless":false,"potions_floor_spawned":[1,2,6,12,21,22,23,29,33,41,42,45,46],"ascension_level":1}}