{"host":"agn8wmerpzfmi70r","time":1608372662,"event":{"mods":["AchievementEnabler","BaseMod","BetterRewards","Minty Spire (QoL Compilation)","Permanent Neow","Relic Stats","StSLib"],"gold_per_floor":[110,125,9,19,19,45,63,63,63],"floor_reached":8,"playtime":336,"items_purged":["Strike_G"],"score":64,"play_id":"da8c217a-5b11-4a36-a328-73911e4962ca","local_time":"20201219041102","is_ascension_mode":true,"campfire_choices":[],"circlet_count":0,"master_deck":["Strike_G","Strike_G","Strike_G","Strike_G","Defend_G","Defend_G","Defend_G+1","Defend_G","Defend_G","Survivor+1","Neutralize","Poisoned Stab","Quick Slash","Bouncing Flask","Deadly Poison","Caltrops","Deadly Poison"],"relics":["Ring of the Snake","NeowsBlessing","Omamori"],"acts_visited":["Exordium"],"potions_floor_usage":[7,8],"damage_taken":[{"damage":0,"enemies":"Cultist","floor":1,"turns":1},{"damage":0,"enemies":"2 Louse","floor":2,"turns":1},{"damage":0,"enemies":"Small Slimes","floor":4,"turns":1},{"damage":17,"enemies":"Gremlin Nob","floor":6,"turns":4},{"damage":11,"enemies":"Exordium Thugs","floor":7,"turns":5},{"damage":33,"enemies":"3 Sentries","floor":8,"turns":9}],"seed_played":"-5037102067252700394","potions_obtained":[{"floor":2,"key":"AttackPotion"},{"floor":4,"key":"Swift Potion"}],"is_trial":false,"path_per_floor":["M","M","$","M","?","E","M","E"],"character_chosen":"THE_SILENT","items_purchased":["Bouncing Flask"],"campfire_rested":0,"item_purchase_floors":[3],"current_hp_per_floor":[70,70,70,70,56,39,28,0,0],"gold":63,"neow_bonus":"THREE_ENEMY_KILL","is_daily":false,"chose_seed":false,"campfire_upgraded":0,"win_rate":0.0,"timestamp":1608372662,"path_taken":["M","?","$","M","?","E","M","E"],"items_purchased_type":["Card"],"build_version":"2020-12-13","purchased_purges":1,"victory":false,"max_hp_per_floor":[70,70,70,70,70,70,70,70,70],"relic_stats":{"counters":[6,21],"obtain_stats":[{"NeowsBlessing":0,"Omamori":6,"Ring of the Snake":0},{"NeowsBlessing":0,"Omamori":4,"Ring of the Snake":0},{"NeowsBlessing":0,"Omamori":7,"Ring of the Snake":0}],"Ring of the Snake":[12]},"card_choices":[{"not_picked":["PiercingWail","Backflip"],"picked":"Poisoned Stab","floor":1},{"not_picked":["Corpse Explosion","Flying Knee"],"picked":"Quick Slash","floor":2},{"not_picked":["Endless Agony","Riddle With Holes"],"picked":"Deadly Poison","floor":4},{"not_picked":["Dagger Throw","Flechettes"],"picked":"Caltrops","floor":6},{"not_picked":["All Out Attack","Predator"],"picked":"Deadly Poison","floor":7}],"player_experience":59024,"relics_obtained":[{"floor":6,"key":"Omamori"}],"event_choices":[{"damage_healed":0,"gold_gain":0,"player_choice":"Entered Light","damage_taken":14,"max_hp_gain":0,"max_hp_loss":0,"event_name":"Shining Light","floor":5,"gold_loss":0,"cards_upgraded":["Survivor","Defend_G"]}],"is_beta":false,"boss_relics":[],"items_purged_floors":[3],"is_endless":false,"potions_floor_spawned":[2,4],"killed_by":"3 Sentries","ascension_level":2}}