{"host":"cb9xh4d0ss8ax8yb","time":1608365826,"event":{"mods":["BaseMod","Minty Spire (QoL Compilation)","StSLib","The Alterego","The Dragon Tamer","The Gatherer"],"gold_per_floor":[118,166,0,15,26,51,70,87,157,177,177,177,190,204,204,308,308,322,338,413,429,429,429,460,460,538,638,657,657,40,40,40,137,137,156,183,183,153,153],"floor_reached":38,"playtime":4335,"items_purged":["alterego_mod:Defend"],"score":401,"play_id":"69915f7b-c686-434d-870a-723b217efd66","local_time":"20201219171706","is_ascension_mode":false,"campfire_choices":[{"data":"alterego_mod:BreastValley","floor":12.0,"key":"SMITH"},{"data":"alterego_mod:ChallengeComplete","floor":15.0,"key":"SMITH"},{"data":"alterego_mod:Venus","floor":23,"key":"SMITH"},{"data":"alterego_mod:Birthday","floor":25,"key":"SMITH"},{"floor":29,"key":"DIG"},{"floor":32,"key":"DIG"}],"circlet_count":0,"master_deck":["alterego_mod:Strike","alterego_mod:Strike","alterego_mod:Strike","alterego_mod:Defend","alterego_mod:Defend","alterego_mod:Impale","alterego_mod:BigMeatyClaws+1","alterego_mod:BrynhildrsRune+1","alterego_mod:MaintainEyeContact","alterego_mod:BreastValley+1","alterego_mod:Birthday+1","alterego_mod:Pet","alterego_mod:Pet","alterego_mod:ChallengeComplete+1","alterego_mod:Venus+1","alterego_mod:DiscoLights+1","alterego_mod:HighServant+1","Purity+1","alterego_mod:ChallengeComplete","alterego_mod:Undulate+1","Dramatic Entrance","alterego_mod:SakuraFive","alterego_mod:InsideBaseball","alterego_mod:DeftHands+1","alterego_mod:GoddessCore+1","alterego_mod:Clones","alterego_mod:STier","alterego_mod:BigMeatyClaws"],"relics":["alterego_mod:MasochisticConstitution","NeowsBlessing","War Paint","Akabeko","InkBottle","Gremlin Horn","Astrolabe","WingedGreaves","Red Mask","Mercury Hourglass","Shovel","Bottled Lightning","Ornamental Fan","Kunai","Bronze Scales","Molten Egg 2","Black Star","Art of War"],"acts_visited":["TheBeyond"],"potions_floor_usage":[19,21,24,27,33],"damage_taken":[{"damage":0.0,"enemies":"Cultist","floor":1.0,"turns":1.0},{"damage":0.0,"enemies":"2 Louse","floor":4.0,"turns":1.0},{"damage":0.0,"enemies":"Jaw Worm","floor":5.0,"turns":2.0},{"damage":51.0,"enemies":"Lagavulin","floor":6.0,"turns":10.0},{"damage":25.0,"enemies":"Exordium Thugs","floor":7.0,"turns":4.0},{"damage":13.0,"enemies":"Looter","floor":8.0,"turns":4.0},{"damage":0.0,"enemies":"Large Slime","floor":10.0,"turns":6.0},{"damage":0.0,"enemies":"3 Louse","floor":13.0,"turns":3.0},{"damage":2.0,"enemies":"Exordium Thugs","floor":14.0,"turns":5.0},{"damage":28.0,"enemies":"Hexaghost","floor":16.0,"turns":15.0},{"damage":24,"enemies":"Spheric Guardian","floor":18,"turns":4},{"damage":18,"enemies":"3 Byrds","floor":19,"turns":5},{"damage":2,"enemies":"Cultist and Chosen","floor":21,"turns":7},{"damage":27,"enemies":"Masked Bandits","floor":24,"turns":6},{"damage":8,"enemies":"Colosseum Slavers","floor":27,"turns":4},{"damage":12,"enemies":"Colosseum Nobs","floor":27,"turns":6},{"damage":0,"enemies":"Sentry and Sphere","floor":28,"turns":4},{"damage":3,"enemies":"Champ","floor":33,"turns":16},{"damage":0,"enemies":"3 Shapes","floor":35,"turns":3},{"damage":1,"enemies":"3 Darklings","floor":38,"turns":5}],"seed_played":"-5534974360555721196","potions_obtained":[{"floor":1.0,"key":"GamblersBrew"},{"floor":4.0,"key":"FairyPotion"},{"floor":7.0,"key":"BlessingOfTheForge"},{"floor":10.0,"key":"FairyPotion"},{"floor":14.0,"key":"Regen Potion"},{"floor":18,"key":"PowerPotion"},{"floor":19,"key":"SteroidPotion"},{"floor":24,"key":"PowerPotion"},{"floor":27,"key":"LiquidMemories"},{"floor":33,"key":"Strength Potion"}],"is_trial":false,"path_per_floor":["M","T","?","M","M","E","M","M","T","M","T","R","M","M","R","B",null,"M","M","?","M","?","R","?","R","T","?","M","R","$","$","R","B",null,"M","T","?","M"],"character_chosen":"The_Alterego","items_purchased":["Kunai","Dramatic Entrance","Bronze Scales","alterego_mod:SakuraFive"],"campfire_rested":0,"item_purchase_floors":[30,30,30,30],"current_hp_per_floor":[70,70,76,76,76,33,11,32,32,34,34,34,43,51,51,26,81,58,71,63,64,64,64,50,50,50,38,41,41,41,41,41,42,88,88,88,88,87,87],"gold":153,"neow_bonus":"THREE_ENEMY_KILL","is_daily":false,"chose_seed":false,"campfire_upgraded":4,"win_rate":0.0,"timestamp":1608365826,"path_taken":["M","?","?","?","M","E","M","M","T","M","?","R","M","M","R","BOSS","M","M","?","?","?","R","?","R","T","?","?","R","?","$","R","BOSS","M","?","?","M"],"items_purchased_type":["Relic","Card","Relic","Card"],"build_version":"2020-12-13","purchased_purges":1,"victory":false,"max_hp_per_floor":[70,70,76,76,76,77,78,79,79,79,79,79,79,80,80,81,81,82,83,83,84,84,84,85,85,85,87,87,87,87,87,87,88,88,88,88,88,88,88],"card_choices":[{"not_picked":["alterego_mod:RidiculouslyBig","alterego_mod:Pet"],"picked":"alterego_mod:MaintainEyeContact","floor":1.0},{"not_picked":["alterego_mod:GoddessCore","alterego_mod:BoobPocket"],"picked":"alterego_mod:BreastValley","floor":4.0},{"not_picked":["alterego_mod:Rip","alterego_mod:BeGentle"],"picked":"alterego_mod:Belle","floor":5.0},{"not_picked":["alterego_mod:DiscoLights","alterego_mod:PerceptionDisorder"],"picked":"alterego_mod:Birthday","floor":6.0},{"not_picked":["alterego_mod:Swimsuit","alterego_mod:DiscoLights","alterego_mod:Alter"],"picked":"SKIP","floor":7.0},{"not_picked":["alterego_mod:Complex","alterego_mod:Crossover"],"picked":"alterego_mod:Pet","floor":8.0},{"not_picked":["alterego_mod:MaintainEyeContact","alterego_mod:Skirt"],"picked":"alterego_mod:Pet","floor":10.0},{"not_picked":["alterego_mod:Lingerie","alterego_mod:Crossover"],"picked":"alterego_mod:ChallengeComplete","floor":13.0},{"not_picked":["alterego_mod:Punishment","alterego_mod:Bunnysuit","alterego_mod:Mirror"],"picked":"SKIP","floor":14.0},{"not_picked":["alterego_mod:PainIsPleasure","alterego_mod:RingBreak"],"picked":"alterego_mod:Venus","floor":16.0},{"not_picked":["alterego_mod:DiscoLights","alterego_mod:Skirt"],"picked":"alterego_mod:Valentines","floor":18},{"not_picked":["alterego_mod:PresenceConcealment","alterego_mod:Pet","alterego_mod:HighServant"],"picked":"SKIP","floor":19},{"not_picked":["alterego_mod:Rip+1","alterego_mod:Mirror+1"],"picked":"alterego_mod:ChallengeComplete","floor":21},{"not_picked":["alterego_mod:GoddessCore","alterego_mod:Nekomimi"],"picked":"alterego_mod:Undulate+1","floor":28},{"not_picked":["alterego_mod:Alter","alterego_mod:PainIsPleasure"],"picked":"alterego_mod:InsideBaseball","floor":33},{"not_picked":["alterego_mod:PurpleHair+1","alterego_mod:Cycle+1"],"picked":"alterego_mod:DeftHands+1","floor":35}],"player_experience":417329,"relics_obtained":[{"floor":2.0,"key":"War Paint"},{"floor":6.0,"key":"Akabeko"},{"floor":9.0,"key":"InkBottle"},{"floor":11.0,"key":"Gremlin Horn"},{"floor":24,"key":"Red Mask"},{"floor":26,"key":"Mercury Hourglass"},{"floor":27,"key":"Shovel"},{"floor":27,"key":"Bottled Lightning"},{"floor":29,"key":"Ornamental Fan"},{"floor":32,"key":"Molten Egg 2"},{"floor":36,"key":"Art of War"}],"event_choices":[{"damage_healed":0.0,"max_hp_gain":0.0,"max_hp_loss":0.0,"gold_gain":0.0,"event_name":"betterThird:BetterSerpent","player_choice":"RENOUNCE","floor":3.0,"gold_loss":166.0,"damage_taken":166.0,"cards_obtained":["Enlightenment"]},{"damage_healed":0,"gold_gain":75,"player_choice":"Touch","damage_taken":8,"max_hp_gain":0,"max_hp_loss":0,"event_name":"FaceTrader","floor":20,"gold_loss":0},{"cards_removed":["alterego_mod:Valentines"],"damage_healed":0,"gold_gain":0,"player_choice":"Gave Card","damage_taken":0,"relics_obtained":["WingedGreaves"],"max_hp_gain":0,"max_hp_loss":0,"event_name":"WeMeetAgain","floor":22,"gold_loss":0},{"damage_healed":0,"gold_gain":0,"player_choice":"Fought Bandits","damage_taken":0,"max_hp_gain":0,"max_hp_loss":0,"event_name":"Masked Bandits","floor":24,"gold_loss":0},{"damage_healed":0,"gold_gain":0,"player_choice":"Fight","damage_taken":0,"max_hp_gain":0,"max_hp_loss":0,"event_name":"Colosseum","floor":27,"gold_loss":0},{"damage_healed":0,"gold_gain":0,"player_choice":"Fought Nobs","damage_taken":0,"max_hp_gain":0,"max_hp_loss":0,"event_name":"Colosseum","floor":27,"gold_loss":0},{"damage_healed":0,"gold_gain":0,"player_choice":"4 cards matched","damage_taken":0,"max_hp_gain":0,"max_hp_loss":0,"event_name":"Match and Keep!","floor":37,"gold_loss":0,"cards_obtained":["alterego_mod:GoddessCore","alterego_mod:Clones","alterego_mod:STier","alterego_mod:BigMeatyClaws"]}],"is_beta":false,"boss_relics":[{"not_picked":["Pandora\u0027s Box","Runic Pyramid"],"picked":"Astrolabe"},{"not_picked":["Snecko Eye","Circlet"],"picked":"Black Star"}],"items_purged_floors":[30],"is_endless":false,"potions_floor_spawned":[1,4,7,10,14,18,19,24,27,33],"killed_by":"3 Darklings","ascension_level":0}}