{"host":"7yyoe0ei0fseceei","time":1608399520,"event":{"mods":["BaseMod","Colored Map","Highlight Path","Minty Spire (QoL Compilation)","Quick Restart"],"gold_per_floor":[119,134,144,219,199,199,224,224,250,83,115,179,206,219,219,219,219],"floor_reached":16,"playtime":481,"items_purged":[],"score":236,"play_id":"8ea6e3da-130d-4a4e-bc3f-53bd0b290c49","local_time":"20201219183840","is_ascension_mode":true,"campfire_choices":[{"data":"Dash","floor":6,"key":"SMITH"},{"data":"Dash","floor":8,"key":"SMITH"},{"floor":15,"key":"REST"}],"circlet_count":0,"master_deck":["AscendersBane","Strike_G","Strike_G","Strike_G","Strike_G","Strike_G","Defend_G","Defend_G","Defend_G","Defend_G","Defend_G","Survivor","Neutralize","Dash+1","Dash+1","Well Laid Plans","Expertise","Dash","Flying Knee","Setup"],"relics":["Philosopher\u0027s Stone","Oddly Smooth Stone","MealTicket","Juzu Bracelet","Lantern","Bottled Tornado"],"acts_visited":["Exordium"],"potions_floor_usage":[7,7,11,16],"damage_taken":[{"damage":2,"enemies":"Cultist","floor":1,"turns":5},{"damage":0,"enemies":"2 Louse","floor":2,"turns":2},{"damage":0,"enemies":"Small Slimes","floor":3,"turns":3},{"damage":12,"enemies":"Gremlin Nob","floor":7,"turns":4},{"damage":10,"enemies":"3 Sentries","floor":11,"turns":12},{"damage":25,"enemies":"Lagavulin","floor":13,"turns":8},{"damage":0,"enemies":"3 Louse","floor":14,"turns":3},{"damage":36,"enemies":"Hexaghost","floor":16,"turns":9}],"seed_played":"2033991217697140169","potions_obtained":[{"floor":1,"key":"Explosive Potion"},{"floor":3,"key":"Swift Potion"},{"floor":5,"key":"Explosive Potion"},{"floor":7,"key":"SkillPotion"},{"floor":14,"key":"Poison Potion"}],"is_trial":false,"path_per_floor":["M","M","M","?","?","R","E","R","T","$","E","?","E","M","R","B"],"character_chosen":"THE_SILENT","items_purchased":["Juzu Bracelet"],"campfire_rested":1,"item_purchase_floors":[10],"current_hp_per_floor":[57,57,57,46,46,46,34,34,34,49,39,39,14,14,33,0,0],"gold":219,"neow_bonus":"BOSS_RELIC","is_daily":false,"chose_seed":false,"campfire_upgraded":2,"win_rate":0.0,"timestamp":1608399520,"path_taken":["M","M","?","?","?","R","E","R","T","$","E","?","E","M","R","BOSS"],"items_purchased_type":["Relic"],"build_version":"2020-12-13","purchased_purges":0,"victory":false,"max_hp_per_floor":[66,66,66,66,66,66,66,66,66,66,66,66,66,66,66,66,66],"card_choices":[{"not_picked":["Terror","All Out Attack"],"picked":"Dash","floor":1},{"not_picked":["Poisoned Stab","Sucker Punch"],"picked":"Dash","floor":2},{"not_picked":["Flechettes","Poisoned Stab"],"picked":"Well Laid Plans","floor":3},{"not_picked":["Quick Slash","Flying Knee"],"picked":"Expertise","floor":7},{"not_picked":["Calculated Gamble","Burst"],"picked":"Dash","floor":11},{"not_picked":["Bane","Accuracy"],"picked":"Flying Knee","floor":13},{"not_picked":["Poisoned Stab","Dagger Spray"],"picked":"Setup","floor":14}],"player_experience":907835,"relics_obtained":[{"floor":7,"key":"Oddly Smooth Stone"},{"floor":9,"key":"MealTicket"},{"floor":11,"key":"Lantern"},{"floor":13,"key":"Bottled Tornado"}],"event_choices":[{"damage_healed":0,"gold_gain":75,"player_choice":"Gather Gold","damage_taken":11,"max_hp_gain":0,"max_hp_loss":0,"event_name":"World of Goop","floor":4,"gold_loss":0},{"damage_healed":0,"gold_gain":0,"player_choice":"Bought 1 Potion","damage_taken":0,"max_hp_gain":0,"max_hp_loss":0,"event_name":"The Woman in Blue","floor":5,"gold_loss":0},{"damage_healed":0,"gold_gain":64,"player_choice":"Gained Gold","damage_taken":0,"max_hp_gain":0,"max_hp_loss":0,"event_name":"Golden Wing","floor":12,"gold_loss":0}],"is_beta":false,"boss_relics":[],"items_purged_floors":[],"is_endless":false,"potions_floor_spawned":[1,3,7,14],"killed_by":"Hexaghost","ascension_level":20}}