{"host":"3mdjmozz5rahgtdc","time":1608386656,"event":{"mods":["AchievementEnabler","BaseMod","Better Silent Start","Better-Laid Plans","Colored Map","Colored Powertips","Custom Start","DeckTracker","Emptier Cage","KOR Keyword Fix","Keyboard Shortcuts","Minty Spire (QoL Compilation)","Permanent Neow","Quick Restart","StSLib","SuperFastMode"],"gold_per_floor":[119,133,146,71,71,71,89,89,89,101,127,139,185,217,229,343,355,355,355,355,355,355,355,355,355,355,355,355,355,154,79,79,79,79,79,29,29,29,29,29,29,29,29,29,29,29,29,29,29,29,29,29,29,29,29],"floor_reached":56,"playtime":1905,"items_purged":["Strike_P","Strike_P","Defend_P"],"score":1659,"play_id":"4618bac5-215c-4f3e-ac72-ac3369143eb2","local_time":"20201219230416","is_ascension_mode":true,"campfire_choices":[{"data":"Eruption","floor":6.0,"key":"SMITH"},{"data":"1","floor":8.0,"key":"LIFT"},{"data":"2","floor":12.0,"key":"LIFT"},{"floor":15.0,"key":"REST"},{"floor":23,"key":"REST"},{"data":"3","floor":25,"key":"LIFT"},{"data":"Scrawl","floor":32,"key":"SMITH"},{"data":"Scrawl","floor":41,"key":"SMITH"},{"floor":47,"key":"RECALL"},{"data":"Adaptation","floor":49,"key":"SMITH"},{"data":"Adaptation","floor":52,"key":"SMITH"}],"circlet_count":0,"master_deck":["Strike_P","Strike_P","Defend_P","Defend_P","Eruption+1","Vigilance","MasterReality","FearNoEvil","BowlingBash","TalkToTheHand","FlurryOfBlows","MentalFortress","InnerPeace","Scrawl+1","Adaptation+1","Adaptation+1","TalkToTheHand","Tantrum","Ghostly","Ghostly","Ghostly","Ghostly","Ghostly","Halt","Scrawl+1","Secret Technique","SashWhip+1"],"relics":["PureWater","Girya","Calipers","MawBank","Blue Candle","Ectoplasm","Smiling Mask","Lee\u0027s Waffle","Busted Crown","Blood Vial","Shuriken","Juzu Bracelet","Akabeko","Toy Ornithopter"],"acts_visited":["Exordium","TheCity","TheBeyond","TheEnding"],"potions_floor_usage":[22,55,55,55],"damage_taken":[{"damage":3.0,"enemies":"Cultist","floor":1.0,"turns":4.0},{"damage":2.0,"enemies":"Jaw Worm","floor":2.0,"turns":3.0},{"damage":3.0,"enemies":"Small Slimes","floor":3.0,"turns":2.0},{"damage":0.0,"enemies":"Looter","floor":7.0,"turns":3.0},{"damage":6.0,"enemies":"Blue Slaver","floor":10.0,"turns":4.0},{"damage":6.0,"enemies":"Gremlin Nob","floor":11.0,"turns":4.0},{"damage":10.0,"enemies":"3 Sentries","floor":13.0,"turns":6.0},{"damage":16.0,"enemies":"Exordium Wildlife","floor":14.0,"turns":2.0},{"damage":4.0,"enemies":"Hexaghost","floor":16.0,"turns":8.0},{"damage":8.0,"enemies":"Spheric Guardian","floor":18.0,"turns":5.0},{"damage":4.0,"enemies":"3 Byrds","floor":19.0,"turns":4.0},{"damage":13.0,"enemies":"Shelled Parasite and Fungi","floor":20.0,"turns":3.0},{"damage":23,"enemies":"Snake Plant","floor":22,"turns":4},{"damage":9,"enemies":"Centurion and Healer","floor":24,"turns":4},{"damage":2,"enemies":"Cultist and Chosen","floor":28,"turns":4},{"damage":0,"enemies":"Shelled Parasite and Fungi","floor":29,"turns":4},{"damage":3,"enemies":"Collector","floor":33,"turns":6},{"damage":1,"enemies":"Orb Walker","floor":35,"turns":2},{"damage":1,"enemies":"3 Darklings","floor":37,"turns":3},{"damage":1,"enemies":"Spire Growth","floor":38,"turns":5},{"damage":1,"enemies":"Reptomancer","floor":40,"turns":5},{"damage":0,"enemies":"Sphere and 2 Shapes","floor":42,"turns":4},{"damage":0,"enemies":"Giant Head","floor":44,"turns":4},{"damage":0,"enemies":"Reptomancer","floor":46,"turns":3},{"damage":2,"enemies":"Jaw Worm Horde","floor":48,"turns":3},{"damage":5,"enemies":"Awakened One","floor":50,"turns":6},{"damage":0,"enemies":"Shield and Spear","floor":54,"turns":5},{"damage":22,"enemies":"The Heart","floor":55,"turns":7}],"seed_played":"6272776616144256795","potions_obtained":[{"floor":1.0,"key":"Block Potion"},{"floor":7.0,"key":"AttackPotion"},{"floor":10.0,"key":"CultistPotion"},{"floor":14.0,"key":"Swift Potion"},{"floor":20.0,"key":"AttackPotion"},{"floor":22,"key":"Strength Potion"},{"floor":33,"key":"Weak Potion"},{"floor":40,"key":"Energy Potion"},{"floor":54,"key":"Dexterity Potion"}],"is_trial":false,"path_per_floor":["M","M","M","$","?","R","M","R","T","M","E","R","E","M","R","B",null,"M","M","M","?","M","R","M","R","T","?","M","M","$","?","R","B",null,"M","$","M","M","?","E","R","M","T","E","T","E","R","M","R","B",null,"R","$","E","B",null],"character_chosen":"WATCHER","items_purchased":["Lee\u0027s Waffle"],"campfire_rested":2,"item_purchase_floors":[30],"current_hp_per_floor":[62,60,57,57,39,39,39,39,39,33,27,27,17,1,22,18,59,51,47,34,34,11,32,23,23,23,23,21,21,43,43,43,40,42,41,41,40,39,39,38,38,40,40,42,42,43,43,41,41,38,42,42,42,43,26],"gold":29,"neow_bonus":"ONE_RANDOM_RARE_CARD","is_daily":false,"chose_seed":false,"campfire_upgraded":5,"win_rate":0.0,"timestamp":1608386656,"path_taken":["M","M","M","?","?","R","M","R","T","M","E","R","E","M","R","BOSS","M","M","M","?","M","R","M","R","T","?","M","M","$","?","R","BOSS","M","$","M","M","?","E","R","M","T","E","?","E","R","M","R","BOSS","R","$","E","BOSS"],"items_purchased_type":["Relic"],"build_version":"2020-12-13","purchased_purges":3,"victory":true,"max_hp_per_floor":[72,72,72,72,72,72,72,72,72,72,72,72,72,72,72,72,72,72,72,72,72,72,72,72,72,72,36,36,36,43,43,43,43,43,43,43,43,43,43,43,43,43,43,43,43,43,43,43,43,43,43,43,43,43,43],"card_choices":[{"not_picked":["Halt","FollowUp"],"picked":"FearNoEvil","floor":1.0},{"not_picked":["SandsOfTime","Halt"],"picked":"BowlingBash","floor":2.0},{"not_picked":["Halt","FollowUp"],"picked":"TalkToTheHand","floor":3.0},{"not_picked":["BowlingBash","Perseverance"],"picked":"FlurryOfBlows","floor":7.0},{"not_picked":["EmptyFist","WaveOfTheHand"],"picked":"MentalFortress","floor":10.0},{"not_picked":["Prostrate","EmptyBody"],"picked":"InnerPeace","floor":11.0},{"not_picked":["Judgement","SandsOfTime","SignatureMove"],"picked":"SKIP","floor":13.0},{"not_picked":["FlurryOfBlows","CutThroughFate","SandsOfTime"],"picked":"SKIP","floor":14.0},{"not_picked":["Ragnarok","ConjureBlade"],"picked":"Scrawl","floor":16.0},{"not_picked":["EmptyBody","FlyingSleeves+1","CutThroughFate"],"picked":"SKIP","floor":18.0},{"not_picked":["SashWhip","Nirvana"],"picked":"Adaptation","floor":19.0},{"not_picked":["Protect","Evaluate"],"picked":"Adaptation","floor":20.0},{"not_picked":["SashWhip","FollowUp"],"picked":"TalkToTheHand","floor":22},{"not_picked":["FlyingSleeves+1","CarveReality"],"picked":"Tantrum","floor":24},{"not_picked":["SashWhip","Pray","Swivel"],"picked":"SKIP","floor":28},{"not_picked":["Evaluate","Crescendo"],"picked":"Halt","floor":29},{"not_picked":["Blasphemy","ConjureBlade"],"picked":"Scrawl","floor":33},{"not_picked":["BowlingBash"],"picked":"SKIP","floor":35},{"not_picked":["WreathOfFlame"],"picked":"SKIP","floor":37},{"not_picked":["Sanctity"],"picked":"SKIP","floor":38},{"not_picked":[],"picked":"Secret Technique","floor":39},{"not_picked":["BowlingBash+1"],"picked":"SKIP","floor":40},{"not_picked":["BowlingBash"],"picked":"SKIP","floor":42},{"not_picked":[],"picked":"SashWhip+1","floor":44},{"not_picked":["Halt"],"picked":"SKIP","floor":46},{"not_picked":["Protect+1"],"picked":"SKIP","floor":48},{"not_picked":["Consecrate"],"picked":"SKIP","floor":54}],"player_experience":305593,"relics_obtained":[{"floor":9.0,"key":"Calipers"},{"floor":11.0,"key":"MawBank"},{"floor":13.0,"key":"Blue Candle"},{"floor":26,"key":"Smiling Mask"},{"floor":40,"key":"Blood Vial"},{"floor":44,"key":"Shuriken"},{"floor":45,"key":"Juzu Bracelet"},{"floor":46,"key":"Akabeko"},{"floor":54,"key":"Toy Ornithopter"}],"event_choices":[{"damage_healed":0.0,"max_hp_gain":0.0,"max_hp_loss":0.0,"gold_gain":0.0,"event_name":"Scrap Ooze","player_choice":"Success","floor":5.0,"gold_loss":0.0,"damage_taken":18.0,"relics_obtained":["Girya"]},{"damage_healed":0.0,"max_hp_gain":0.0,"max_hp_loss":0.0,"gold_gain":99.0,"event_name":"Nest","player_choice":"Stole From Cult","floor":21.0,"gold_loss":0.0,"damage_taken":0.0},{"damage_healed":0,"gold_gain":0,"player_choice":"Became a Ghost","damage_taken":0,"max_hp_gain":0,"max_hp_loss":36,"event_name":"Ghosts","floor":27,"gold_loss":0,"cards_obtained":["Ghostly","Ghostly","Ghostly","Ghostly","Ghostly"]},{"cards_removed":["Defend_P"],"damage_healed":0,"gold_gain":0,"player_choice":"Gave Gold","damage_taken":0,"max_hp_gain":0,"max_hp_loss":0,"event_name":"Beggar","floor":31,"gold_loss":75},{"damage_healed":0,"gold_gain":0,"player_choice":"Memory 1","damage_taken":0,"max_hp_gain":0,"max_hp_loss":0,"event_name":"SensoryStone","floor":39,"gold_loss":0}],"is_beta":false,"boss_relics":[{"not_picked":["Astrolabe","SacredBark"],"picked":"Ectoplasm"},{"not_picked":["SlaversCollar","Snecko Eye"],"picked":"Busted Crown"}],"items_purged_floors":[4,30,36],"is_endless":false,"potions_floor_spawned":[1,7,10,14,20,22,33,40,46,48,54],"ascension_level":6}}