{"host":"allmbduy0wevzqlm","time":1608349074,"event":{"mods":["2.2 Compatiblity","AchievementEnabler","BaseMod","DeckTracker","Highlight Path","Minty Spire (QoL Compilation)","Quick Restart","everything is the same but u backflip on backflip"],"gold_per_floor":[112,62,62,137,156,156,173,187,187,187,205,380,390,422,422,517,567,581,581,581,681,697,697,707,707,733,748,748,758,758,758],"floor_reached":30,"playtime":1672,"items_purged":[],"score":232,"play_id":"1f6228cf-9889-47c5-8ce1-d03f69ae8fe3","local_time":"20201219123754","is_ascension_mode":false,"campfire_choices":[{"data":"Bash","floor":6.0,"key":"SMITH"},{"data":"Anger","floor":10.0,"key":"SMITH"},{"data":"Rage","floor":15.0,"key":"SMITH"},{"data":"Juggernaut","floor":23,"key":"SMITH"},{"data":"Rage","floor":25,"key":"SMITH"}],"circlet_count":0,"master_deck":["Strike_R","Strike_R","Strike_R+1","Strike_R","Defend_R","Defend_R","Defend_R","Defend_R","Bash+1","Anger+1","Rage+1","Doubt","Juggernaut+1","Fiend Fire","Rage+1","Second Wind","Sentinel","Warcry+1"],"relics":["Burning Blood","PreservedInsect","Gremlin Horn","The Courier","Shuriken","Tiny House","Enchiridion","Ancient Tea Set","MutagenicStrength"],"acts_visited":["Exordium","TheCity"],"potions_floor_usage":[24,29,30,30],"damage_taken":[{"damage":4.0,"enemies":"2 Louse","floor":1.0,"turns":3.0},{"damage":6.0,"enemies":"Jaw Worm","floor":5.0,"turns":5.0},{"damage":0.0,"enemies":"Small Slimes","floor":7.0,"turns":2.0},{"damage":4.0,"enemies":"Blue Slaver","floor":8.0,"turns":3.0},{"damage":1.0,"enemies":"Large Slime","floor":11.0,"turns":5.0},{"damage":6.0,"enemies":"Lots of Slimes","floor":13.0,"turns":4.0},{"damage":7.0,"enemies":"3 Sentries","floor":14.0,"turns":4.0},{"damage":63.0,"enemies":"Hexaghost","floor":16.0,"turns":10.0},{"damage":20.0,"enemies":"Spheric Guardian","floor":18.0,"turns":5.0},{"damage":10,"enemies":"2 Thieves","floor":22,"turns":3},{"damage":31,"enemies":"Snake Plant","floor":24,"turns":5},{"damage":15,"enemies":"Cultist and Chosen","floor":27,"turns":5},{"damage":21,"enemies":"Snecko","floor":29,"turns":5},{"damage":18,"enemies":"3 Cultists","floor":30,"turns":4}],"seed_played":"-5953433348049185902","potions_obtained":[{"floor":5.0,"key":"CultistPotion"},{"floor":7.0,"key":"Fire Potion"},{"floor":8.0,"key":"CultistPotion"},{"floor":14.0,"key":"BloodPotion"},{"floor":29,"key":"Energy Potion"}],"is_trial":false,"path_per_floor":["M","?","T","?","M","R","M","M","T","R","M","?","M","E","R","B",null,"M","?","?","?","M","R","M","R","T","M","?","M","M"],"character_chosen":"IRONCLAD","items_purchased":[],"campfire_rested":0,"item_purchase_floors":[],"current_hp_per_floor":[80,80,80,69,69,69,75,77,77,77,80,80,80,79,79,22,85,71,55,55,55,51,51,43,43,43,34,34,19,1,1],"gold":758,"neow_bonus":"RANDOM_COMMON_RELIC","is_daily":false,"chose_seed":false,"campfire_upgraded":5,"win_rate":0.0,"timestamp":1608349074,"path_taken":["M","?","?","?","M","R","M","?","T","R","M","?","M","E","R","BOSS","M","?","?","?","M","R","M","R","T","?","?","M","M"],"items_purchased_type":[],"build_version":"2020-12-13","purchased_purges":0,"victory":false,"max_hp_per_floor":[80,80,80,80,80,80,80,80,80,80,80,80,80,80,80,80,85,85,85,85,85,85,85,85,85,85,85,85,85,85,85],"card_choices":[{"not_picked":["Twin Strike","Thunderclap","Entrench"],"picked":"SKIP","floor":1.0},{"not_picked":["Body Slam","Fire Breathing"],"picked":"Anger","floor":5.0},{"not_picked":["Wild Strike","Entrench","Inflame"],"picked":"SKIP","floor":7.0},{"not_picked":["Body Slam","True Grit","Iron Wave"],"picked":"SKIP","floor":8.0},{"not_picked":["Body Slam","True Grit","Iron Wave"],"picked":"SKIP","floor":8.0},{"not_picked":["Entrench","Clash"],"picked":"Rage","floor":11.0},{"not_picked":["Hemokinesis","Disarm"],"picked":"Juggernaut","floor":13.0},{"not_picked":["Uppercut","Flex","Dropkick"],"picked":"SKIP","floor":14.0},{"not_picked":["Limit Break","Exhume"],"picked":"Fiend Fire","floor":16.0},{"not_picked":["Power Through","Combust"],"picked":"Rage","floor":17.0},{"not_picked":["Cleave+1","Warcry","Burning Pact"],"picked":"SKIP","floor":18.0},{"not_picked":["Headbutt","Sword Boomerang"],"picked":"Sentinel","floor":22},{"not_picked":["Intimidate","Twin Strike","Havoc"],"picked":"SKIP","floor":24},{"not_picked":["Perfected Strike","Spot Weakness"],"picked":"Warcry+1","floor":27},{"not_picked":["Cleave+1","Whirlwind","Heavy Blade"],"picked":"SKIP","floor":29}],"player_experience":268655,"relics_obtained":[{"floor":3.0,"key":"Gremlin Horn"},{"floor":9.0,"key":"The Courier"},{"floor":14.0,"key":"Shuriken"},{"floor":19,"key":"Enchiridion"},{"floor":26,"key":"Ancient Tea Set"}],"event_choices":[{"cards_removed":["Strike_R"],"damage_healed":0.0,"max_hp_gain":0.0,"max_hp_loss":0.0,"gold_gain":0.0,"event_name":"The Cleric","player_choice":"Card Removal","floor":2.0,"gold_loss":50.0,"damage_taken":0.0},{"damage_healed":0.0,"max_hp_gain":0.0,"max_hp_loss":0.0,"gold_gain":75.0,"event_name":"World of Goop","player_choice":"Gather Gold","floor":4.0,"gold_loss":0.0,"damage_taken":11.0},{"damage_healed":0.0,"max_hp_gain":0.0,"max_hp_loss":0.0,"gold_gain":175.0,"event_name":"Liars Game","player_choice":"AGREE","floor":12.0,"gold_loss":0.0,"damage_taken":0.0,"cards_obtained":["Doubt"]},{"damage_healed":0,"gold_gain":0,"player_choice":"Obtained Book","damage_taken":16,"max_hp_gain":0,"max_hp_loss":0,"event_name":"Cursed Tome","floor":19,"gold_loss":0},{"damage_healed":0,"gold_gain":0,"player_choice":"Read","damage_taken":0,"max_hp_gain":0,"max_hp_loss":0,"event_name":"The Library","floor":20,"gold_loss":0,"cards_obtained":["Second Wind"]},{"damage_healed":0,"gold_gain":100,"player_choice":"Pray","damage_taken":0,"max_hp_gain":0,"max_hp_loss":0,"event_name":"Golden Shrine","floor":21,"gold_loss":0},{"damage_healed":0,"gold_gain":0,"player_choice":"Inject Mutagens","damage_taken":0,"relics_obtained":["MutagenicStrength"],"max_hp_gain":0,"max_hp_loss":0,"event_name":"Drug Dealer","floor":28,"gold_loss":0}],"is_beta":false,"boss_relics":[{"not_picked":["Runic Cube","Runic Dome"],"picked":"Tiny House"}],"items_purged_floors":[],"is_endless":false,"potions_floor_spawned":[5,7,8,14,22,29],"killed_by":"3 Cultists","ascension_level":0}}