{"host":"fo1pcjb7ykmk7tjo","time":1608389355,"event":{"mods":["BaseMod","Colored Map","Downfall","Hermit","Hubris","Infinite Spire","Marisa????????","Minty Spire (QoL Compilation)","Replay The Spire","StSLib","The Disciple","The Servant 0.9.4"],"gold_per_floor":[109,123,134,134,5,39,39,72,97,2,2,2,2,16,16,92,192,209,308,308,358,370,418,451,463,475,526,538,565,53,77,77,77,77],"floor_reached":33,"playtime":1234,"items_purged":["Defend_R","Looming Evil","Shame"],"score":520,"play_id":"24986784-df29-4f54-ab51-df7eb8c59770","local_time":"20201219154915","is_ascension_mode":true,"campfire_choices":[{"data":"Eruption","floor":7.0,"key":"SMITH"},{"floor":13.0,"key":"REST"},{"data":"Halt","floor":15.0,"key":"SMITH"},{"data":"Demon Form","floor":25.0,"key":"SMITH"},{"floor":32,"key":"REST"}],"circlet_count":0,"master_deck":["AscendersBane","Defend_R","Defend_R","infinitespire:OneForAll+1","Spot Weakness","ReplayTheSpireMod:Stacked","Eruption+1","Shrug It Off+1","Anger","Cleave","Halt+1","Sword Boomerang","Spot Weakness","Demon Form+1","Heavy Blade","Bite","Bite","Bite","Bite","Bite","Sword Boomerang","Flame Barrier","Clumsy","Sickly","infinitespire:Gouge","Mayhem","Secret Technique","Madness","Decay"],"relics":["Replay:M_SmolderingBlood","Snack Pack","Replay:Wax Seal","Whetstone","Replay:Wanted Poster","Ring of Hypnosis","Ring of Greed","Golden Idol","MawBank","Bottled Tornado","Pet Ghost","Strawberry","hubris:RunicObelisk","Replay:Bottled Steam","infinitespire:Satchel","Oddly Smooth Stone","ReplayTheSpireMod:ShopPack"],"acts_visited":["Exordium","TheCity"],"potions_floor_usage":[],"damage_taken":[{"damage":13.0,"enemies":"Jaw Worm","floor":1.0,"turns":4.0},{"damage":6.0,"enemies":"Cultist","floor":2.0,"turns":4.0},{"damage":2.0,"enemies":"2 Louse","floor":3.0,"turns":3.0},{"damage":26.0,"enemies":"3 Sentries","floor":6.0,"turns":9.0},{"damage":27.0,"enemies":"Lagavulin","floor":8.0,"turns":5.0},{"damage":0.0,"enemies":"2 Fungi Beasts","floor":14.0,"turns":2.0},{"damage":28.0,"enemies":"The Guardian","floor":16.0,"turns":7.0},{"damage":3.0,"enemies":"Spheric Guardian","floor":18.0,"turns":3.0},{"damage":10.0,"enemies":"Replay:Snechameleon","floor":23.0,"turns":5.0},{"damage":11.0,"enemies":"Chosen","floor":24.0,"turns":3.0},{"damage":33.0,"enemies":"Slavers","floor":27.0,"turns":3.0},{"damage":16.0,"enemies":"Centurion and Healer","floor":29.0,"turns":3.0},{"damage":18,"enemies":"Snecko","floor":31,"turns":3},{"damage":45,"enemies":"Collector","floor":33,"turns":3}],"seed_played":"-8028777943844090639","potions_obtained":[{"floor":2.0,"key":"Toxic Potion"},{"floor":3.0,"key":"Block Potion"},{"floor":8.0,"key":"Weak Potion"},{"floor":11.0,"key":"Regen Potion"},{"floor":11.0,"key":"EntropicBrew"},{"floor":16.0,"key":"Swift Potion"},{"floor":24.0,"key":"Fire Potion"},{"floor":27.0,"key":"hexamod:EctoCoolerPotion"}],"is_trial":false,"path_per_floor":["M","M","M","?","$","E","R","E","T","$","?","$","R","M","R","B",null,"M","?","?","?","?","E","M","R","T","E","AVR","M","$","M","R","B"],"character_chosen":"IRONCLAD","items_purchased":["Shrug It Off","Halt","Sword Boomerang","infinitespire:Satchel","Oddly Smooth Stone","ReplayTheSpireMod:ShopPack"],"campfire_rested":2,"item_purchase_floors":[5,10,10,30,30,30],"current_hp_per_floor":[61,61,65,65,65,39,39,18,18,18,18,18,38,40,40,32,59,58,58,58,58,47,45,40,40,40,31,31,19,19,7,23,0,0],"gold":77,"neow_bonus":"REMOVE_TWO","is_daily":false,"chose_seed":false,"campfire_upgraded":3,"win_rate":0.0,"timestamp":1608389355,"path_taken":["M","M","M","?","$","E","R","E","T","$","?","$","R","M","R","BOSS","M","?","?","?","?","E","M","R","T","E","AVR","M","$","M","R","BOSS"],"items_purchased_type":["Card","Card","Card","Relic","Relic","Relic"],"build_version":"2020-12-13","purchased_purges":3,"victory":false,"max_hp_per_floor":[68,68,68,68,68,68,68,68,68,68,68,68,68,68,68,68,68,68,68,68,68,47,47,47,47,47,54,54,54,54,54,54,54,54],"card_choices":[{"not_picked":["Second Wind","Body Slam"],"picked":"infinitespire:OneForAll","floor":1.0},{"not_picked":["Warcry","Pommel Strike"],"picked":"Spot Weakness","floor":2.0},{"not_picked":["ReplayTheSpireMod:Strike From Hell","Warcry"],"picked":"ReplayTheSpireMod:Stacked","floor":3.0},{"not_picked":["WreathOfFlame","Fire Breathing"],"picked":"Anger","floor":6.0},{"not_picked":["Sentinel","Entrench"],"picked":"Cleave","floor":8.0},{"not_picked":["Iron Wave","FollowUp"],"picked":"Spot Weakness","floor":14.0},{"not_picked":["Barricade","hubris:StunningStrike"],"picked":"Demon Form","floor":16.0},{"not_picked":["Clothesline","Combust"],"picked":"Heavy Blade","floor":18.0},{"not_picked":["Twin Strike","Rupture"],"picked":"Sword Boomerang","floor":23.0},{"not_picked":["Iron Wave","Body Slam"],"picked":"Flame Barrier","floor":24.0},{"not_picked":["hubris:StunningStrike","Replay:Undeath\u0027s Touch","BowlingBash"],"picked":"SKIP","floor":27.0},{"not_picked":["Twin Strike","Feel No Pain","ForeignInfluence"],"picked":"SKIP","floor":29.0},{"not_picked":["Master of Strategy","Magnetism"],"picked":"Mayhem","floor":30.0},{"not_picked":["Replay:BasicMightCard","Metamorphosis"],"picked":"Secret Technique","floor":30.0},{"not_picked":["expansioncontent:Sear","Swift Strike"],"picked":"Madness","floor":30.0},{"not_picked":["Heavy Blade","Uppercut","CrushJoints"],"picked":"SKIP","floor":31}],"player_experience":160601,"relics_obtained":[{"floor":6.0,"key":"Snack Pack"},{"floor":8.0,"key":"Replay:Wax Seal"},{"floor":9.0,"key":"Whetstone"},{"floor":21.0,"key":"Ring of Hypnosis"},{"floor":21.0,"key":"Ring of Greed"},{"floor":21.0,"key":"Golden Idol"},{"floor":21.0,"key":"MawBank"},{"floor":23.0,"key":"Bottled Tornado"},{"floor":26.0,"key":"Pet Ghost"},{"floor":27.0,"key":"Strawberry"}],"event_choices":[{"damage_healed":0.0,"max_hp_gain":0.0,"max_hp_loss":0.0,"gold_gain":0.0,"event_name":"Lab","player_choice":"Got Potions","floor":11.0,"gold_loss":0.0,"damage_taken":0.0},{"damage_healed":0.0,"max_hp_gain":0.0,"max_hp_loss":0.0,"gold_gain":99.0,"event_name":"Nest","player_choice":"Stole From Cult","floor":19.0,"gold_loss":0.0,"damage_taken":0.0},{"damage_healed":0.0,"max_hp_gain":0.0,"max_hp_loss":21.0,"gold_gain":0.0,"event_name":"Vampires","player_choice":"Became a vampire","floor":22.0,"gold_loss":0.0,"damage_taken":0.0,"cards_obtained":["Bite","Bite","Bite","Bite","Bite"]}],"is_beta":false,"boss_relics":[{"not_picked":["hubris:GrandSneckoEye","ReplayTheSpireMod:SealedPack"],"picked":"Replay:Wanted Poster"}],"items_purged_floors":[5,28,30],"is_endless":false,"potions_floor_spawned":[2,3,8,14,16,24,27],"killed_by":"Collector","ascension_level":14}}