{"host":"hp4podz600orhpf6","time":1608352052,"event":{"mods":["AlwaysNeverKeys","BaseMod","Better Match","Better Note","Block Reminder","DeckTracker","Hermit","Minty Spire (QoL Compilation)","Quick Restart","StSLib","The Cursed","The Hayseed"],"gold_per_floor":[119,27,27,47,57,89,101,131,166,209,235,247,259,288,300,407,419,413,435,123,136,146,146,146],"floor_reached":23,"playtime":1278,"items_purged":["Strike_G"],"score":311,"play_id":"4d7754a8-9ba3-4389-8c6d-8abe39781a9a","local_time":"20201218232732","is_ascension_mode":true,"campfire_choices":[{"data":"All Out Attack","floor":7.0,"key":"SMITH"},{"floor":12.0,"key":"REST"},{"floor":15.0,"key":"REST"}],"circlet_count":0,"master_deck":["Strike_G","Strike_G","Strike_G","Strike_G","Defend_G","Defend_G","Defend_G","Defend_G","Defend_G","Survivor","Neutralize","Flying Knee","Sucker Punch","Flash of Steel","Flying Knee","All Out Attack+1","Backflip+1","Heel Hook","Deadly Poison","Bane","Poisoned Stab","Wraith Form v2","Quick Slash","PiercingWail","Die Die Die"],"relics":["Ring of the Serpent","Tiny Chest","MawBank","Happy Flower","Blue Candle","Shuriken"],"acts_visited":["Exordium","TheCity"],"potions_floor_usage":[23],"damage_taken":[{"damage":5.0,"enemies":"Small Slimes","floor":1.0,"turns":5.0},{"damage":5.0,"enemies":"2 Louse","floor":4.0,"turns":2.0},{"damage":0.0,"enemies":"Cultist","floor":5.0,"turns":4.0},{"damage":21.0,"enemies":"Lagavulin","floor":6.0,"turns":8.0},{"damage":1.0,"enemies":"Blue Slaver","floor":8.0,"turns":4.0},{"damage":0.0,"enemies":"Gremlin Nob","floor":10.0,"turns":3.0},{"damage":3.0,"enemies":"Looter","floor":11.0,"turns":3.0},{"damage":15.0,"enemies":"Large Slime","floor":14.0,"turns":5.0},{"damage":54.0,"enemies":"The Guardian","floor":16.0,"turns":10.0},{"damage":17.0,"enemies":"2 Thieves","floor":18.0,"turns":4.0},{"damage":9.0,"enemies":"Shell Parasite","floor":19.0,"turns":7.0},{"damage":1.0,"enemies":"Centurion and Healer","floor":21.0,"turns":6.0},{"damage":1.0,"enemies":"Snecko","floor":22.0,"turns":4.0},{"damage":27,"enemies":"Slavers","floor":23,"turns":4}],"seed_played":"-4745876804000776370","potions_obtained":[{"floor":6.0,"key":"FearPotion"},{"floor":8.0,"key":"Block Potion"},{"floor":10.0,"key":"Regen Potion"},{"floor":19.0,"key":"Block Potion"},{"floor":22.0,"key":"Strength Potion"}],"is_trial":false,"path_per_floor":["M","$","?","M","M","E","R","M","T","E","M","R","?","M","R","B",null,"M","M","$","M","M","E"],"character_chosen":"THE_SILENT","items_purchased":["Flash of Steel","Shuriken"],"campfire_rested":2,"item_purchase_floors":[2,20],"current_hp_per_floor":[58,58,55,50,50,29,29,28,28,28,25,46,46,31,52,13,56,39,30,30,29,28,1,1],"gold":146,"neow_bonus":"THREE_CARDS","is_daily":false,"chose_seed":false,"campfire_upgraded":1,"win_rate":0.0,"timestamp":1608352052,"path_taken":["M","$","?","M","M","E","R","M","T","E","M","R","?","?","R","BOSS","M","M","$","M","M","E"],"items_purchased_type":["Card","Relic"],"build_version":"2020-12-13","purchased_purges":1,"victory":false,"max_hp_per_floor":[70,70,70,70,70,70,70,70,70,70,70,70,70,70,70,70,70,70,70,70,70,70,70,70],"card_choices":[{"not_picked":["Poisoned Stab","Infinite Blades"],"picked":"Flying Knee","floor":0.0},{"not_picked":["Deadly Poison","Cloak And Dagger"],"picked":"Sucker Punch","floor":1.0},{"not_picked":["Poisoned Stab","Bane"],"picked":"Flying Knee","floor":4.0},{"not_picked":["Sucker Punch","Dagger Throw"],"picked":"All Out Attack","floor":5.0},{"not_picked":["Eviscerate","Acrobatics"],"picked":"Backflip","floor":6.0},{"not_picked":["Deadly Poison","Escape Plan"],"picked":"Heel Hook","floor":8.0},{"not_picked":["Bane","Masterful Stab"],"picked":"Deadly Poison","floor":10.0},{"not_picked":["Cloak And Dagger","PiercingWail"],"picked":"Bane","floor":11.0},{"not_picked":["Tactician","Underhanded Strike"],"picked":"Poisoned Stab","floor":14.0},{"not_picked":["Adrenaline","Phantasmal Killer"],"picked":"Wraith Form v2","floor":16.0},{"not_picked":["Cloak And Dagger","Poisoned Stab+1"],"picked":"Quick Slash","floor":18.0},{"not_picked":["Deadly Poison","Dodge and Roll"],"picked":"PiercingWail","floor":19.0},{"not_picked":["Quick Slash","Poisoned Stab+1","Underhanded Strike"],"picked":"SKIP","floor":21.0},{"not_picked":["PiercingWail","Outmaneuver+1"],"picked":"Die Die Die","floor":22.0}],"player_experience":637672,"relics_obtained":[{"floor":6.0,"key":"MawBank"},{"floor":9.0,"key":"Happy Flower"},{"floor":10.0,"key":"Blue Candle"}],"event_choices":[{"damage_healed":0.0,"max_hp_gain":0.0,"max_hp_loss":0.0,"gold_gain":0.0,"event_name":"Scrap Ooze","player_choice":"Success","floor":3.0,"gold_loss":0.0,"damage_taken":3.0,"relics_obtained":["Tiny Chest"]},{"damage_healed":0.0,"max_hp_gain":0.0,"max_hp_loss":0.0,"gold_gain":0.0,"event_name":"Upgrade Shrine","player_choice":"Upgraded","floor":13.0,"gold_loss":0.0,"damage_taken":0.0,"cards_upgraded":["Backflip"]}],"is_beta":false,"boss_relics":[{"not_picked":["Astrolabe","SacredBark"],"picked":"Ring of the Serpent"}],"items_purged_floors":[20],"is_endless":false,"potions_floor_spawned":[6,8,10,19,22],"killed_by":"Slavers","ascension_level":7}}