{"host":"vumwfieg2b2mnrfl","time":1608414821,"event":{"mods":["AchievementEnabler","BaseMod","Minty Spire (QoL Compilation)","Rare Cards Sparkle","Relic Stats"],"gold_per_floor":[111,111,111,62,62,88,88,114,140,151,166,197,197,212,212,314,314,326,340,265,279,279,313,313,413,438,438,362,387,387,420,420,524,524,538,588,588,603,825,825,844,844,870,900,920,775,800,816,816,816],"floor_reached":51,"playtime":2426,"items_purged":["Pain"],"score":1125,"play_id":"c8bd175f-fb93-466f-8d0a-dbbf255685d6","local_time":"20201219155341","is_ascension_mode":true,"campfire_choices":[{"data":"Streamline","floor":7,"key":"SMITH"},{"data":"Tempest","floor":13,"key":"SMITH"},{"data":"Glacier","floor":15,"key":"SMITH"},{"floor":24,"key":"REST"},{"floor":27,"key":"REST"},{"data":"Seek","floor":30,"key":"SMITH"},{"floor":32,"key":"REST"},{"data":"Consume","floor":40,"key":"SMITH"},{"floor":42,"key":"REST"},{"floor":49,"key":"REST"}],"circlet_count":0,"master_deck":["Strike_B+1","Strike_B+1","Strike_B+1","Defend_B+1","Defend_B+1","Defend_B+1","Defend_B+1","Zap","Dualcast","Capacitor","Cold Snap","Streamline+1","Coolheaded","Rebound","Glacier+1","Tempest+1","BootSequence","Seek+1","Glacier+1","Ball Lightning","Thunder Strike","Consume+1","Consume","Seek","Ball Lightning","Barrage","Electrodynamics","Glacier+1","Thinking Ahead","Loop+1","Compile Driver+1","Chaos+1","Loop","Steam Power+1","Loop"],"relics":["Cracked Core","NeowsBlessing","Dream Catcher","Bag of Preparation","Lantern","Orichalcum","White Beast Statue","Inserter","Art of War","Juzu Bracelet","DataDisk","Red Mask","Cursed Key","Incense Burner","Centennial Puzzle","Sundial","Omamori"],"acts_visited":["Exordium","TheCity","TheBeyond"],"potions_floor_usage":[16,21,23,31,44,47,48],"damage_taken":[{"damage":0,"enemies":"Jaw Worm","floor":1,"turns":1},{"damage":0,"enemies":"3 Sentries","floor":6,"turns":1},{"damage":0,"enemies":"Lagavulin","floor":8,"turns":1},{"damage":0,"enemies":"2 Louse","floor":10,"turns":2},{"damage":0,"enemies":"Cultist","floor":11,"turns":2},{"damage":12,"enemies":"3 Sentries","floor":12,"turns":9},{"damage":7,"enemies":"Large Slime","floor":14,"turns":2},{"damage":4,"enemies":"Slime Boss","floor":16,"turns":12},{"damage":3,"enemies":"Spheric Guardian","floor":18,"turns":3},{"damage":13,"enemies":"Shell Parasite","floor":19,"turns":6},{"damage":11,"enemies":"Sentry and Sphere","floor":21,"turns":8},{"damage":30,"enemies":"Slavers","floor":23,"turns":8},{"damage":9,"enemies":"Book of Stabbing","floor":29,"turns":9},{"damage":25,"enemies":"Masked Bandits","floor":31,"turns":6},{"damage":51,"enemies":"Collector","floor":33,"turns":11},{"damage":3,"enemies":"3 Darklings","floor":35,"turns":3},{"damage":3,"enemies":"Mind Bloom Boss Battle","floor":36,"turns":5},{"damage":0,"enemies":"Orb Walker","floor":38,"turns":3},{"damage":2,"enemies":"3 Darklings","floor":41,"turns":3},{"damage":32,"enemies":"Giant Head","floor":44,"turns":9},{"damage":0,"enemies":"Maw","floor":45,"turns":10},{"damage":9,"enemies":"Reptomancer","floor":47,"turns":7},{"damage":0,"enemies":"Spire Growth","floor":48,"turns":5},{"damage":7,"enemies":"Time Eater","floor":50,"turns":13}],"seed_played":"-7890616939125112210","potions_obtained":[{"floor":1,"key":"AttackPotion"},{"floor":8,"key":"FocusPotion"},{"floor":10,"key":"Ancient Potion"},{"floor":14,"key":"Fire Potion"},{"floor":16,"key":"SneckoOil"},{"floor":21,"key":"SkillPotion"},{"floor":23,"key":"EssenceOfDarkness"},{"floor":31,"key":"FairyPotion"},{"floor":33,"key":"PowerPotion"},{"floor":44,"key":"Fruit Juice"},{"floor":45,"key":"DuplicationPotion"},{"floor":47,"key":"Ancient Potion"},{"floor":48,"key":"ColorlessPotion"}],"is_trial":false,"path_per_floor":["M","?","?","$","?","E","R","E","T","M","M","E","R","M","R","B",null,"M","M","?","M","?","E","R","?","T","R","$","E","R","?","R","B",null,"M","?","?","M","?","R","M","R","T","E","M","$","E","M","R","B",null],"character_chosen":"DEFECT","items_purchased":["Cold Snap","Seek","Loop"],"campfire_rested":5,"item_purchase_floors":[4,28,46],"current_hp_per_floor":[68,61,61,61,61,61,61,61,61,61,61,49,49,42,42,38,66,63,50,50,39,39,9,31,31,31,53,53,44,44,19,41,22,62,59,56,51,51,51,51,49,71,71,44,44,44,35,35,59,52],"gold":816,"neow_bonus":"THREE_ENEMY_KILL","is_daily":false,"chose_seed":false,"campfire_upgraded":5,"win_rate":0.0,"timestamp":1608414821,"path_taken":["M","?","?","$","?","E","R","E","T","M","M","E","R","M","R","BOSS","M","M","?","M","?","E","R","?","T","R","$","E","R","?","R","BOSS","M","?","?","M","?","R","M","R","T","E","M","$","E","M","R","BOSS"],"items_purchased_type":["Card","Card","Card"],"build_version":"2020-12-13","purchased_purges":1,"victory":true,"max_hp_per_floor":[75,75,75,75,75,75,75,75,75,75,75,75,75,75,75,75,75,75,75,75,75,75,75,75,75,75,75,75,75,75,75,75,75,75,75,75,75,75,75,75,75,75,75,80,80,80,80,80,80,80],"relic_stats":{"Dream Catcher":5,"Centennial Puzzle":[9],"Inserter":[54],"counters":[24,139],"Sundial":[2],"Bag of Preparation":[44],"Art of War":[23],"Juzu Bracelet":1,"Orichalcum":[162],"Cursed Key":1,"obtain_stats":[{"Lantern":8,"Inserter":17,"NeowsBlessing":0,"Bag of Preparation":6,"Juzu Bracelet":26,"Incense Burner":36,"Omamori":47,"Orichalcum":9,"Cursed Key":34,"White Beast Statue":12,"Dream Catcher":2,"DataDisk":29,"Centennial Puzzle":43,"Sundial":44,"Art of War":23,"Red Mask":31,"Cracked Core":0},{"Lantern":3,"Inserter":8,"NeowsBlessing":0,"Bag of Preparation":2,"Juzu Bracelet":12,"Incense Burner":17,"Omamori":22,"Orichalcum":3,"Cursed Key":15,"White Beast Statue":6,"Dream Catcher":1,"DataDisk":13,"Centennial Puzzle":19,"Sundial":20,"Art of War":12,"Red Mask":14,"Cracked Core":0},{"Lantern":3,"Inserter":30,"NeowsBlessing":0,"Bag of Preparation":2,"Juzu Bracelet":55,"Incense Burner":89,"Omamori":121,"Orichalcum":3,"Cursed Key":81,"White Beast Statue":16,"Dream Catcher":1,"DataDisk":64,"Centennial Puzzle":95,"Sundial":104,"Art of War":55,"Red Mask":70,"Cracked Core":0}]},"card_choices":[{"not_picked":["Auto Shields","Beam Cell"],"picked":"Capacitor","floor":1},{"not_picked":["Hello World","Gash"],"picked":"Streamline","floor":6},{"not_picked":["Chaos","Chill"],"picked":"Coolheaded","floor":8},{"not_picked":["Force Field","Redo"],"picked":"Rebound","floor":10},{"not_picked":["Beam Cell","Ball Lightning"],"picked":"Glacier","floor":11},{"not_picked":["Fission","Steam"],"picked":"Tempest","floor":12},{"not_picked":["Redo","Capacitor"],"picked":"BootSequence","floor":14},{"not_picked":["Meteor Strike","Buffer"],"picked":"Seek","floor":16},{"not_picked":["Barrage","Conserve Battery+1"],"picked":"Glacier+1","floor":18},{"not_picked":["Stack","Streamline","Coolheaded"],"picked":"SKIP","floor":19},{"not_picked":["Go for the Eyes","Cold Snap"],"picked":"Ball Lightning","floor":21},{"not_picked":["Reprogram","Undo"],"picked":"Thunder Strike","floor":23},{"not_picked":["Sweeping Beam+1","Static Discharge+1"],"picked":"Consume","floor":24},{"not_picked":["Sweeping Beam","Static Discharge"],"picked":"Consume","floor":27},{"not_picked":["Rebound","Turbo"],"picked":"Ball Lightning","floor":29},{"not_picked":["Stack","Ball Lightning"],"picked":"Barrage","floor":31},{"not_picked":["Creative AI","Meteor Strike"],"picked":"Electrodynamics","floor":33},{"not_picked":["Steam+1","Fusion+1"],"picked":"Glacier+1","floor":35},{"not_picked":["Flash of Steel","Swift Strike"],"picked":"Thinking Ahead","floor":37},{"not_picked":["Leap+1","Genetic Algorithm","Beam Cell+1"],"picked":"SKIP","floor":38},{"not_picked":["Go for the Eyes+1","Gash"],"picked":"Loop+1","floor":41},{"not_picked":["Sweeping Beam+1","Hello World"],"picked":"Compile Driver+1","floor":44},{"not_picked":["Barrage+1","Gash+1"],"picked":"Chaos+1","floor":45},{"not_picked":["Streamline+1","Conserve Battery"],"picked":"Steam Power+1","floor":47},{"not_picked":["Compile Driver+1","Conserve Battery+1"],"picked":"Loop","floor":48}],"player_experience":257279,"relics_obtained":[{"floor":6,"key":"Bag of Preparation"},{"floor":8,"key":"Lantern"},{"floor":9,"key":"Orichalcum"},{"floor":12,"key":"White Beast Statue"},{"floor":23,"key":"Art of War"},{"floor":26,"key":"Juzu Bracelet"},{"floor":29,"key":"DataDisk"},{"floor":31,"key":"Red Mask"},{"floor":36,"key":"Incense Burner"},{"floor":43,"key":"Centennial Puzzle"},{"floor":44,"key":"Sundial"},{"floor":47,"key":"Omamori"}],"event_choices":[{"damage_healed":0,"gold_gain":0,"player_choice":"Success","damage_taken":7,"relics_obtained":["Dream Catcher"],"max_hp_gain":0,"max_hp_loss":0,"event_name":"Scrap Ooze","floor":2,"gold_loss":0},{"damage_healed":0,"gold_gain":0,"cards_transformed":["Strike_B"],"player_choice":"Change","damage_taken":0,"max_hp_gain":0,"max_hp_loss":0,"event_name":"Living Wall","floor":3,"gold_loss":0,"cards_obtained":["Capacitor"]},{"damage_healed":0,"gold_gain":0,"player_choice":"Ignored","damage_taken":0,"max_hp_gain":0,"max_hp_loss":0,"event_name":"Golden Wing","floor":5,"gold_loss":0},{"cards_removed":["Capacitor"],"damage_healed":0,"gold_gain":0,"player_choice":"Gave Gold","damage_taken":0,"max_hp_gain":0,"max_hp_loss":0,"event_name":"Beggar","floor":20,"gold_loss":75},{"damage_healed":0,"gold_gain":0,"player_choice":"Simplicity","damage_taken":0,"max_hp_gain":0,"max_hp_loss":0,"event_name":"Back to Basics","floor":22,"gold_loss":0,"cards_upgraded":["Strike_B","Strike_B","Strike_B","Defend_B","Defend_B","Defend_B","Defend_B"]},{"damage_healed":0,"gold_gain":100,"player_choice":"Pray","damage_taken":0,"max_hp_gain":0,"max_hp_loss":0,"event_name":"Golden Shrine","floor":25,"gold_loss":0},{"damage_healed":0,"gold_gain":0,"player_choice":"Fought Bandits","damage_taken":0,"max_hp_gain":0,"max_hp_loss":0,"event_name":"Masked Bandits","floor":31,"gold_loss":0},{"damage_healed":0,"gold_gain":0,"player_choice":"Fight","damage_taken":0,"max_hp_gain":0,"max_hp_loss":0,"event_name":"MindBloom","floor":36,"gold_loss":0},{"damage_healed":0,"gold_gain":0,"player_choice":"Memory 2","damage_taken":5,"max_hp_gain":0,"max_hp_loss":0,"event_name":"SensoryStone","floor":37,"gold_loss":0},{"damage_healed":0,"gold_gain":222,"player_choice":"Wore Mask","damage_taken":0,"max_hp_gain":0,"max_hp_loss":0,"event_name":"Tomb of Lord Red Mask","floor":39,"gold_loss":0}],"is_beta":false,"boss_relics":[{"not_picked":["Runic Dome","Runic Pyramid"],"picked":"Inserter"},{"not_picked":["FrozenCore","Snecko Eye"],"picked":"Cursed Key"}],"items_purged_floors":[46],"is_endless":false,"potions_floor_spawned":[1,8,10,12,14,16,18,19,21,23,29,31,33,35,36,38,41,44,45,47,48],"ascension_level":7}}