{"host":"pmjhag63emupgley","time":1608338416,"event":{"mods":["AchievementEnabler","BaseMod","Colored Map","Colored Powertips","Minty Spire (QoL Compilation)","Relic Stats"],"gold_per_floor":[118,118,132,16,28,28,53,53,53,72,104,116,116,144,144,239,239,259,271,107,107,120,120,148,148,199,199,219,219,219],"floor_reached":29,"playtime":942,"items_purged":[],"score":393,"play_id":"13050a21-82c1-4307-b08b-eb88970c7fba","local_time":"20201219084016","is_ascension_mode":true,"campfire_choices":[{"data":"Whirlwind","floor":6.0,"key":"SMITH"},{"floor":8.0,"key":"REST"},{"floor":13.0,"key":"REST"},{"data":"Rupture","floor":15.0,"key":"SMITH"},{"data":"Dark Embrace","floor":23.0,"key":"SMITH"},{"floor":25.0,"key":"REST"},{"data":"Impervious","floor":27.0,"key":"SMITH"}],"circlet_count":0,"master_deck":["Strike_R","Strike_R","Strike_R","Strike_R","Strike_R","Defend_R","Defend_R","Defend_R","Defend_R","Bash+1","Iron Wave","Shrug It Off","Uppercut","Dark Embrace+1","Whirlwind+1","Blood for Blood","Regret","Shrug It Off","Dropkick","Shrug It Off","Rupture+1","Impervious+1","CurseOfTheBell","Twin Strike+1","Reaper","Sword Boomerang","Regret","Spot Weakness+1"],"relics":["Cursed Key","Self Forming Clay","FossilizedHelix","Sundial","Darkstone Periapt","Calling Bell","Toy Ornithopter","Meat on the Bone","Ginger","Blood Vial","Strawberry"],"acts_visited":["Exordium","TheCity"],"potions_floor_usage":[],"damage_taken":[{"damage":2.0,"enemies":"Jaw Worm","floor":1.0,"turns":3.0},{"damage":0.0,"enemies":"Cultist","floor":3.0,"turns":2.0},{"damage":0.0,"enemies":"Small Slimes","floor":5.0,"turns":3.0},{"damage":27.0,"enemies":"Lagavulin","floor":7.0,"turns":5.0},{"damage":0.0,"enemies":"Looter","floor":10.0,"turns":4.0},{"damage":15.0,"enemies":"3 Sentries","floor":11.0,"turns":3.0},{"damage":10.0,"enemies":"Exordium Thugs","floor":12.0,"turns":3.0},{"damage":9.0,"enemies":"Lagavulin","floor":14.0,"turns":6.0},{"damage":18.0,"enemies":"Hexaghost","floor":16.0,"turns":9.0},{"damage":18.0,"enemies":"2 Thieves","floor":18.0,"turns":4.0},{"damage":5.0,"enemies":"3 Byrds","floor":19.0,"turns":6.0},{"damage":27.0,"enemies":"Snecko","floor":22.0,"turns":5.0},{"damage":55.0,"enemies":"Book of Stabbing","floor":24.0,"turns":6.0},{"damage":56.0,"enemies":"Snake Plant","floor":28.0,"turns":7.0},{"damage":51,"enemies":"Colosseum Slavers","floor":29,"turns":4}],"seed_played":"2840072779144451624","potions_obtained":[{"floor":3.0,"key":"Energy Potion"},{"floor":7.0,"key":"EntropicBrew"},{"floor":10.0,"key":"SteroidPotion"},{"floor":11.0,"key":"Ancient Potion"},{"floor":12.0,"key":"EssenceOfSteel"},{"floor":19.0,"key":"ColorlessPotion"}],"is_trial":false,"path_per_floor":["M","?","M","$","M","R","E","R","T","M","E","M","R","E","R","B",null,"M","M","$","?","M","R","E","R","T","R","M","?"],"character_chosen":"IRONCLAD","items_purchased":["Uppercut","Dark Embrace","Reaper"],"campfire_rested":3,"item_purchase_floors":[4,4,20],"current_hp_per_floor":[70,70,70,70,70,70,43,67,67,67,52,42,66,57,57,39,76,63,58,58,58,48,48,24,49,62,62,26,0,0],"gold":219,"neow_bonus":"BOSS_RELIC","is_daily":false,"chose_seed":false,"campfire_upgraded":4,"win_rate":0.0,"timestamp":1608338416,"path_taken":["M","?","M","$","M","R","E","R","T","?","E","M","R","E","R","BOSS","M","M","$","?","M","R","E","R","T","R","?","?"],"items_purchased_type":["Card","Card","Card"],"build_version":"2020-12-13","purchased_purges":0,"victory":false,"max_hp_per_floor":[80,80,80,80,80,80,80,80,80,80,80,80,80,80,80,80,86,86,86,86,86,86,86,86,86,99,99,99,99,99],"relic_stats":{"Darkstone Periapt":12,"Blood Vial":4,"counters":[15,70],"Self Forming Clay":[120],"Sundial":[4],"Ginger":[6],"Cursed Key":2,"obtain_stats":[{"Darkstone Periapt":14,"Calling Bell":17,"Blood Vial":24,"Self Forming Clay":7,"Sundial":11,"Strawberry":26,"Ginger":17,"Cursed Key":0,"Burning Blood":0,"FossilizedHelix":9,"Toy Ornithopter":17,"Meat on the Bone":17},{"Darkstone Periapt":8,"Calling Bell":9,"Blood Vial":13,"Self Forming Clay":4,"Sundial":6,"Strawberry":13,"Ginger":9,"Cursed Key":0,"Burning Blood":0,"FossilizedHelix":4,"Toy Ornithopter":9,"Meat on the Bone":9},{"Darkstone Periapt":29,"Calling Bell":38,"Blood Vial":59,"Self Forming Clay":13,"Sundial":20,"Strawberry":59,"Ginger":38,"Cursed Key":0,"Burning Blood":0,"FossilizedHelix":13,"Toy Ornithopter":38,"Meat on the Bone":38}],"Toy Ornithopter":25,"Meat on the Bone":36},"card_choices":[{"not_picked":["Twin Strike","Wild Strike"],"picked":"Iron Wave","floor":1.0},{"not_picked":["Clash","Infernal Blade"],"picked":"Shrug It Off","floor":3.0},{"not_picked":["Thunderclap","Dual Wield"],"picked":"Whirlwind","floor":5.0},{"not_picked":["Flame Barrier","Wild Strike"],"picked":"Blood for Blood","floor":7.0},{"not_picked":["Heavy Blade","Cleave"],"picked":"Shrug It Off","floor":10.0},{"not_picked":["Warcry","Exhume"],"picked":"Dropkick","floor":11.0},{"not_picked":["Twin Strike","Ghostly Armor"],"picked":"Shrug It Off","floor":12.0},{"not_picked":["Twin Strike","Searing Blow"],"picked":"Rupture","floor":14.0},{"not_picked":["Double Tap","Barricade"],"picked":"Impervious","floor":16.0},{"not_picked":["Twin Strike","Sentinel","Wild Strike+1"],"picked":"SKIP","floor":18.0},{"not_picked":["Clothesline","Perfected Strike"],"picked":"Twin Strike+1","floor":19.0},{"not_picked":["Inflame","Metallicize"],"picked":"Sword Boomerang","floor":22.0},{"not_picked":["Wild Strike","Dropkick","Shrug It Off"],"picked":"SKIP","floor":24.0},{"not_picked":["Havoc","Burning Pact"],"picked":"Spot Weakness+1","floor":28.0}],"player_experience":390075,"relics_obtained":[{"floor":7.0,"key":"Self Forming Clay"},{"floor":9.0,"key":"FossilizedHelix"},{"floor":11.0,"key":"Sundial"},{"floor":14.0,"key":"Darkstone Periapt"},{"floor":17.0,"key":"Toy Ornithopter"},{"floor":17.0,"key":"Meat on the Bone"},{"floor":17.0,"key":"Ginger"},{"floor":24.0,"key":"Blood Vial"},{"floor":26.0,"key":"Strawberry"}],"event_choices":[{"damage_healed":0.0,"max_hp_gain":0.0,"max_hp_loss":0.0,"gold_gain":0.0,"event_name":"Upgrade Shrine","player_choice":"Upgraded","floor":2.0,"gold_loss":0.0,"damage_taken":0.0,"cards_upgraded":["Bash"]},{"damage_healed":0.0,"max_hp_gain":0.0,"max_hp_loss":0.0,"gold_gain":0.0,"event_name":"Fountain of Cleansing","player_choice":"Ignored","floor":21.0,"gold_loss":0.0,"damage_taken":0.0},{"damage_healed":0,"gold_gain":0,"player_choice":"Fight","damage_taken":0,"max_hp_gain":0,"max_hp_loss":0,"event_name":"Colosseum","floor":29,"gold_loss":0}],"is_beta":false,"boss_relics":[{"not_picked":["SacredBark","Snecko Eye"],"picked":"Calling Bell"}],"items_purged_floors":[],"is_endless":false,"potions_floor_spawned":[3,7,10,11,12,19],"killed_by":"Colosseum Slavers","ascension_level":8}}