{"host":"n23juj4d9qam5hh1","time":1608370818,"event":{"mods":["BaseMod","Better Note","BetterRewards","Infinite Spire","Minty Spire (QoL Compilation)","Relic Stats","StSLib"],"gold_per_floor":[117,117,117,137,137,137,163,174,244,244,94,104,121,138,138,241,241,260,271,281,301,226,226,237,237,264,274,120,150,150,165,165,165,165],"floor_reached":33,"playtime":1267,"items_purged":["Defend_R"],"score":326,"play_id":"e640a129-ef5e-44c7-87d1-c4a569d62531","local_time":"20201219044018","is_ascension_mode":true,"campfire_choices":[{"floor":6,"key":"REST"},{"data":"infinitespire:Punishment","floor":15,"key":"SMITH"},{"floor":23,"key":"REST"},{"data":"Limit Break","floor":25,"key":"SMITH"},{"floor":30,"key":"REST"},{"floor":32,"key":"REST"}],"circlet_count":0,"master_deck":["Strike_R+1","Defend_R","Defend_R","Defend_R","Bash","Fire Breathing+1","infinitespire:Punishment+1","Anger","Sword Boomerang","Carnage","Shrug It Off","Spot Weakness","Metallicize+1","Limit Break+1","Clothesline+1","Fiend Fire+1","Reckless Charge+1","Ghostly Armor","Evolve+1","Feel No Pain+1","Shockwave+1","Heavy Blade+1"],"relics":["Burning Blood","NeowsBlessing","Boot","Frozen Egg 2","Astrolabe","Red Skull","MealTicket","PreservedInsect"],"acts_visited":["Exordium","TheCity"],"potions_floor_usage":[14,14,33],"damage_taken":[{"damage":0,"enemies":"Jaw Worm","floor":1,"turns":1},{"damage":0,"enemies":"Small Slimes","floor":4,"turns":1},{"damage":0,"enemies":"Lagavulin","floor":7,"turns":1},{"damage":0,"enemies":"Cultist","floor":8,"turns":2},{"damage":10,"enemies":"3 Louse","floor":12,"turns":4},{"damage":8,"enemies":"Large Slime","floor":13,"turns":3},{"damage":3,"enemies":"Lots of Slimes","floor":14,"turns":5},{"damage":47,"enemies":"Hexaghost","floor":16,"turns":8},{"damage":8,"enemies":"Shell Parasite","floor":18,"turns":4},{"damage":9,"enemies":"3 Byrds","floor":19,"turns":4},{"damage":27,"enemies":"Centurion and Healer","floor":20,"turns":3},{"damage":22,"enemies":"Shelled Parasite and Fungi","floor":21,"turns":4},{"damage":18,"enemies":"3 Cultists","floor":24,"turns":5},{"damage":3,"enemies":"Snecko","floor":27,"turns":5},{"damage":21,"enemies":"Book of Stabbing","floor":29,"turns":4},{"damage":20,"enemies":"Cultist and Chosen","floor":31,"turns":6},{"damage":77,"enemies":"Automaton","floor":33,"turns":6}],"seed_played":"-5544282479876930230","potions_obtained":[{"floor":1,"key":"EssenceOfSteel"},{"floor":8,"key":"ColorlessPotion"},{"floor":12,"key":"SkillPotion"},{"floor":19,"key":"Fire Potion"},{"floor":21,"key":"Ancient Potion"},{"floor":24,"key":"PowerPotion"}],"is_trial":false,"path_per_floor":["M","?","?","M","?","R","E","M","T","?","$","M","M","M","R","B",null,"M","M","M","M","$","R","M","R","T","M","$","E","R","M","R","B"],"character_chosen":"IRONCLAD","items_purchased":["Spot Weakness","Metallicize+1","MealTicket"],"campfire_rested":4,"item_purchase_floors":[11,11,28],"current_hp_per_floor":[80,60,60,66,50,74,80,80,80,80,80,76,74,77,77,36,80,78,75,54,38,38,62,50,50,50,53,53,38,62,48,72,0,0],"gold":165,"neow_bonus":"THREE_ENEMY_KILL","is_daily":false,"chose_seed":false,"campfire_upgraded":2,"win_rate":0.0,"timestamp":1608370818,"path_taken":["M","?","?","?","?","R","E","M","T","?","$","M","M","M","R","BOSS","M","M","M","M","$","R","?","R","T","M","$","E","R","M","R","BOSS"],"items_purchased_type":["Card","Card","Relic"],"build_version":"2020-12-13","purchased_purges":1,"victory":false,"max_hp_per_floor":[80,80,80,80,80,80,80,80,80,80,80,80,80,80,80,80,80,80,80,80,80,80,80,80,80,80,80,80,80,80,80,80,80,80],"relic_stats":{"counters":[17,66],"Astrolabe":["Clothesline","Fiend Fire","Reckless Charge"],"MealTicket":0,"PreservedInsect":0,"Boot":[30],"obtain_stats":[{"NeowsBlessing":0,"Astrolabe":17,"MealTicket":28,"PreservedInsect":29,"Frozen Egg 2":9,"Boot":7,"Burning Blood":0,"Red Skull":26},{"NeowsBlessing":0,"Astrolabe":8,"MealTicket":14,"PreservedInsect":15,"Frozen Egg 2":4,"Boot":3,"Burning Blood":0,"Red Skull":13},{"NeowsBlessing":0,"Astrolabe":25,"MealTicket":50,"PreservedInsect":54,"Frozen Egg 2":5,"Boot":3,"Burning Blood":0,"Red Skull":45}],"Burning Blood":84},"card_choices":[{"not_picked":["Perfected Strike","Uppercut"],"picked":"Fire Breathing","floor":1},{"not_picked":["infinitespire:Execution","infinitespire:SealOfDarkness+"],"picked":"infinitespire:Punishment","floor":2},{"not_picked":["Anger","Thunderclap"],"picked":"Sword Boomerang","floor":4},{"not_picked":["Pommel Strike","True Grit"],"picked":"Carnage","floor":7},{"not_picked":["Armaments","Anger"],"picked":"Shrug It Off","floor":8},{"not_picked":["Spot Weakness","Flex","Body Slam"],"picked":"SKIP","floor":12},{"not_picked":["Pummel","Rampage","Infernal Blade"],"picked":"SKIP","floor":13},{"not_picked":["Spot Weakness","Headbutt","Body Slam"],"picked":"SKIP","floor":14},{"not_picked":["Brutality+1","Bludgeon"],"picked":"Limit Break","floor":16},{"not_picked":["Sword Boomerang","Heavy Blade+1"],"picked":"Ghostly Armor","floor":18},{"not_picked":["Clothesline","Thunderclap+1","Pommel Strike+1"],"picked":"SKIP","floor":19},{"not_picked":["Anger","Rupture+1"],"picked":"Evolve+1","floor":20},{"not_picked":["Power Through","Shockwave"],"picked":"Feel No Pain+1","floor":21},{"not_picked":["Havoc","Clothesline+1"],"picked":"Shockwave+1","floor":24},{"not_picked":["Clash","Perfected Strike","Warcry"],"picked":"SKIP","floor":27},{"not_picked":["Headbutt","Searing Blow+1","Wild Strike"],"picked":"SKIP","floor":29},{"not_picked":["Twin Strike","Havoc"],"picked":"Heavy Blade+1","floor":31}],"player_experience":177875,"relics_obtained":[{"floor":7,"key":"Boot"},{"floor":9,"key":"Frozen Egg 2"},{"floor":26,"key":"Red Skull"},{"floor":29,"key":"PreservedInsect"}],"event_choices":[{"damage_healed":0,"gold_gain":0,"cards_transformed":["Strike_R"],"player_choice":"Transformed","damage_taken":0,"max_hp_gain":0,"max_hp_loss":0,"event_name":"Transmorgrifier","floor":3,"gold_loss":0,"cards_obtained":["Anger"]},{"damage_healed":0,"gold_gain":0,"player_choice":"Entered Light","damage_taken":16,"max_hp_gain":0,"max_hp_loss":0,"event_name":"Shining Light","floor":5,"gold_loss":0,"cards_upgraded":["Strike_R","Fire Breathing"]},{"damage_healed":0,"gold_gain":0,"player_choice":"Bought 0 Potions","damage_taken":0,"max_hp_gain":0,"max_hp_loss":0,"event_name":"The Woman in Blue","floor":10,"gold_loss":0}],"is_beta":false,"boss_relics":[{"not_picked":["infinitespire:Burning Sword","Snecko Eye"],"picked":"Astrolabe"}],"items_purged_floors":[22],"is_endless":false,"potions_floor_spawned":[1,8,12,19,21,24,27],"killed_by":"Automaton","ascension_level":2}}