{"host":"m6aaltr68g9tvoay","time":1608358812,"event":{"mods":["AchievementEnabler","BaseMod","Colored Map","Minty Spire (QoL Compilation)","StSLib"],"gold_per_floor":[20,33,33,33,45,45,76,93,93,93,93],"floor_reached":10,"playtime":333,"items_purged":[],"score":133,"play_id":"26e33ce5-4401-4343-b7a1-ead20f9a97f1","local_time":"20201218222012","is_ascension_mode":true,"campfire_choices":[{"data":"Night Terror","floor":6,"key":"SMITH"}],"circlet_count":0,"master_deck":["AscendersBane","Strike_G","Strike_G","Strike_G","Strike_G","Strike_G","Defend_G","Defend_G","Defend_G","Defend_G","Survivor","Neutralize","Night Terror+1","Flying Knee","Quick Slash","Dagger Spray","Dagger Spray","Dash","Backflip"],"relics":["Ring of the Snake","Eternal Feather","White Beast Statue"],"acts_visited":["Exordium"],"potions_floor_usage":[7,10],"damage_taken":[{"damage":11,"enemies":"Small Slimes","floor":1,"turns":6},{"damage":2,"enemies":"2 Louse","floor":2,"turns":4},{"damage":1,"enemies":"Cultist","floor":5,"turns":3},{"damage":22,"enemies":"3 Sentries","floor":7,"turns":6},{"damage":9,"enemies":"Looter","floor":8,"turns":3},{"damage":30,"enemies":"Lagavulin","floor":10,"turns":5}],"seed_played":"-3054437594334181872","potions_obtained":[{"floor":1,"key":"DistilledChaos"},{"floor":8,"key":"CultistPotion"}],"is_trial":false,"path_per_floor":["M","M","$","?","M","R","E","M","T","E"],"character_chosen":"THE_SILENT","items_purchased":[],"campfire_rested":0,"item_purchase_floors":[],"current_hp_per_floor":[48,46,46,46,45,45,23,14,14,0,0],"gold":93,"neow_bonus":"THREE_RARE_CARDS","is_daily":false,"chose_seed":false,"campfire_upgraded":1,"win_rate":0.0,"timestamp":1608358812,"path_taken":["M","M","$","?","M","R","E","M","T","E"],"items_purchased_type":[],"build_version":"2020-12-13","purchased_purges":0,"victory":false,"max_hp_per_floor":[66,66,66,66,66,66,66,66,66,66,66],"card_choices":[{"not_picked":["Tools of the Trade","Grand Finale"],"picked":"Night Terror","floor":0},{"not_picked":["Tactician","Dagger Throw"],"picked":"Flying Knee","floor":1},{"not_picked":["Underhanded Strike","Grand Finale"],"picked":"Quick Slash","floor":2},{"not_picked":["Predator","Prepared"],"picked":"Dagger Spray","floor":5},{"not_picked":["Tactician","Bane"],"picked":"Dash","floor":7},{"not_picked":["Acrobatics","Flying Knee"],"picked":"Backflip","floor":8}],"player_experience":1260693,"relics_obtained":[{"floor":7,"key":"Eternal Feather"},{"floor":9,"key":"White Beast Statue"}],"event_choices":[{"damage_healed":0,"gold_gain":0,"cards_transformed":["Defend_G"],"player_choice":"Change","damage_taken":0,"max_hp_gain":0,"max_hp_loss":0,"event_name":"Living Wall","floor":4,"gold_loss":0,"cards_obtained":["Dagger Spray"]}],"is_beta":false,"boss_relics":[],"items_purged_floors":[],"is_endless":false,"potions_floor_spawned":[1,8],"killed_by":"Lagavulin","ascension_level":19}}