{"host":"hfvpa4llnnjpeawn","time":1608356098,"event":{"mods":["2.2 Compatiblity","AchievementEnabler","Act Like it!","Aspiration","Bard","BaseMod","Beaked The Cultist","Better Skull","Better Third Choice","BetterRewards","CapriCore","Conspire","Downfall","Elementarium","Energized Spire","Hermit","Hubris","Jorbs\u0027s Wanderer Trilogy","Koishi","Lobotomy","Minty Spire (QoL Compilation)","Replay The Spire","Shade Mod","Spicy Shops","StSLib","The Bladedancer","The Factory","The Gatherer","The Jungle","Waifu the Spire","Wandering Minibosses"],"gold_per_floor":[117,136,154,33,33,58,58,92,92,122,122,122,122,222,222,322,322,338,79,95,95,126,126,153,153,153],"floor_reached":25,"playtime":1782,"items_purged":[],"score":284,"play_id":"377a5bc4-d18c-4e6a-b06d-9a1ffc07f800","local_time":"20201219003458","is_ascension_mode":true,"campfire_choices":[{"floor":7,"key":"REST"},{"data":"Catalyst","floor":11,"key":"SMITH"},{"data":"Transmutation","floor":13,"key":"SMITH"},{"floor":15,"key":"REST"},{"data":"aspiration:Lunge","floor":23,"key":"SMITH"}],"circlet_count":0,"master_deck":["Strike_G","Strike_G","Strike_G","Strike_G","Strike_G","Defend_G","Defend_G","Defend_G","Defend_G","Defend_G","Survivor","Neutralize","FieryBird","VoidDream","Catalyst+1","UniverseFragment","Crippling Poison+1","Transmutation+1","expansioncontent:Collect","expansioncontent:TimeRipple","OldLady","Sucker Punch","Setup","Bloodbath","WallGazer","Distraction","HeroicMonk","aspiration:Lunge+1","Backflip+1","BigBird","Atom Bomb+1","SpiderBud","Accuracy","DreamingCurrent","Bullet Time","Scarecrow"],"relics":["Ring of the Snake","CogitoBucket","ReplayTheSpireMod:ShopPack","Gambling Chip","Blood Vial","conspire:DeflatedDodgeball","Juzu Bracelet","energizedSpire:DeadBattery","ChangeAnything","Pen Nib","The Specimen","Regal Pillow"],"acts_visited":["Exordium","TheCity"],"potions_floor_usage":[6,10,20],"damage_taken":[{"damage":0,"enemies":"Cultist","floor":1,"turns":3},{"damage":6,"enemies":"2 Louse","floor":2,"turns":3},{"damage":3,"enemies":"conspire:RoseBush","floor":3,"turns":4},{"damage":28,"enemies":"Gremlin Nob","floor":6,"turns":7},{"damage":25,"enemies":"3 Sentries","floor":8,"turns":10},{"damage":3,"enemies":"Gremlin Nob","floor":10,"turns":4},{"damage":31,"enemies":"Fading Forest","floor":16,"turns":11},{"damage":9,"enemies":"Chosen","floor":18,"turns":3},{"damage":21,"enemies":"2 Thieves","floor":20,"turns":3},{"damage":5,"enemies":"conspire:MimicChest","floor":22,"turns":5},{"damage":82,"enemies":"Book of Stabbing","floor":24,"turns":8}],"seed_played":"-2434102667966017431","potions_obtained":[{"floor":2,"key":"Adrenaline Potion"},{"floor":10,"key":"Fruit Juice"},{"floor":16,"key":"Strength Potion"},{"floor":18,"key":"SkillPotion"}],"is_trial":false,"path_per_floor":["M","M","M","$","?","E","R","E","T","E","R","?","R","?","R","B",null,"M","$","M","?","?","R","E","?"],"character_chosen":"THE_SILENT","items_purchased":["ReplayTheSpireMod:ShopPack","Atom Bomb","Pen Nib"],"campfire_rested":2,"item_purchase_floors":[4,19,19],"current_hp_per_floor":[70,64,61,61,61,33,54,29,29,34,34,34,34,34,56,35,75,66,66,48,48,46,46,1,0,0],"gold":153,"neow_bonus":"","is_daily":false,"chose_seed":false,"campfire_upgraded":3,"win_rate":0.0,"timestamp":1608356098,"path_taken":["M","M","M","?","?","E","R","E","T","E","R","?","R","?","R","BOSS","M","$","M","?","?","R","E","?"],"items_purchased_type":["Relic","Card","Relic"],"build_version":"2020-12-13","purchased_purges":0,"victory":false,"max_hp_per_floor":[70,70,70,70,70,70,70,70,70,75,75,75,75,75,75,75,75,75,75,75,75,75,75,75,75,75],"card_choices":[{"not_picked":["CrumblingArmor","LaLuna"],"picked":"FieryBird","floor":1},{"not_picked":["ReplayTheSpireMod:The Works","Dagger Throw","Slice"],"picked":"SKIP","floor":1},{"not_picked":["QueenOfHatred","CherryBlossoms"],"picked":"VoidDream","floor":2},{"not_picked":["Flying Knee","Riddle With Holes"],"picked":"Catalyst","floor":2},{"not_picked":["OldLady","PunishingBird"],"picked":"UniverseFragment","floor":3},{"not_picked":["Finisher","ReplayTheSpireMod:Tripwire"],"picked":"Crippling Poison","floor":3},{"not_picked":["Secret Technique","Violence"],"picked":"Transmutation","floor":4},{"not_picked":["expansioncontent:TimeRipple","The Bomb"],"picked":"expansioncontent:Collect","floor":4},{"not_picked":["Flash of Steel","Mind Blast"],"picked":"expansioncontent:TimeRipple","floor":4},{"not_picked":["BeautyBeast","Wellcheers"],"picked":"OldLady","floor":6},{"not_picked":["Dodge and Roll","hubris:SlightOfHand"],"picked":"Sucker Punch","floor":6},{"not_picked":["Outmaneuver","Hidden Blade"],"picked":"Setup","floor":8},{"not_picked":["NakedNest","ShyLook"],"picked":"Bloodbath","floor":8},{"not_picked":["Yin","BeautyBeast"],"picked":"WallGazer","floor":10},{"not_picked":["Blur","Dagger Throw"],"picked":"Distraction","floor":10},{"not_picked":["LaLuna","Murderer"],"picked":"HeroicMonk","floor":16},{"not_picked":["Replay:Bag of Tricks","Grand Finale"],"picked":"aspiration:Lunge","floor":16},{"not_picked":["Flying Knee+1","Bane"],"picked":"Backflip+1","floor":18},{"not_picked":["QueenBee","MHz"],"picked":"BigBird","floor":18},{"not_picked":["BeautyBeast","Freischutz"],"picked":"SpiderBud","floor":20},{"not_picked":["Prepared","Outmaneuver"],"picked":"Accuracy","floor":20},{"not_picked":["LittleHelper","QueenBee"],"picked":"DreamingCurrent","floor":22},{"not_picked":["Cloak And Dagger+1","Outmaneuver+1"],"picked":"Bullet Time","floor":22},{"not_picked":["ShyLook","SnowQueen"],"picked":"Scarecrow","floor":24},{"not_picked":["Outmaneuver","Flying Knee","Underhanded Strike"],"picked":"SKIP","floor":24}],"player_experience":269364,"relics_obtained":[{"floor":6,"key":"Gambling Chip"},{"floor":8,"key":"Blood Vial"},{"floor":9,"key":"conspire:DeflatedDodgeball"},{"floor":10,"key":"Juzu Bracelet"},{"floor":22,"key":"The Specimen"},{"floor":24,"key":"Regal Pillow"}],"event_choices":[{"damage_healed":0,"gold_gain":0,"player_choice":"Leave","damage_taken":0,"max_hp_gain":0,"max_hp_loss":0,"event_name":"conspire:Investor","floor":5,"gold_loss":0},{"damage_healed":0,"gold_gain":0,"player_choice":"Upgraded","damage_taken":0,"max_hp_gain":0,"max_hp_loss":0,"event_name":"Upgrade Shrine","floor":12,"gold_loss":0,"cards_upgraded":["Crippling Poison"]},{"damage_healed":0,"gold_gain":100,"player_choice":"Gold","damage_taken":0,"max_hp_gain":0,"max_hp_loss":0,"event_name":"Wheel of Change","floor":14,"gold_loss":0}],"is_beta":false,"boss_relics":[{"not_picked":["hubris:CrackedHourglass","hubris:TerracottaHorce"],"picked":"energizedSpire:DeadBattery"}],"items_purged_floors":[],"is_endless":false,"potions_floor_spawned":[2,10,16,18,24],"ascension_level":2}}