{"host":"pf47v7h0307523iy","time":1608413808,"event":{"mods":["BaseMod","Minty Spire (QoL Compilation)"],"gold_per_floor":[12,23,42,42,55,85,85,100,100,100,16,50,61,79,79,153,153,168,178,178,178,18,50,50,50,73,93,126,138,138,153,153,225,225,245,296,313,323,323,323,83,118,118,143,143,156,184,104,104,104,104,104,104,4,39,39],"floor_reached":57,"playtime":7572,"items_purged":["Bite","Bite","Bite"],"score":2859,"play_id":"95d1a726-434c-4d70-ba46-bef1ed3dc2d7","local_time":"20201219233648","is_ascension_mode":true,"campfire_choices":[{"data":"Dagger Spray","floor":7.0,"key":"SMITH"},{"floor":10.0,"key":"REST"},{"data":"Bouncing Flask","floor":15.0,"key":"SMITH"},{"floor":25.0,"key":"REST"},{"data":"Footwork","floor":30.0,"key":"SMITH"},{"data":"Neutralize","floor":32.0,"key":"SMITH"},{"data":"Well Laid Plans","floor":40.0,"key":"SMITH"},{"data":"Crippling Poison","floor":45.0,"key":"SMITH"},{"floor":49.0,"key":"RECALL"},{"data":"Sucker Punch","floor":53.0,"key":"SMITH"}],"circlet_count":0,"master_deck":["AscendersBane","Defend_G","Defend_G","Defend_G","Defend_G","Survivor","Neutralize+1","Deadly Poison","Sucker Punch+1","Bane","Dagger Spray+1","Deflect","Backflip","Calculated Gamble","Cloak And Dagger","Venomology","Acrobatics","Bouncing Flask+1","Storm of Steel","Leg Sweep+1","Cloak And Dagger+1","PiercingWail","Bite","Bite","Heel Hook","Footwork+1","Dodge and Roll+1","Leg Sweep+1","Crippling Poison+1","Corpse Explosion","Well Laid Plans+1","Heel Hook","PiercingWail+1","Footwork+1","Footwork+1","Heel Hook","Backflip"],"relics":["Ring of the Serpent","Paper Crane","Prayer Wheel","Calipers","Ornamental Fan","Philosopher\u0027s Stone","Potion Belt","Snake Skull","Sundial","PreservedInsect","MealTicket","Gambling Chip","DollysMirror","Pantograph","The Courier","Kunai","Pen Nib"],"acts_visited":["Exordium","TheCity","TheBeyond","TheEnding"],"potions_floor_usage":[56,56,56,56,56,56,56,56,56,56,56,56],"damage_taken":[{"damage":2.0,"enemies":"Cultist","floor":1.0,"turns":5.0},{"damage":0.0,"enemies":"Jaw Worm","floor":2.0,"turns":4.0},{"damage":4.0,"enemies":"Small Slimes","floor":3.0,"turns":4.0},{"damage":2.0,"enemies":"Blue Slaver","floor":5.0,"turns":4.0},{"damage":15.0,"enemies":"Lagavulin","floor":6.0,"turns":10.0},{"damage":8.0,"enemies":"Exordium Wildlife","floor":8.0,"turns":6.0},{"damage":20.0,"enemies":"3 Sentries","floor":12.0,"turns":8.0},{"damage":0.0,"enemies":"Looter","floor":13.0,"turns":3.0},{"damage":0.0,"enemies":"Gremlin Gang","floor":14.0,"turns":3.0},{"damage":2.0,"enemies":"Hexaghost","floor":16.0,"turns":7.0},{"damage":6.0,"enemies":"3 Byrds","floor":18.0,"turns":6.0},{"damage":6.0,"enemies":"Shell Parasite","floor":19.0,"turns":5.0},{"damage":34.0,"enemies":"Slavers","floor":23.0,"turns":7.0},{"damage":10.0,"enemies":"Shelled Parasite and Fungi","floor":27.0,"turns":10.0},{"damage":0.0,"enemies":"Gremlin Leader","floor":28.0,"turns":5.0},{"damage":6.0,"enemies":"Centurion and Healer","floor":29.0,"turns":6.0},{"damage":7.0,"enemies":"Snake Plant","floor":31.0,"turns":6.0},{"damage":15.0,"enemies":"Champ","floor":33.0,"turns":14.0},{"damage":0.0,"enemies":"3 Shapes","floor":35.0,"turns":3.0},{"damage":26.0,"enemies":"2 Orb Walkers","floor":36.0,"turns":5.0},{"damage":8.0,"enemies":"3 Darklings","floor":37.0,"turns":18.0},{"damage":7.0,"enemies":"Maw","floor":38.0,"turns":10.0},{"damage":54.0,"enemies":"Reptomancer","floor":42.0,"turns":36.0},{"damage":0.0,"enemies":"Nemesis","floor":44.0,"turns":9.0},{"damage":7.0,"enemies":"Spire Growth","floor":46.0,"turns":7.0},{"damage":35.0,"enemies":"Reptomancer","floor":47.0,"turns":11.0},{"damage":23.0,"enemies":"Donu and Deca","floor":50.0,"turns":12.0},{"damage":14.0,"enemies":"Awakened One","floor":51.0,"turns":31.0},{"damage":29.0,"enemies":"Shield and Spear","floor":55.0,"turns":20.0},{"damage":36,"enemies":"The Heart","floor":56,"turns":14}],"seed_played":"-8612731039389586373","potions_obtained":[{"floor":1.0,"key":"Swift Potion"},{"floor":3.0,"key":"EssenceOfSteel"},{"floor":12.0,"key":"Poison Potion"},{"floor":14.0,"key":"DuplicationPotion"},{"floor":23.0,"key":"ColorlessPotion"},{"floor":28.0,"key":"SteroidPotion"},{"floor":35.0,"key":"PowerPotion"},{"floor":36.0,"key":"SpeedPotion"},{"floor":42.0,"key":"Block Potion"},{"floor":44.0,"key":"Ancient Potion"},{"floor":55.0,"key":"BlessingOfTheForge"}],"is_trial":false,"path_per_floor":["M","M","M","?","M","E","R","M","T","R","$","E","M","M","R","B",null,"M","M","?","?","$","E","T","R","T","M","E","M","R","M","R","B",null,"M","?","M","M","?","R","$","E","T","E","R","M","E","$","R","B","B",null,"R","$","E","B",null],"character_chosen":"THE_SILENT","items_purchased":["Poison Potion","Cloak And Dagger","Potion Belt","DollysMirror"],"campfire_rested":2,"item_purchase_floors":[11,11,22,41],"current_hp_per_floor":[57,57,53,48,46,31,31,23,23,42,42,22,22,22,22,20,55,49,43,43,32,32,8,8,23,23,35,49,51,51,50,50,42,49,51,27,51,51,51,51,51,51,51,51,51,51,28,43,43,32,51,51,51,51,36,21],"gold":39,"neow_bonus":"REMOVE_TWO","is_daily":false,"chose_seed":false,"campfire_upgraded":7,"win_rate":0.0,"timestamp":1608413808,"path_taken":["M","?","M","?","M","E","R","M","T","R","$","E","M","M","R","BOSS","M","M","?","?","?","E","?","R","T","M","E","M","R","?","R","BOSS","M","?","M","M","?","R","$","E","T","E","R","M","E","$","R","BOSS","BOSS","R","$","E","BOSS"],"items_purchased_type":["Potion","Card","Relic","Relic"],"build_version":"2020-12-13","purchased_purges":3,"victory":true,"max_hp_per_floor":[66,66,66,66,66,66,66,66,66,66,66,66,66,66,66,66,66,66,66,46,51,51,51,51,51,51,51,51,51,51,51,51,51,51,51,51,51,51,51,51,51,51,51,51,51,51,51,51,51,51,51,51,51,51,51,51],"card_choices":[{"not_picked":["Leg Sweep","Choke"],"picked":"Deadly Poison","floor":1.0},{"not_picked":["Distraction","Calculated Gamble"],"picked":"Sucker Punch","floor":2.0},{"not_picked":["Riddle With Holes","Prepared"],"picked":"Bane","floor":3.0},{"not_picked":["Outmaneuver","Choke"],"picked":"Dagger Spray","floor":5.0},{"not_picked":["Sucker Punch","Bane"],"picked":"Deflect","floor":6.0},{"not_picked":["Calculated Gamble","Underhanded Strike"],"picked":"Backflip","floor":8.0},{"not_picked":["Outmaneuver","Quick Slash"],"picked":"Calculated Gamble","floor":8.0},{"not_picked":["Underhanded Strike","Terror"],"picked":"Venomology","floor":12.0},{"not_picked":["Bane","Prepared"],"picked":"Acrobatics","floor":13.0},{"not_picked":["Poisoned Stab","Sucker Punch","Prepared"],"picked":"SKIP","floor":13.0},{"not_picked":["Catalyst","Bane"],"picked":"Bouncing Flask","floor":14.0},{"not_picked":["All Out Attack","Setup","Flying Knee"],"picked":"SKIP","floor":14.0},{"not_picked":["A Thousand Cuts","Doppelganger"],"picked":"Storm of Steel","floor":16.0},{"not_picked":["Underhanded Strike","Reflex"],"picked":"Leg Sweep+1","floor":18.0},{"not_picked":["Backflip","Escape Plan"],"picked":"Cloak And Dagger+1","floor":18.0},{"not_picked":["Dodge and Roll+1","Outmaneuver"],"picked":"PiercingWail","floor":19.0},{"not_picked":["Cloak And Dagger","Quick Slash","Slice"],"picked":"SKIP","floor":19.0},{"not_picked":["Outmaneuver","Storm of Steel","Leg Sweep"],"picked":"SKIP","floor":23.0},{"not_picked":["Deflect","Bouncing Flask+1"],"picked":"Heel Hook","floor":27.0},{"not_picked":["Poisoned Stab","Quick Slash+1","Outmaneuver"],"picked":"SKIP","floor":27.0},{"not_picked":["Poisoned Stab","Accuracy"],"picked":"Footwork","floor":28.0},{"not_picked":["Blade Dance+1","Bane+1"],"picked":"Dodge and Roll+1","floor":29.0},{"not_picked":["Cloak And Dagger","Bane","Dagger Spray"],"picked":"SKIP","floor":29.0},{"not_picked":["Outmaneuver","Slice+1"],"picked":"Leg Sweep+1","floor":31.0},{"not_picked":["Eviscerate","Doppelganger"],"picked":"Crippling Poison","floor":31.0},{"not_picked":["Tools of the Trade","Unload"],"picked":"Corpse Explosion","floor":33.0},{"not_picked":["Noxious Fumes","Sucker Punch"],"picked":"Well Laid Plans","floor":35.0},{"not_picked":["Flechettes+1","Masterful Stab+1","Blade Dance"],"picked":"SKIP","floor":35.0},{"not_picked":["Bane","Leg Sweep"],"picked":"Heel Hook","floor":37.0},{"not_picked":["Sucker Punch","Cloak And Dagger","Skewer"],"picked":"SKIP","floor":37.0},{"not_picked":["Slice","Blade Dance"],"picked":"PiercingWail+1","floor":38.0},{"not_picked":["Dagger Throw","Deflect","Cloak And Dagger"],"picked":"SKIP","floor":38.0},{"not_picked":["Dagger Spray+1","Storm of Steel","Bane"],"picked":"SKIP","floor":42.0},{"not_picked":["Skewer","Phantasmal Killer","Prepared"],"picked":"SKIP","floor":44.0},{"not_picked":["Dagger Throw","Flying Knee+1"],"picked":"Heel Hook","floor":46.0},{"not_picked":["Distraction","Calculated Gamble","Flechettes"],"picked":"SKIP","floor":46.0},{"not_picked":["Quick Slash","Flying Knee","Deadly Poison"],"picked":"SKIP","floor":47.0},{"not_picked":["Accuracy+1","All Out Attack"],"picked":"Backflip","floor":55.0}],"player_experience":1498262,"relics_obtained":[{"floor":6.0,"key":"Prayer Wheel"},{"floor":9.0,"key":"Calipers"},{"floor":12.0,"key":"Ornamental Fan"},{"floor":23.0,"key":"Snake Skull"},{"floor":24.0,"key":"Sundial"},{"floor":26.0,"key":"PreservedInsect"},{"floor":28.0,"key":"MealTicket"},{"floor":36.0,"key":"Gambling Chip"},{"floor":42.0,"key":"Pantograph"},{"floor":44.0,"key":"The Courier"},{"floor":47.0,"key":"Kunai"},{"floor":55.0,"key":"Pen Nib"}],"event_choices":[{"damage_healed":0.0,"max_hp_gain":0.0,"max_hp_loss":0.0,"gold_gain":0.0,"event_name":"Scrap Ooze","player_choice":"Success","floor":4.0,"gold_loss":0.0,"damage_taken":5.0,"relics_obtained":["Paper Crane"]},{"damage_healed":0.0,"max_hp_gain":0.0,"max_hp_loss":20.0,"gold_gain":0.0,"event_name":"Vampires","player_choice":"Became a vampire","floor":20.0,"gold_loss":0.0,"damage_taken":0.0,"cards_obtained":["Bite","Bite","Bite","Bite","Bite"]},{"damage_healed":0.0,"max_hp_gain":5.0,"max_hp_loss":0.0,"gold_gain":0.0,"event_name":"Forgotten Altar","player_choice":"Shed Blood","floor":21.0,"gold_loss":0.0,"damage_taken":16.0},{"damage_healed":0.0,"max_hp_gain":0.0,"max_hp_loss":0.0,"gold_gain":0.0,"event_name":"Mysterious Sphere","player_choice":"Fight","floor":36.0,"gold_loss":0.0,"damage_taken":0.0},{"damage_healed":0.0,"max_hp_gain":0.0,"max_hp_loss":0.0,"gold_gain":0.0,"event_name":"Duplicator","player_choice":"Copied","floor":39.0,"gold_loss":0.0,"damage_taken":0.0,"cards_obtained":["Footwork"]}],"is_beta":false,"boss_relics":[{"not_picked":["Calling Bell","Snecko Eye"],"picked":"Philosopher\u0027s Stone"},{"not_picked":["Sozu","Tiny House"],"picked":"Ring of the Serpent"}],"items_purged_floors":[41,48,54],"is_endless":false,"potions_floor_spawned":[1,3,12,14,19,23,28,35,36,42,44,55],"ascension_level":20}}