{"host":"wxm9nhpxzwflah6x","time":1608342726,"event":{"mods":["2.2 Compatiblity","AchievementEnabler","BaseMod","Bestiary","Better Third Choice","Challenge The Spire","Curses Come First","Minty Spire (QoL Compilation)","Quick Restart","Rare Cards Sparkle","Replay The Spire","StSLib","TheHero"],"gold_per_floor":[114,114,114,129,23,53,53,98,98],"floor_reached":8,"playtime":294,"items_purged":[],"score":64,"play_id":"dc0f0d3c-b17b-4a56-8c35-d658e7fe7d8f","local_time":"20201218175206","daily_mods":["Draft","ControlledChaos","Elite Swarm"],"is_ascension_mode":false,"campfire_choices":[{"floor":7,"key":"REST"}],"circlet_count":0,"master_deck":["animeID:ToruHagakure","animeID:Bakugo","animeID:MtLady","animeID:Kendo+1","animeID:DelawareSmash","animeID:DetroitSmash","animeID:Deku","animeID:Mina","animeID:HowitzerImpact+1","animeID:Twice","animeID:Dabi","animeID:Cementoss","animeID:GranTorino","animeID:TodorokiShoto","animeID:HowitzerImpact+1","animeID:DetroitDelaware","animeID:FullCowl","animeID:Shigaraki"],"relics":["animeID:HeroCostume","Frozen Eye","StoneCalendar","Whetstone"],"acts_visited":["Exordium"],"potions_floor_usage":[],"damage_taken":[{"damage":0,"enemies":"Small Slimes","floor":1,"turns":1},{"damage":0,"enemies":"2 Louse","floor":4,"turns":1},{"damage":30,"enemies":"Gremlin Nob","floor":6,"turns":4},{"damage":40,"enemies":"3 Sentries","floor":8,"turns":4}],"seed_played":"-2908382401684788831","potions_obtained":[{"floor":6,"key":"SteroidPotion"}],"is_trial":false,"path_per_floor":["M","?","?","M","$","E","R","E"],"character_chosen":"THE_HERO","items_purchased":["animeID:DetroitDelaware","animeID:FullCowl"],"campfire_rested":1,"item_purchase_floors":[5,5],"current_hp_per_floor":[75,75,80,80,80,50,74,36,36],"gold":98,"neow_bonus":"","is_daily":true,"chose_seed":false,"campfire_upgraded":0,"win_rate":0.0,"timestamp":1608342726,"path_taken":["M","?","?","M","?","E","R","E"],"items_purchased_type":["Card","Card"],"build_version":"2020-12-13","purchased_purges":0,"victory":false,"max_hp_per_floor":[75,75,80,80,80,80,80,80,80],"card_choices":[{"not_picked":["animeID:Kaminari","animeID:Tomura"],"picked":"animeID:ToruHagakure","floor":0.0},{"not_picked":["animeID:DetroitSmash","animeID:Ojiro"],"picked":"animeID:Bakugo","floor":0.0},{"not_picked":["animeID:Stain","animeID:Uraraka"],"picked":"animeID:MtLady","floor":0.0},{"not_picked":["animeID:Aoyama","animeID:Mina"],"picked":"animeID:Kendo","floor":0.0},{"not_picked":["animeID:Mina","animeID:Kaminari"],"picked":"animeID:DelawareSmash","floor":0.0},{"not_picked":["animeID:Kaminari","animeID:Ojiro"],"picked":"animeID:DetroitSmash","floor":0.0},{"not_picked":["animeID:ToruHagakure","animeID:Mezo"],"picked":"animeID:Deku","floor":0.0},{"not_picked":["animeID:Himiko","animeID:Mineta"],"picked":"animeID:Mina","floor":0.0},{"not_picked":["animeID:Tomura","animeID:Ojiro"],"picked":"animeID:Mina","floor":0.0},{"not_picked":["animeID:Mineta","animeID:Cementoss"],"picked":"animeID:HowitzerImpact","floor":0.0},{"not_picked":["animeID:Mina","animeID:Ojiro"],"picked":"animeID:Twice","floor":0.0},{"not_picked":["animeID:HighFive","animeID:Ojiro"],"picked":"animeID:Dabi","floor":0.0},{"not_picked":["animeID:Kirishima","animeID:Mina"],"picked":"animeID:Cementoss","floor":0.0},{"not_picked":["animeID:Bakugo","animeID:ToruHagakure"],"picked":"animeID:GranTorino","floor":0.0},{"not_picked":["animeID:Aoyama","animeID:Mineta"],"picked":"animeID:TodorokiShoto","floor":0.0},{"not_picked":["animeID:Uraraka","animeID:MtLady","animeID:Tsuyu"],"picked":"SKIP","floor":1},{"not_picked":["animeID:FatGum","animeID:Mezo","animeID:Aoyama"],"picked":"SKIP","floor":4},{"not_picked":["animeID:ProminenceBurn","animeID:Chisaki"],"picked":"animeID:Shigaraki","floor":6}],"player_experience":227382,"relics_obtained":[{"floor":6,"key":"StoneCalendar"},{"floor":8,"key":"Whetstone"}],"event_choices":[{"damage_healed":0,"gold_gain":0,"player_choice":"Donut","damage_taken":0,"max_hp_gain":5,"max_hp_loss":0,"event_name":"Big Fish","floor":3,"gold_loss":0}],"is_beta":false,"boss_relics":[],"items_purged_floors":[],"is_endless":false,"potions_floor_spawned":[6],"killed_by":"3 Sentries","ascension_level":0}}