{"host":"ow9msrs9p2ctkx99","time":1608411778,"event":{"mods":["AchievementEnabler","BaseMod","Colored Map","Colored Powertips","Minty Spire (QoL Compilation)","Permanent Neow","Quick Restart","SuperFastMode"],"gold_per_floor":[111,128,8,8,21,55,55,72,72,87,116,116,130,146,146,146,146],"floor_reached":16,"playtime":327,"items_purged":["Defend_R"],"score":164,"play_id":"86a2fdac-0cc3-4ef6-976f-7e132c12aaf5","local_time":"20201219220258","is_ascension_mode":false,"campfire_choices":[{"data":"Feed","floor":7.0,"key":"SMITH"},{"floor":15.0,"key":"REST"}],"circlet_count":0,"master_deck":["Strike_R","Strike_R","Strike_R","Strike_R","Defend_R","Defend_R","Defend_R","Bash","Feed+1","Iron Wave","Shrug It Off","Battle Trance","Double Tap","Armaments","Flame Barrier"],"relics":["Burning Blood"],"acts_visited":["Exordium"],"potions_floor_usage":[16],"damage_taken":[{"damage":4.0,"enemies":"Cultist","floor":1.0,"turns":4.0},{"damage":1.0,"enemies":"2 Louse","floor":2.0,"turns":2.0},{"damage":5.0,"enemies":"Small Slimes","floor":5.0,"turns":3.0},{"damage":27.0,"enemies":"Gremlin Nob","floor":6.0,"turns":5.0},{"damage":6.0,"enemies":"3 Louse","floor":8.0,"turns":3.0},{"damage":2.0,"enemies":"Blue Slaver","floor":10.0,"turns":3.0},{"damage":58.0,"enemies":"Lagavulin","floor":11.0,"turns":11.0},{"damage":2.0,"enemies":"Red Slaver","floor":13.0,"turns":4.0},{"damage":1.0,"enemies":"Lots of Slimes","floor":14.0,"turns":5.0},{"damage":69,"enemies":"The Guardian","floor":16,"turns":9}],"seed_played":"4965718794992573627","potions_obtained":[{"floor":2.0,"key":"Ancient Potion"},{"floor":6.0,"key":"Fruit Juice"},{"floor":8.0,"key":"Ancient Potion"}],"is_trial":false,"path_per_floor":["M","M","$","$","M","E","R","M","T","M","E","?","M","M","R","B"],"character_chosen":"IRONCLAD","items_purchased":["Shrug It Off"],"campfire_rested":1,"item_purchase_floors":[3],"current_hp_per_floor":[61,69,69,69,73,55,55,59,59,67,19,19,23,32,64,0,0],"gold":146,"neow_bonus":"THREE_RARE_CARDS","is_daily":false,"chose_seed":false,"campfire_upgraded":1,"win_rate":0.0,"timestamp":1608411778,"path_taken":["M","M","?","$","M","E","R","M","T","M","E","?","?","M","R","BOSS"],"items_purchased_type":["Card"],"build_version":"2020-12-13","purchased_purges":1,"victory":false,"max_hp_per_floor":[83,86,86,86,89,92,92,96,96,100,104,104,104,108,108,113,113],"card_choices":[{"not_picked":["Barricade","Reaper"],"picked":"Feed","floor":0.0},{"not_picked":["Shrug It Off","Havoc"],"picked":"Iron Wave","floor":1.0},{"not_picked":["Iron Wave","Perfected Strike","Heavy Blade"],"picked":"SKIP","floor":2.0},{"not_picked":["Twin Strike","Clash"],"picked":"Battle Trance","floor":5.0},{"not_picked":["Shockwave","Body Slam"],"picked":"Double Tap","floor":6.0},{"not_picked":["Sentinel","Clothesline","Heavy Blade"],"picked":"SKIP","floor":8.0},{"not_picked":["Sever Soul","Anger","Clash"],"picked":"SKIP","floor":10.0},{"not_picked":["Headbutt","Rupture","Heavy Blade"],"picked":"SKIP","floor":11.0},{"not_picked":["Seeing Red","Flex"],"picked":"Flame Barrier","floor":13.0},{"not_picked":["Sentinel","Clothesline","Flex"],"picked":"SKIP","floor":14.0}],"player_experience":1094319,"relics_obtained":[],"event_choices":[{"damage_healed":0.0,"max_hp_gain":0.0,"max_hp_loss":0.0,"gold_gain":0.0,"cards_transformed":["Strike_R"],"event_name":"Transmorgrifier","player_choice":"Transformed","floor":12.0,"gold_loss":0.0,"damage_taken":0.0,"cards_obtained":["Armaments"]}],"is_beta":false,"boss_relics":[],"items_purged_floors":[3],"is_endless":false,"potions_floor_spawned":[2,6,8],"killed_by":"The Guardian","ascension_level":0}}