{"host":"7cp3z5w0tcrrm8ys","time":1608377894,"event":{"mods":["AchievementEnabler","BaseMod","DeckTracker","Minty Spire (QoL Compilation)","StSLib","SuperFastMode"],"gold_per_floor":[119,136,151,169,185,185,196,196,266,266,292,241,241,241,241,241,241],"floor_reached":16,"playtime":258,"items_purged":[],"score":204,"play_id":"88727849-a9c8-4a6a-922e-0b24df7e3b4e","local_time":"20201219203814","is_ascension_mode":true,"campfire_choices":[{"data":"Spot Weakness","floor":6,"key":"SMITH"},{"data":"Bash","floor":8,"key":"SMITH"},{"data":"Cleave","floor":10,"key":"SMITH"},{"floor":15,"key":"REST"}],"circlet_count":0,"master_deck":["AscendersBane","Strike_R","Strike_R","Strike_R","Strike_R","Strike_R","Defend_R","Defend_R","Defend_R","Defend_R","Bash+1","Cleave+1","Spot Weakness+1","Cleave","Parasite"],"relics":["Burning Blood","Blood Vial","Question Card","InkBottle","Ginger"],"acts_visited":["Exordium"],"potions_floor_usage":[11],"damage_taken":[{"damage":3,"enemies":"2 Louse","floor":1,"turns":4},{"damage":19,"enemies":"Small Slimes","floor":2,"turns":4},{"damage":7,"enemies":"Cultist","floor":3,"turns":4},{"damage":14,"enemies":"Blue Slaver","floor":4,"turns":4},{"damage":18,"enemies":"Red Slaver","floor":5,"turns":3},{"damage":16,"enemies":"Looter","floor":7,"turns":4},{"damage":35,"enemies":"Lagavulin","floor":11,"turns":5},{"damage":37,"enemies":"Hexaghost","floor":16,"turns":7}],"seed_played":"-1712544906244028185","potions_obtained":[{"floor":2,"key":"Strength Potion"},{"floor":3,"key":"Ancient Potion"}],"is_trial":false,"path_per_floor":["M","M","M","M","M","R","M","R","T","R","E","?","?","?","R","B"],"character_chosen":"IRONCLAD","items_purchased":[],"campfire_rested":1,"item_purchase_floors":[],"current_hp_per_floor":[73,62,63,57,47,47,39,39,39,39,12,12,30,12,34,0,0],"gold":241,"neow_bonus":"RANDOM_COMMON_RELIC","is_daily":false,"chose_seed":false,"campfire_upgraded":3,"win_rate":0.0,"timestamp":1608377894,"path_taken":["M","M","M","M","M","R","M","R","T","R","E","?","?","?","R","BOSS"],"items_purchased_type":[],"build_version":"2020-12-13","purchased_purges":0,"victory":false,"max_hp_per_floor":[75,75,75,75,75,75,75,75,75,75,75,75,75,75,75,75,75],"card_choices":[{"not_picked":["Burning Pact","Seeing Red"],"picked":"Cleave","floor":1},{"not_picked":["Havoc","Pommel Strike"],"picked":"Spot Weakness","floor":2},{"not_picked":["Double Tap","Flex","Wild Strike"],"picked":"SKIP","floor":3},{"not_picked":["True Grit","Warcry"],"picked":"Cleave","floor":4},{"not_picked":["Anger","Iron Wave","Headbutt"],"picked":"SKIP","floor":5},{"not_picked":["Sentinel","Heavy Blade","Headbutt"],"picked":"SKIP","floor":7},{"not_picked":["Infernal Blade","True Grit","Corruption","Iron Wave"],"picked":"SKIP","floor":11}],"player_experience":786187,"relics_obtained":[{"floor":9,"key":"Question Card"},{"floor":11,"key":"InkBottle"}],"event_choices":[{"damage_healed":0,"gold_gain":0,"player_choice":"Left Gold","damage_taken":0,"max_hp_gain":0,"max_hp_loss":0,"event_name":"World of Goop","floor":12,"gold_loss":51},{"damage_healed":18,"gold_gain":0,"player_choice":"Healed and dodged fight","damage_taken":0,"max_hp_gain":0,"max_hp_loss":0,"event_name":"Mushrooms","floor":13,"gold_loss":0,"cards_obtained":["Parasite"]},{"damage_healed":0,"gold_gain":0,"player_choice":"Success","damage_taken":18,"relics_obtained":["Ginger"],"max_hp_gain":0,"max_hp_loss":0,"event_name":"Scrap Ooze","floor":14,"gold_loss":0}],"is_beta":false,"boss_relics":[],"items_purged_floors":[],"is_endless":false,"potions_floor_spawned":[2,3,4],"killed_by":"Hexaghost","ascension_level":20}}