{"host":"344lv32hnei0mdhu","time":1608361041,"event":{"mods":["Act Like it!","BaseMod","Better Match","Better Sensory Stone","Better Skull","Better Third Choice","Better Vampires","Colored Powertips","Highlight Path","Minty Spire (QoL Compilation)","Quick Restart","Random Character Button","Rare Cards Sparkle","StSLib"],"gold_per_floor":[118,137,36,36,36,62,62,78,78,95,125,137,137,156,156,259,259,275,275,154,154,7,33,53,53,53,53,87,87,104,104,104,202,202,216,216,216,234,251,251,263,289,289,301,318,343,343,78,78,78],"floor_reached":51,"playtime":2494,"items_purged":["Strike_G","Strike_G"],"score":1231,"play_id":"333d8a74-f364-422d-930c-3ea6f1a20ceb","local_time":"20201219005721","is_ascension_mode":true,"campfire_choices":[{"data":"Leg Sweep","floor":7,"key":"SMITH"},{"floor":13,"key":"REST"},{"data":"Adrenaline","floor":15,"key":"SMITH"},{"floor":25,"key":"REST"},{"floor":27,"key":"REST"},{"data":"Envenom","floor":29,"key":"SMITH"},{"data":"After Image","floor":32,"key":"SMITH"},{"floor":40,"key":"REST"},{"floor":49,"key":"REST"}],"circlet_count":0,"master_deck":["Strike_G+1","Strike_G+1","Defend_G","Defend_G","Defend_G","Defend_G","Defend_G","Survivor","Neutralize+1","Blade Dance","Flying Knee","Blade Dance","Flechettes","Leg Sweep+1","Cloak And Dagger","Adrenaline+1","After Image+1","Blade Dance+1","Blur","Envenom+1","Tactician+1","Leg Sweep+1","Malaise","Dash+1","Blade Dance+1","Blade Dance+1","Footwork+1","Caltrops+1"],"relics":["Ring of the Snake","NeowsBlessing","FossilizedHelix","Torii","Smiling Mask","Black Star","Frozen Egg 2","Bag of Marbles","Shuriken","Meat on the Bone","Mercury Hourglass","SacredBark","Whetstone","Snake Skull","Blue Candle","Kunai","Ornamental Fan","Strawberry"],"acts_visited":["Exordium","TheCity","TheBeyond"],"potions_floor_usage":[16,16,16,23,23,35,42,44,46,50,50],"damage_taken":[{"damage":0,"enemies":"2 Louse","floor":1,"turns":1},{"damage":0,"enemies":"Cultist","floor":2,"turns":1},{"damage":0,"enemies":"3 Sentries","floor":6,"turns":1},{"damage":0,"enemies":"Jaw Worm","floor":8,"turns":2},{"damage":0,"enemies":"Exordium Wildlife","floor":10,"turns":4},{"damage":20,"enemies":"Gremlin Nob","floor":11,"turns":4},{"damage":0,"enemies":"Large Slime","floor":12,"turns":4},{"damage":8,"enemies":"3 Louse","floor":14,"turns":3},{"damage":8,"enemies":"The Guardian","floor":16,"turns":15},{"damage":0,"enemies":"Shell Parasite","floor":18,"turns":8},{"damage":28,"enemies":"Slavers","floor":23,"turns":7},{"damage":6,"enemies":"Chosen","floor":24,"turns":4},{"damage":3,"enemies":"Book of Stabbing","floor":28,"turns":6},{"damage":10,"enemies":"Centurion and Healer","floor":30,"turns":6},{"damage":54,"enemies":"Champ","floor":33,"turns":10},{"damage":0,"enemies":"3 Shapes","floor":35,"turns":4},{"damage":0,"enemies":"Orb Walker","floor":38,"turns":4},{"damage":21,"enemies":"Jaw Worm Horde","floor":39,"turns":5},{"damage":12,"enemies":"Spire Growth","floor":41,"turns":5},{"damage":30,"enemies":"Nemesis","floor":42,"turns":10},{"damage":1,"enemies":"4 Shapes","floor":44,"turns":6},{"damage":0,"enemies":"Maw","floor":45,"turns":6},{"damage":18,"enemies":"Reptomancer","floor":46,"turns":6},{"damage":0,"enemies":"Awakened One","floor":50,"turns":15}],"seed_played":"-7044571556490336710","potions_obtained":[{"floor":6,"key":"SteroidPotion"},{"floor":11,"key":"CunningPotion"},{"floor":14,"key":"BlessingOfTheForge"},{"floor":16,"key":"Explosive Potion"},{"floor":23,"key":"Fruit Juice"},{"floor":24,"key":"Dexterity Potion"},{"floor":33,"key":"Block Potion"},{"floor":38,"key":"Swift Potion"},{"floor":39,"key":"Regen Potion"},{"floor":44,"key":"CultistPotion"},{"floor":45,"key":"Dexterity Potion"},{"floor":46,"key":"SpeedPotion"}],"is_trial":false,"path_per_floor":["M","M","$","?","?","E","R","M","T","M","E","M","R","M","R","B",null,"M","?","$","?","$","E","M","R","T","R","E","R","M","?","R","B",null,"M","?","?","M","M","R","M","E","T","M","M","E","?","$","R","B",null],"character_chosen":"THE_SILENT","items_purchased":["Blade Dance","Flechettes","Blur","Envenom","Strawberry","Caltrops+1"],"campfire_rested":5,"item_purchase_floors":[3,3,20,22,48,48],"current_hp_per_floor":[63,63,63,63,63,63,63,63,63,63,43,43,64,56,56,48,65,65,52,52,52,52,29,23,47,47,71,68,68,58,80,80,38,70,70,70,70,70,49,73,61,76,76,75,75,57,57,64,87,87],"gold":78,"neow_bonus":"THREE_ENEMY_KILL","is_daily":false,"chose_seed":false,"campfire_upgraded":4,"win_rate":0.0,"timestamp":1608361041,"path_taken":["M","M","$","?","?","E","R","M","T","M","E","?","R","M","R","BOSS","M","?","$","?","$","E","M","R","T","R","E","R","?","?","R","BOSS","M","?","?","?","M","R","M","E","T","M","M","E","?","$","R","BOSS"],"items_purchased_type":["Card","Card","Card","Card","Relic","Card"],"build_version":"2020-12-13","purchased_purges":2,"victory":true,"max_hp_per_floor":[70,70,70,70,70,70,70,70,70,70,70,70,70,70,70,70,70,70,75,75,75,75,80,80,80,80,80,80,80,80,80,80,80,80,80,80,80,80,80,80,80,80,80,80,80,80,80,87,87,87],"card_choices":[{"not_picked":["Dagger Spray","Prepared"],"picked":"Blade Dance","floor":1},{"not_picked":["Prepared","Dagger Spray"],"picked":"Flying Knee","floor":2},{"not_picked":["Slice","Bane"],"picked":"Leg Sweep","floor":6},{"not_picked":["Flying Knee","Outmaneuver"],"picked":"Cloak And Dagger","floor":8},{"not_picked":["Quick Slash","Slice","Acrobatics"],"picked":"SKIP","floor":10},{"not_picked":["Glass Knife","Outmaneuver"],"picked":"Adrenaline","floor":11},{"not_picked":["Flying Knee","Slice","Cloak And Dagger"],"picked":"SKIP","floor":12},{"not_picked":["Sucker Punch","Backflip","Endless Agony"],"picked":"SKIP","floor":14},{"not_picked":["Corpse Explosion","Glass Knife"],"picked":"After Image","floor":16},{"not_picked":["Slice","Dagger Throw"],"picked":"Blade Dance+1","floor":18},{"not_picked":["Flying Knee","Dagger Spray"],"picked":"Tactician+1","floor":23},{"not_picked":["Riddle With Holes+1","Skewer","Concentrate+1"],"picked":"SKIP","floor":24},{"not_picked":["Choke","Dagger Throw"],"picked":"Leg Sweep+1","floor":28},{"not_picked":["Flying Knee+1","Dodge and Roll","Eviscerate"],"picked":"SKIP","floor":30},{"not_picked":["Glass Knife","Doppelganger"],"picked":"Malaise","floor":33},{"not_picked":["Well Laid Plans+1","Dagger Spray","Terror+1"],"picked":"SKIP","floor":35},{"not_picked":["Blur","Deadly Poison+1","Underhanded Strike+1"],"picked":"SKIP","floor":38},{"not_picked":["Reflex","Dagger Throw+1","Quick Slash+1"],"picked":"SKIP","floor":39},{"not_picked":["Poisoned Stab+1","Dagger Throw"],"picked":"Dash+1","floor":41},{"not_picked":["Dodge and Roll+1","Reflex+1"],"picked":"Blade Dance+1","floor":42},{"not_picked":["PiercingWail","Malaise"],"picked":"Blade Dance+1","floor":44},{"not_picked":["Quick Slash+1","Dodge and Roll"],"picked":"Footwork+1","floor":45},{"not_picked":["Predator","Dodge and Roll","PiercingWail"],"picked":"SKIP","floor":46}],"player_experience":348997,"relics_obtained":[{"floor":6,"key":"FossilizedHelix"},{"floor":9,"key":"Torii"},{"floor":11,"key":"Smiling Mask"},{"floor":23,"key":"Frozen Egg 2"},{"floor":23,"key":"Bag of Marbles"},{"floor":26,"key":"Shuriken"},{"floor":28,"key":"Meat on the Bone"},{"floor":28,"key":"Mercury Hourglass"},{"floor":42,"key":"Whetstone"},{"floor":42,"key":"Snake Skull"},{"floor":43,"key":"Blue Candle"},{"floor":46,"key":"Kunai"},{"floor":46,"key":"Ornamental Fan"}],"event_choices":[{"damage_healed":0,"gold_gain":0,"player_choice":"Leave","damage_taken":0,"max_hp_gain":0,"max_hp_loss":0,"event_name":"The Cleric","floor":4,"gold_loss":0},{"damage_healed":0,"gold_gain":0,"player_choice":"Forge","damage_taken":0,"max_hp_gain":0,"max_hp_loss":0,"event_name":"Accursed Blacksmith","floor":5,"gold_loss":0,"cards_upgraded":["Neutralize"]},{"damage_healed":0,"gold_gain":0,"player_choice":"Shed Blood","damage_taken":18,"max_hp_gain":5,"max_hp_loss":0,"event_name":"Forgotten Altar","floor":19,"gold_loss":0},{"damage_healed":0,"gold_gain":0,"player_choice":"Ignored","damage_taken":0,"max_hp_gain":0,"max_hp_loss":0,"event_name":"Ghosts","floor":21,"gold_loss":0},{"damage_healed":26,"gold_gain":0,"player_choice":"Heal","damage_taken":0,"max_hp_gain":0,"max_hp_loss":0,"event_name":"The Library","floor":31,"gold_loss":0},{"damage_healed":0,"gold_gain":3,"player_choice":"1","damage_taken":0,"max_hp_gain":0,"max_hp_loss":0,"event_name":"betterStone:BetterStone","floor":36,"gold_loss":0},{"cards_removed":["Strike_G"],"damage_healed":0,"gold_gain":0,"player_choice":"Offered Basic","damage_taken":0,"max_hp_gain":0,"max_hp_loss":0,"event_name":"Bonfire Elementals","floor":37,"gold_loss":0},{"damage_healed":0,"gold_gain":0,"player_choice":"Ignored","damage_taken":0,"max_hp_gain":0,"max_hp_loss":0,"event_name":"betterThird:BetterPortal","floor":47,"gold_loss":0}],"is_beta":false,"boss_relics":[{"not_picked":["Fusion Hammer","Coffee Dripper"],"picked":"Black Star"},{"not_picked":["Velvet Choker","Snecko Eye"],"picked":"SacredBark"}],"items_purged_floors":[20,48],"is_endless":false,"potions_floor_spawned":[6,11,14,16,23,24,33,38,39,44,45,46],"ascension_level":9}}