{"host":"f5gffvlv6a66yqkd","time":1608409672,"event":{"mods":["2.2 Compatiblity","BaseMod","Colored Map","DeckTracker","Keyboard Shortcuts","Minty Spire (QoL Compilation)","Permanent Neow","Quick Restart","Relic Stats","StSLib","SuperFastMode"],"gold_per_floor":[111,111,122,92,109,109,144,144,144,156,156,156,172,182,182,182,182],"floor_reached":16,"playtime":458,"items_purged":[],"score":204,"play_id":"69f3a8a1-18f3-42f5-8048-a86bee864326","local_time":"20201220052752","is_ascension_mode":true,"campfire_choices":[{"data":"Blade Dance","floor":6.0,"key":"SMITH"},{"floor":8.0,"key":"REST"},{"data":"Flechettes","floor":12.0,"key":"SMITH"},{"data":"Neutralize","floor":15.0,"key":"SMITH"}],"circlet_count":0,"master_deck":["AscendersBane","Strike_G","Strike_G","Strike_G","Strike_G","Defend_G","Defend_G","Defend_G","Defend_G","Survivor","Neutralize+1","Blade Dance+1","Blur","Dagger Throw","Prepared","Adrenaline+1","Flechettes+1","PiercingWail+1"],"relics":["Ring of the Snake","Potion Belt","Toxic Egg 2"],"acts_visited":["Exordium"],"potions_floor_usage":[],"damage_taken":[{"damage":4.0,"enemies":"Small Slimes","floor":1.0,"turns":4.0},{"damage":0.0,"enemies":"Cultist","floor":3.0,"turns":4.0},{"damage":4.0,"enemies":"2 Louse","floor":5.0,"turns":4.0},{"damage":49.0,"enemies":"Gremlin Nob","floor":7.0,"turns":5.0},{"damage":0.0,"enemies":"Red Slaver","floor":10.0,"turns":4.0},{"damage":0.0,"enemies":"3 Louse","floor":13.0,"turns":3.0},{"damage":0.0,"enemies":"Lots of Slimes","floor":14.0,"turns":3.0},{"damage":25,"enemies":"The Guardian","floor":16,"turns":14}],"seed_played":"-4596081442627716413","potions_obtained":[{"floor":3.0,"key":"GamblersBrew"},{"floor":4.0,"key":"Fruit Juice"},{"floor":4.0,"key":"DuplicationPotion"},{"floor":13.0,"key":"Ancient Potion"}],"is_trial":false,"path_per_floor":["M","?","M","?","M","R","E","R","T","M","?","R","M","M","R","B"],"character_chosen":"THE_SILENT","items_purchased":[],"campfire_rested":1,"item_purchase_floors":[],"current_hp_per_floor":[55,55,55,60,56,56,7,28,28,28,28,28,28,28,28,3,3],"gold":182,"neow_bonus":"REMOVE_CARD","is_daily":false,"chose_seed":false,"campfire_upgraded":3,"win_rate":0.0,"timestamp":1608409672,"path_taken":["M","?","M","?","M","R","E","R","T","?","?","R","?","M","R","BOSS"],"items_purchased_type":[],"build_version":"2020-12-13","purchased_purges":0,"victory":false,"max_hp_per_floor":[66,66,66,71,71,71,71,71,71,71,71,71,71,71,71,71,71],"relic_stats":{"counters":[8,41],"obtain_stats":[{"Potion Belt":7,"Toxic Egg 2":9,"Ring of the Snake":0},{"Potion Belt":4,"Toxic Egg 2":4,"Ring of the Snake":0},{"Potion Belt":17,"Toxic Egg 2":17,"Ring of the Snake":0}],"Ring of the Snake":[16]},"card_choices":[{"not_picked":["Underhanded Strike","Dodge and Roll"],"picked":"Blade Dance","floor":1.0},{"not_picked":["Blade Dance","Backflip","Tools of the Trade"],"picked":"SKIP","floor":3.0},{"not_picked":["Deadly Poison","Deflect"],"picked":"Dagger Throw","floor":5.0},{"not_picked":["Deadly Poison","Leg Sweep"],"picked":"Prepared","floor":7.0},{"not_picked":["Dagger Throw","Flying Knee","Sucker Punch"],"picked":"SKIP","floor":10.0},{"not_picked":["Outmaneuver+1","Deadly Poison+1"],"picked":"PiercingWail+1","floor":13.0},{"not_picked":["Predator","Outmaneuver+1","Dagger Throw"],"picked":"SKIP","floor":14.0}],"player_experience":1471858,"relics_obtained":[{"floor":7.0,"key":"Potion Belt"},{"floor":9.0,"key":"Toxic Egg 2"}],"event_choices":[{"damage_healed":0.0,"max_hp_gain":0.0,"max_hp_loss":0.0,"gold_gain":0.0,"cards_transformed":["Strike_G"],"event_name":"Living Wall","player_choice":"Change","floor":2.0,"gold_loss":0.0,"damage_taken":0.0,"cards_obtained":["Blur"]},{"damage_healed":0.0,"max_hp_gain":0.0,"max_hp_loss":0.0,"gold_gain":0.0,"event_name":"The Woman in Blue","player_choice":"Bought 2 Potions","floor":4.0,"gold_loss":0.0,"damage_taken":0.0},{"damage_healed":0.0,"max_hp_gain":0.0,"max_hp_loss":0.0,"gold_gain":0.0,"event_name":"Match and Keep!","player_choice":"2 cards matched","floor":11.0,"gold_loss":0.0,"damage_taken":0.0,"cards_obtained":["Adrenaline","Flechettes"]}],"is_beta":false,"boss_relics":[],"items_purged_floors":[],"is_endless":false,"potions_floor_spawned":[3,13],"killed_by":"The Guardian","ascension_level":20}}