{"host":"30jsp143e4v19aze","time":1608397380,"event":{"mods":["BaseMod","Colored Map","Highlight Path","Minty Spire (QoL Compilation)","Quick Restart","Relic Sorter","Relic Stats","Say the Spire","StSLib"],"gold_per_floor":[13,28,28,41,51,51,51,51,51,51,86,105,155,189,189,263,263,273,273,273,35,46,46,64,90,116,116,116,150,167,186,186,260,260,277,277,277,291,308,335,166,191,218,218,228,238,284,98,98,98,98,98,98,45,71,71,71],"floor_reached":56,"playtime":4236,"items_purged":["Doubt"],"score":1985,"play_id":"b74781a9-cd08-46df-b0f0-f4903f8c10a0","local_time":"20201219180300","is_ascension_mode":true,"campfire_choices":[{"data":"Combust","floor":6,"key":"SMITH"},{"floor":10,"key":"REST"},{"data":"Bash","floor":15,"key":"SMITH"},{"data":"Immolate","floor":23,"key":"SMITH"},{"data":"Whirlwind","floor":27,"key":"SMITH"},{"data":"Spot Weakness","floor":32,"key":"SMITH"},{"data":"Shockwave","floor":44,"key":"SMITH"},{"floor":49,"key":"RECALL"},{"data":"Offering","floor":53,"key":"SMITH"}],"circlet_count":0,"master_deck":["AscendersBane","Strike_R+1","Strike_R+1","Defend_R+1","Defend_R+1","Defend_R+1","Defend_R+1","Bash+1","Twin Strike","Dropkick+1","Combust+1","Clothesline","Flame Barrier","Immolate+1","Power Through","Offering+1","Whirlwind+1","Second Wind","Ghostly Armor+1","Shockwave+1","Disarm","Spot Weakness+1","Double Tap","Battle Trance+1","Pain","Headbutt","Limit Break","Shrug It Off","Limit Break","Sword Boomerang","Heavy Blade+1"],"relics":["Burning Blood","Singing Bowl","Shuriken","Boot","Blood Vial","Eternal Feather","Philosopher\u0027s Stone","Darkstone Periapt","Red Skull","Bag of Marbles","Akabeko","Cursed Key","WarpedTongs","Art of War","Orrery","Bottled Flame","Thread and Needle","Ornamental Fan"],"acts_visited":["Exordium","TheCity","TheBeyond","TheEnding"],"potions_floor_usage":[12,16,16,25,33,40,50,56,56],"damage_taken":[{"damage":7,"enemies":"Cultist","floor":1,"turns":4},{"damage":11,"enemies":"Jaw Worm","floor":2,"turns":6},{"damage":0,"enemies":"2 Louse","floor":4,"turns":4},{"damage":10,"enemies":"Looter","floor":5,"turns":3},{"damage":30,"enemies":"3 Sentries","floor":11,"turns":6},{"damage":2,"enemies":"Exordium Wildlife","floor":12,"turns":2},{"damage":8,"enemies":"Gremlin Nob","floor":14,"turns":3},{"damage":27,"enemies":"The Guardian","floor":16,"turns":10},{"damage":19,"enemies":"Spheric Guardian","floor":18,"turns":4},{"damage":10,"enemies":"2 Thieves","floor":22,"turns":4},{"damage":16,"enemies":"Chosen and Byrds","floor":24,"turns":5},{"damage":26,"enemies":"Slavers","floor":25,"turns":4},{"damage":3,"enemies":"Gremlin Leader","floor":29,"turns":4},{"damage":15,"enemies":"Snake Plant","floor":30,"turns":3},{"damage":0,"enemies":"Cultist and Chosen","floor":31,"turns":2},{"damage":44,"enemies":"Automaton","floor":33,"turns":9},{"damage":6,"enemies":"Orb Walker","floor":35,"turns":1},{"damage":2,"enemies":"3 Shapes","floor":38,"turns":1},{"damage":47,"enemies":"Writhing Mass","floor":39,"turns":5},{"damage":5,"enemies":"Reptomancer","floor":40,"turns":2},{"damage":48,"enemies":"Nemesis","floor":42,"turns":5},{"damage":0,"enemies":"Jaw Worm Horde","floor":45,"turns":1},{"damage":18,"enemies":"Transient","floor":46,"turns":6},{"damage":0,"enemies":"2 Orb Walkers","floor":47,"turns":1},{"damage":67,"enemies":"Donu and Deca","floor":50,"turns":7},{"damage":23,"enemies":"Time Eater","floor":51,"turns":6},{"damage":61,"enemies":"Shield and Spear","floor":55,"turns":4},{"damage":108,"enemies":"The Heart","floor":56,"turns":3}],"seed_played":"7558194426319739745","potions_obtained":[{"floor":4,"key":"SmokeBomb"},{"floor":5,"key":"ElixirPotion"},{"floor":11,"key":"AttackPotion"},{"floor":12,"key":"Weak Potion"},{"floor":14,"key":"Swift Potion"},{"floor":24,"key":"Fire Potion"},{"floor":29,"key":"Regen Potion"},{"floor":31,"key":"FearPotion"},{"floor":39,"key":"ColorlessPotion"},{"floor":40,"key":"HeartOfIron"},{"floor":55,"key":"BloodPotion"}],"is_trial":false,"path_per_floor":["M","M","?","M","M","R","?","?","T","R","E","M","T","E","R","B",null,"M","?","?","$","M","R","M","E","T","R","?","E","M","M","R","B",null,"M","?","?","M","M","E","$","E","T","R","M","M","?","$","R","B","B",null,"R","$","E","B"],"character_chosen":"IRONCLAD","items_purchased":["Offering","Whirlwind","Orrery","FairyPotion","Strength Potion"],"campfire_rested":1,"item_purchase_floors":[21,21,41,48,54],"current_hp_per_floor":[67,62,62,68,64,64,41,23,23,45,21,25,25,27,33,14,61,50,50,50,50,48,57,51,33,33,42,42,47,42,50,62,41,71,73,73,79,85,48,53,59,19,25,43,51,41,51,51,69,10,31,87,105,105,50,0,0],"gold":71,"neow_bonus":"REMOVE_TWO","is_daily":false,"chose_seed":false,"campfire_upgraded":7,"win_rate":0.0,"timestamp":1608397380,"path_taken":["M","M","?","M","?","R","?","?","T","R","E","M","?","E","R","BOSS","M","?","?","$","?","R","M","E","T","R","?","E","M","M","R","BOSS","M","?","?","?","M","E","?","E","T","R","M","M","?","$","R","BOSS","BOSS","R","$","E","BOSS"],"items_purchased_type":["Card","Card","Relic","Potion","Potion"],"build_version":"2020-12-13","purchased_purges":1,"victory":false,"max_hp_per_floor":[75,75,75,75,75,75,75,75,75,75,75,75,75,77,77,77,77,77,77,77,77,77,77,79,79,79,79,79,79,81,81,81,81,81,81,81,87,87,89,91,97,97,103,103,103,103,105,105,105,105,105,105,105,105,105,105,105],"relic_stats":{"Darkstone Periapt":12,"Singing Bowl":18,"counters":[28,115],"Eternal Feather":90,"Boot":[34],"Cursed Key":1,"Burning Blood":162,"WarpedTongs":[35],"Blood Vial":42,"Shuriken":[16],"Ornamental Fan":[0],"Art of War":[2],"obtain_stats":[{"Darkstone Periapt":20,"Singing Bowl":8,"Eternal Feather":14,"Thread and Needle":47,"Boot":11,"Cursed Key":34,"Burning Blood":0,"Akabeko":29,"WarpedTongs":37,"Blood Vial":13,"Bottled Flame":42,"Shuriken":9,"Ornamental Fan":55,"Orrery":41,"Philosopher\u0027s Stone":17,"Bag of Marbles":26,"Art of War":40,"Red Skull":25},{"Darkstone Periapt":9,"Singing Bowl":4,"Eternal Feather":7,"Thread and Needle":24,"Boot":5,"Cursed Key":16,"Burning Blood":0,"Akabeko":13,"WarpedTongs":17,"Blood Vial":6,"Bottled Flame":21,"Shuriken":4,"Ornamental Fan":27,"Orrery":20,"Philosopher\u0027s Stone":8,"Bag of Marbles":12,"Art of War":20,"Red Skull":12},{"Darkstone Periapt":42,"Singing Bowl":17,"Eternal Feather":28,"Thread and Needle":95,"Boot":23,"Cursed Key":73,"Burning Blood":0,"Akabeko":59,"WarpedTongs":74,"Blood Vial":25,"Bottled Flame":87,"Shuriken":17,"Ornamental Fan":112,"Orrery":82,"Philosopher\u0027s Stone":38,"Bag of Marbles":55,"Art of War":82,"Red Skull":55}]},"card_choices":[{"not_picked":["Headbutt","Sword Boomerang"],"picked":"Twin Strike","floor":1},{"not_picked":["Ghostly Armor","Headbutt"],"picked":"Dropkick","floor":2},{"not_picked":["Cleave","Burning Pact"],"picked":"Combust","floor":4},{"not_picked":["Dark Embrace","Evolve"],"picked":"Clothesline","floor":5},{"not_picked":["Dual Wield","Havoc"],"picked":"Flame Barrier","floor":11},{"not_picked":["Cleave","Flex"],"picked":"Sword Boomerang","floor":12},{"not_picked":["Juggernaut","Fire Breathing","Body Slam"],"picked":"Singing Bowl","floor":14},{"not_picked":["Reaper","Corruption"],"picked":"Immolate","floor":16},{"not_picked":["Thunderclap","Hemokinesis"],"picked":"Power Through","floor":18},{"not_picked":["Hemokinesis","Havoc"],"picked":"Second Wind","floor":22},{"not_picked":["Uppercut","Thunderclap+1","Hemokinesis+1"],"picked":"Singing Bowl","floor":24},{"not_picked":["Perfected Strike","Burning Pact"],"picked":"Ghostly Armor+1","floor":25},{"not_picked":["Inflame+1","Wild Strike+1"],"picked":"Disarm","floor":29},{"not_picked":["Warcry","Iron Wave","Havoc"],"picked":"Singing Bowl","floor":30},{"not_picked":["Flame Barrier+1","Body Slam"],"picked":"Spot Weakness","floor":31},{"not_picked":["Brutality","Demon Form"],"picked":"Double Tap","floor":33},{"not_picked":["Perfected Strike","Twin Strike"],"picked":"Battle Trance+1","floor":35},{"not_picked":["Reckless Charge+1","Thunderclap"],"picked":"Headbutt","floor":38},{"not_picked":["Wild Strike","Havoc","Clothesline"],"picked":"Singing Bowl","floor":39},{"not_picked":["Armaments","Thunderclap","Blood for Blood+1"],"picked":"Singing Bowl","floor":40},{"not_picked":["Anger","Body Slam"],"picked":"Limit Break","floor":41},{"not_picked":["Combust","Iron Wave+1","Pommel Strike"],"picked":"Singing Bowl","floor":41},{"not_picked":["Wild Strike+1","Pommel Strike+1","Iron Wave"],"picked":"Singing Bowl","floor":41},{"not_picked":["Twin Strike","Sever Soul+1","Rampage"],"picked":"Singing Bowl","floor":41},{"not_picked":["Thunderclap","Body Slam"],"picked":"Shrug It Off","floor":41},{"not_picked":["Carnage","Searing Blow"],"picked":"Limit Break","floor":42},{"not_picked":["Iron Wave","Carnage+1"],"picked":"Sword Boomerang","floor":45},{"not_picked":["Perfected Strike+1","Second Wind+1"],"picked":"Heavy Blade+1","floor":46},{"not_picked":["Sword Boomerang","Entrench","Clash"],"picked":"Singing Bowl","floor":47},{"not_picked":["Whirlwind","Cleave","Headbutt"],"picked":"SKIP","floor":55}],"player_experience":2921272,"relics_obtained":[{"floor":9,"key":"Shuriken"},{"floor":11,"key":"Boot"},{"floor":13,"key":"Blood Vial"},{"floor":14,"key":"Eternal Feather"},{"floor":25,"key":"Red Skull"},{"floor":26,"key":"Bag of Marbles"},{"floor":29,"key":"Akabeko"},{"floor":40,"key":"Art of War"},{"floor":42,"key":"Bottled Flame"},{"floor":47,"key":"Thread and Needle"},{"floor":55,"key":"Ornamental Fan"}],"event_choices":[{"cards_removed":["Strike_R"],"damage_healed":0,"gold_gain":0,"player_choice":"Purged","damage_taken":0,"max_hp_gain":0,"max_hp_loss":0,"event_name":"Purifier","floor":3,"gold_loss":0},{"damage_healed":0,"gold_gain":0,"player_choice":"Entered Light","damage_taken":23,"max_hp_gain":0,"max_hp_loss":0,"event_name":"Shining Light","floor":7,"gold_loss":0,"cards_upgraded":["Strike_R","Dropkick"]},{"damage_healed":0,"gold_gain":0,"player_choice":"Success","damage_taken":18,"relics_obtained":["Singing Bowl"],"max_hp_gain":0,"max_hp_loss":0,"event_name":"Scrap Ooze","floor":8,"gold_loss":0},{"damage_healed":0,"gold_gain":0,"player_choice":"Simplicity","damage_taken":0,"max_hp_gain":0,"max_hp_loss":0,"event_name":"Back to Basics","floor":19,"gold_loss":0,"cards_upgraded":["Strike_R","Defend_R","Defend_R","Defend_R","Defend_R"]},{"cards_removed":["Sword Boomerang"],"damage_healed":0,"gold_gain":0,"player_choice":"Gave Card","damage_taken":0,"relics_obtained":["Darkstone Periapt"],"max_hp_gain":0,"max_hp_loss":0,"event_name":"WeMeetAgain","floor":20,"gold_loss":0},{"damage_healed":0,"gold_gain":0,"player_choice":"Read","damage_taken":0,"max_hp_gain":0,"max_hp_loss":0,"event_name":"The Library","floor":28,"gold_loss":0,"cards_obtained":["Shockwave"]},{"damage_healed":0,"gold_gain":0,"player_choice":"Ignored","damage_taken":0,"max_hp_gain":0,"max_hp_loss":0,"event_name":"Tomb of Lord Red Mask","floor":36,"gold_loss":0},{"damage_healed":0,"gold_gain":0,"player_choice":"Rummage","damage_taken":0,"relics_obtained":["WarpedTongs"],"max_hp_gain":0,"max_hp_loss":0,"event_name":"Accursed Blacksmith","floor":37,"gold_loss":0,"cards_obtained":["Pain"]},{"damage_healed":0,"gold_gain":0,"player_choice":"Fight","damage_taken":0,"max_hp_gain":0,"max_hp_loss":0,"event_name":"Mysterious Sphere","floor":47,"gold_loss":0}],"is_beta":false,"boss_relics":[{"not_picked":["SacredBark","Busted Crown"],"picked":"Philosopher\u0027s Stone"},{"not_picked":["Astrolabe","Mark of Pain"],"picked":"Cursed Key"}],"items_purged_floors":[48],"is_endless":false,"potions_floor_spawned":[4,5,11,12,14,24,29,31,39,40,42,55],"killed_by":"The Heart","ascension_level":20}}