{"host":"e0cd4bhk462yjjnf","time":1608418308,"event":{"mods":["BaseMod","Colored Map","Colored Powertips","Downfall","Highlight Path","Minty Spire (QoL Compilation)","Replay The Spire","Shop Mod","StSLib"],"gold_per_floor":[99,125,125,125,34,68,94,125,125,0,11,88,102,102,116,220,220,95,80,99,127,77,97,146,81,31,66,90,90,178,288,310,428,428,303,100,177,127,157,107,157,200,212,261,297,340,381,60,105,127,139,196,37,37,51,51],"floor_reached":55,"playtime":4016,"items_purged":["Slimebound:Strike_Slimebound","CommonCold","Slimebound:Strike_Slimebound","Slimebound:Strike_Slimebound"],"score":851,"play_id":"a4448a9b-af32-4e79-aae8-bb465adfe7fb","local_time":"20201219175148","is_ascension_mode":false,"campfire_choices":[{"floor":10,"key":"DIG"},{"floor":18,"key":"DIG"},{"floor":22,"key":"RECALL"},{"floor":26,"key":"DIG"},{"floor":35,"key":"DIG"},{"floor":38,"key":"DIG"},{"floor":40,"key":"DIG"},{"floor":54,"key":"REST"}],"circlet_count":0,"master_deck":["Slimebound:Tackle","Slimebound:Defend_Slimebound","Slimebound:Defend_Slimebound+1","Slimebound:Defend_Slimebound","Slimebound:Defend_Slimebound","Slimebound:Split","Slimebound:CorrosiveSpit","Slimebound:SlimeBarrage","Slimebound:GrowthPunch+1","Slimebound:LevelUp","Slimebound:ItLooksTasty+1","Slimebound:FinishingTackle+1","Slimebound:SplitMire+1","Slimebound:SplitAcid","Slimebound:RejuvenatingLick","Slimebound:SlimeSlap+1","Slimebound:SelfFormingGoo","Slimebound:LeechingTouch+1","Slimebound:LeechEnergy+1","Slimebound:SplitMire","Slimebound:SlimeSpikes","Slimebound:PrepareCrush","Slimebound:ViciousTackle+1","Slimebound:PressTheAttack+1","Slimebound:SlimeSpikes","Slimebound:PressTheAttack+1","Slimebound:OozeBath","Slimebound:FlameTackle+1","Slimebound:GoopSpray","Slimebound:ForwardTackle+1","Parasite","Slimebound:Repurpose+1","Slimebound:SplitLeeching+1","Slimebound:GoopSpray","Crow Ritual","ReplayTheSpireMod:Uncanny Aura","Chrysalis"],"relics":["Slimebound:AbsorbEndCombat","Mirror","Molten Egg 2","Shovel","Smiling Mask","Happy Flower","Slimebound:GreedOozeRelic","downfall:HeartBlessingGreen","Lantern","Black Star","downfall:HeartBlessingBlue","ReplayTheSpireMod:Shallot","Iron Hammer","HornCleat","Juzu Bracelet","Replay:Bandana","Ancient Tea Set","Ring of Fangs","Ring of Hypnosis","MerchantsRug","War Paint","White Beast Statue","Busted Crown","downfall:HeartBlessingRed","Bag of Marbles","Slimebound:SelfDamagePreventRelic","InkBottle","Regal Pillow","Ice Cream","MawBank","MealTicket","Meat on the Bone","Torii","StrikeDummy","ReplayTheSpireMod:ShopPack"],"acts_visited":["Exordium","TheCity","TheBeyond","TheEnding"],"potions_floor_usage":[16,16,19,25,30,50,50,55],"damage_taken":[{"damage":48,"enemies":"Lagavulin","floor":2,"turns":8},{"damage":4,"enemies":"downfall:FleeingMerchant","floor":5,"turns":4},{"damage":33,"enemies":"3 Sentries","floor":6,"turns":9},{"damage":44,"enemies":"Gremlin Nob","floor":8,"turns":5},{"damage":10,"enemies":"Jaw Worm","floor":11,"turns":3},{"damage":4,"enemies":"2 Louse","floor":13,"turns":2},{"damage":0,"enemies":"Cultist","floor":14,"turns":1},{"damage":13,"enemies":"Exordium Thugs","floor":15,"turns":3},{"damage":59,"enemies":"downfall:Ironclad","floor":16,"turns":4},{"damage":14,"enemies":"downfall:FleeingMerchant","floor":19,"turns":4},{"damage":15,"enemies":"Spheric Guardian","floor":20,"turns":3},{"damage":61,"enemies":"Slavers","floor":21,"turns":3},{"damage":12,"enemies":"Chosen","floor":23,"turns":3},{"damage":15,"enemies":"downfall:FleeingMerchant","floor":25,"turns":4},{"damage":27,"enemies":"Book of Stabbing","floor":27,"turns":4},{"damage":12,"enemies":"Snecko","floor":28,"turns":3},{"damage":21,"enemies":"downfall:FleeingMerchant","floor":30,"turns":4},{"damage":35,"enemies":"downfall:LadyInBlue","floor":31,"turns":4},{"damage":20,"enemies":"Centurion and Healer","floor":32,"turns":4},{"damage":61,"enemies":"downfall:Defect","floor":33,"turns":7},{"damage":8,"enemies":"3 Darklings","floor":39,"turns":4},{"damage":4,"enemies":"3 Shapes","floor":42,"turns":2},{"damage":72,"enemies":"Reptomancer","floor":44,"turns":5},{"damage":16,"enemies":"Transient","floor":45,"turns":5},{"damage":12,"enemies":"Writhing Mass","floor":46,"turns":4},{"damage":23,"enemies":"4 Shapes","floor":47,"turns":3},{"damage":18,"enemies":"3 Darklings","floor":49,"turns":5},{"damage":94,"enemies":"downfall:Silent","floor":50,"turns":8},{"damage":96,"enemies":"downfall:CharBossMerchant","floor":52,"turns":7},{"damage":279,"enemies":"downfall:NeowBoss","floor":55,"turns":28}],"seed_played":"-938046804739958513","potions_obtained":[{"floor":11,"key":"Swift Potion"},{"floor":13,"key":"FearPotion"},{"floor":16,"key":"Explosive Potion"},{"floor":21,"key":"BlessingOfTheForge"},{"floor":27,"key":"Explosive Potion"},{"floor":31,"key":"GamblersBrew"},{"floor":31,"key":"CultistPotion"},{"floor":31,"key":"FairyPotion"},{"floor":32,"key":"champ:CounterPotion"},{"floor":33,"key":"Slimebound:SlimyTonguePotion"},{"floor":52,"key":"Fire Potion"}],"is_trial":false,"path_per_floor":["R_BF","E","?","?","$","E","T","E","?","R","M","T","M","M","M","B",null,"R","$","M","E","R","M","T","$","R","E","M","?","$","?","M","B",null,"R","$","?","R","M","R","T","M","?","E","M","M","M","?","M","B",null,"E","$","R","B"],"character_chosen":"SLIMEBOUND","items_purchased":["Slimebound:LevelUp","MerchantsRug","War Paint","Fruit Juice","Slimebound:SelfDamagePreventRelic","ReplayTheSpireMod:ShopPack"],"campfire_rested":1,"item_purchase_floors":[5,30,30,30,36,53],"current_hp_per_floor":[66,58,58,46,62,61,61,41,41,41,39,39,43,43,48,23,66,76,76,76,49,49,57,57,68,68,72,78,78,74,67,71,62,83,83,83,83,83,83,83,83,83,83,40,70,83,76,93,93,56,93,53,68,93,0,0],"gold":51,"neow_bonus":"TEN_PERCENT_HP_BONUS","is_daily":false,"chose_seed":false,"campfire_upgraded":0,"win_rate":0.0,"timestamp":1608418308,"path_taken":["R_BF","E","?","?","$","E","T","E","?","R","?","?","M","?","M","BOSS","R","$","M","E","R","M","T","?","R","E","M","?","?","?","M","BOSS","R","$","?","R","M","R","T","M","?","E","M","M","M","?","M","BOSS","E","$","R","BOSS"],"items_purchased_type":["Card","Relic","Relic","Potion","Relic","Relic"],"build_version":"2020-12-13","purchased_purges":4,"victory":false,"max_hp_per_floor":[66,66,66,66,66,66,66,66,66,66,66,66,66,66,66,66,66,76,76,76,76,76,76,76,76,76,76,78,78,83,83,83,83,83,83,83,83,83,83,83,83,83,83,83,83,83,83,93,93,93,93,93,93,93,93,93],"card_choices":[{"not_picked":["Slimebound:LeechingTouch","Slimebound:RollThrough"],"picked":"Slimebound:SlimeBarrage","floor":2},{"not_picked":["Slimebound:RollThrough+1","Slimebound:SlimeSpikes"],"picked":"Slimebound:GrowthPunch+1","floor":5},{"not_picked":["Slimebound:MegaLick","Slimebound:LeadByExample"],"picked":"Slimebound:ItLooksTasty+1","floor":6},{"not_picked":["Slimebound:Prepare","Slimebound:SplitBruiser"],"picked":"Slimebound:FinishingTackle+1","floor":8},{"not_picked":["Slimebound:FinishingTackle+1","Slimebound:Prepare"],"picked":"Slimebound:SplitMire","floor":11},{"not_picked":["Slimebound:GrowthPunch+1","Slimebound:LevelUp"],"picked":"Slimebound:SplitAcid","floor":13},{"not_picked":["Slimebound:SpikyOuterGoop","Slimebound:SamplingLick"],"picked":"Slimebound:RejuvenatingLick","floor":14},{"not_picked":["Slimebound:LeadByExample","Slimebound:GoopSpray"],"picked":"Slimebound:SlimeSlap+1","floor":15},{"not_picked":["Slimebound:LeechLife+1","Slimebound:Teamwork"],"picked":"Slimebound:SelfFormingGoo","floor":16},{"not_picked":["Slimebound:MinionMaster","Slimebound:ComboTackle+1"],"picked":"Slimebound:LeechingTouch+1","floor":19},{"not_picked":["Slimebound:SlimeSpikes","Slimebound:RollThrough+1"],"picked":"Slimebound:LeechEnergy+1","floor":20},{"not_picked":["Slimebound:Replication","Slimebound:SplitAcid"],"picked":"Slimebound:SplitMire","floor":21},{"not_picked":["Slimebound:Chomp+1","Slimebound:GoopTackle+1"],"picked":"Slimebound:SlimeSpikes","floor":23},{"not_picked":["Slimebound:LeechEnergy+1","Slimebound:GrowthPunch+1"],"picked":"Slimebound:PrepareCrush","floor":25},{"not_picked":["Slimebound:DisruptingSlam+1","Slimebound:ItLooksTasty+1"],"picked":"Slimebound:ViciousTackle+1","floor":27},{"not_picked":["Slimebound:SlimeBrawl+1","Slimebound:LeechEnergy+1","Slimebound:LevelUp"],"picked":"Singing Bowl","floor":28},{"not_picked":["Slimebound:LeechingTouch+1","Slimebound:GrowthPunch+1"],"picked":"Slimebound:PressTheAttack+1","floor":30},{"not_picked":["Slimebound:ComboTackle+1","Slimebound:SplitAcid"],"picked":"Slimebound:SlimeSpikes","floor":31},{"not_picked":["Slimebound:LeechingTouch+1","Slimebound:Replication+1"],"picked":"Slimebound:PressTheAttack+1","floor":32},{"not_picked":["Slimebound:MassRepurpose","Slimebound:Teamwork"],"picked":"Slimebound:OozeBath","floor":33},{"not_picked":["Slimebound:SplitAcid"],"picked":"SKIP","floor":39},{"not_picked":[],"picked":"Slimebound:FlameTackle+1","floor":42},{"not_picked":[],"picked":"Slimebound:GoopSpray","floor":44},{"not_picked":[],"picked":"Slimebound:ForwardTackle+1","floor":45},{"not_picked":[],"picked":"Slimebound:Repurpose+1","floor":46},{"not_picked":[],"picked":"Slimebound:SplitLeeching+1","floor":47},{"not_picked":["Slimebound:SplitBruiser"],"picked":"SKIP","floor":49},{"not_picked":[],"picked":"Slimebound:GoopSpray","floor":52},{"not_picked":[],"picked":"Crow Ritual","floor":53},{"not_picked":[],"picked":"ReplayTheSpireMod:Uncanny Aura","floor":53},{"not_picked":[],"picked":"Chrysalis","floor":53}],"player_experience":352922,"relics_obtained":[{"floor":2,"key":"Mirror"},{"floor":6,"key":"Shovel"},{"floor":7,"key":"Smiling Mask"},{"floor":8,"key":"Happy Flower"},{"floor":10,"key":"Matryoshka"},{"floor":12,"key":"Lantern"},{"floor":18,"key":"ReplayTheSpireMod:Shallot"},{"floor":21,"key":"Iron Hammer"},{"floor":21,"key":"HornCleat"},{"floor":24,"key":"Juzu Bracelet"},{"floor":24,"key":"Simple Rune"},{"floor":26,"key":"Singing Bowl"},{"floor":27,"key":"Replay:Bandana"},{"floor":27,"key":"Ancient Tea Set"},{"floor":29,"key":"Ring of Fangs"},{"floor":29,"key":"Ring of Hypnosis"},{"floor":31,"key":"White Beast Statue"},{"floor":35,"key":"Bag of Marbles"},{"floor":37,"key":"InkBottle"},{"floor":38,"key":"Regal Pillow"},{"floor":40,"key":"Ice Cream"},{"floor":41,"key":"MawBank"},{"floor":44,"key":"MealTicket"},{"floor":44,"key":"Meat on the Bone"},{"floor":52,"key":"Torii"},{"floor":52,"key":"StrikeDummy"}],"event_choices":[{"damage_healed":0,"gold_gain":0,"player_choice":"Success","damage_taken":12,"relics_obtained":["Molten Egg 2"],"max_hp_gain":0,"max_hp_loss":0,"event_name":"Scrap Ooze","floor":4,"gold_loss":0},{"damage_healed":0,"gold_gain":0,"player_choice":"Ignored","damage_taken":0,"max_hp_gain":0,"max_hp_loss":0,"event_name":"Mysterious Sphere","floor":43,"gold_loss":0}],"is_beta":false,"boss_relics":[{"not_picked":["Tiny House","Runic Pyramid"],"picked":"Black Star"},{"not_picked":["Snecko Eye","Philosopher\u0027s Stone"],"picked":"Busted Crown"}],"items_purged_floors":[25,30,36,53],"is_endless":false,"potions_floor_spawned":[11,13,16,21,27,32,33,39,42,44,45,46,47,49,52],"killed_by":"downfall:NeowBoss","ascension_level":0}}