{"host":"15dd7v8o90xso62x","time":1608402890,"event":{"mods":["BaseMod","Minty Spire (QoL Compilation)","Quick Restart","StSLib"],"gold_per_floor":[19,38,113,133,144,144,177,177,203,219,169,13,40,40,40,142,142,161,179,94,104,104,104,104,120,147,159,171,201,213,225,225],"floor_reached":31,"playtime":623,"items_purged":["Defend_P"],"score":320,"play_id":"9a0fc44c-dc52-4b1c-9c31-207ff8d79eff","local_time":"20201220033450","is_ascension_mode":false,"campfire_choices":[{"data":"Eruption","floor":6.0,"key":"SMITH"},{"data":"ClearTheMind","floor":8.0,"key":"SMITH"},{"data":"WheelKick","floor":15.0,"key":"SMITH"},{"data":"Adaptation","floor":23.0,"key":"SMITH"},{"data":"Ragnarok","floor":28,"key":"SMITH"}],"circlet_count":0,"master_deck":["Strike_P","Strike_P","Strike_P","Strike_P","Defend_P","Defend_P","Eruption+1","Vigilance","Ragnarok+1","Perseverance","ClearTheMind+1","MentalFortress","MentalFortress","WheelKick+1","DeusExMachina","Judgement","Adaptation+1","ClearTheMind+1"],"relics":["PureWater","Juzu Bracelet","Ancient Tea Set","Blood Vial","Runic Pyramid","Tiny Chest","MawBank","Meat on the Bone","Matryoshka"],"acts_visited":["Exordium","TheCity"],"potions_floor_usage":[],"damage_taken":[{"damage":2.0,"enemies":"Small Slimes","floor":1.0,"turns":5.0},{"damage":0.0,"enemies":"Jaw Worm","floor":2.0,"turns":2.0},{"damage":0.0,"enemies":"Cultist","floor":4.0,"turns":4.0},{"damage":17.0,"enemies":"3 Louse","floor":5.0,"turns":5.0},{"damage":0.0,"enemies":"Lagavulin","floor":7.0,"turns":4.0},{"damage":8.0,"enemies":"Red Slaver","floor":10.0,"turns":4.0},{"damage":4.0,"enemies":"Gremlin Nob","floor":13.0,"turns":4.0},{"damage":0.0,"enemies":"Slime Boss","floor":16.0,"turns":5.0},{"damage":0.0,"enemies":"Shell Parasite","floor":18.0,"turns":1.0},{"damage":0.0,"enemies":"Spheric Guardian","floor":19.0,"turns":3.0},{"damage":11.0,"enemies":"Snake Plant","floor":21.0,"turns":2.0},{"damage":20,"enemies":"Snecko","floor":25,"turns":4},{"damage":0,"enemies":"Chosen and Byrds","floor":29,"turns":3}],"seed_played":"2499879938853109334","potions_obtained":[{"floor":1.0,"key":"DuplicationPotion"},{"floor":2.0,"key":"Strength Potion"},{"floor":5.0,"key":"BlessingOfTheForge"},{"floor":18.0,"key":"LiquidBronze"},{"floor":21.0,"key":"Weak Potion"}],"is_trial":false,"path_per_floor":["M","M","?","M","M","R","E","R","T","M","?","$","E","?","R","B",null,"M","M","?","M","?","R","?","M","T","?","R","M","T","?"],"character_chosen":"WATCHER","items_purchased":["WheelKick"],"campfire_rested":0,"item_purchase_floors":[12],"current_hp_per_floor":[70,70,59,59,42,42,42,42,42,34,34,34,30,30,30,32,72,72,72,72,61,61,61,61,43,43,43,43,45,45,45,45],"gold":225,"neow_bonus":"THREE_RARE_CARDS","is_daily":false,"chose_seed":false,"campfire_upgraded":5,"win_rate":0.0,"timestamp":1608402890,"path_taken":["M","M","?","M","M","R","E","R","T","M","?","?","E","?","R","BOSS","M","M","?","M","?","R","?","M","T","?","R","M","?","?"],"items_purchased_type":["Card"],"build_version":"2020-12-13","purchased_purges":1,"victory":false,"max_hp_per_floor":[72,72,72,72,72,72,72,72,72,72,72,72,72,72,72,72,72,72,72,72,72,72,72,72,72,72,72,72,72,72,72,72],"card_choices":[{"not_picked":["SpiritShield","Omniscience"],"picked":"Ragnarok","floor":0.0},{"not_picked":["Wireheading","Indignation","CarveReality"],"picked":"SKIP","floor":1.0},{"not_picked":["DeceiveReality","Tantrum"],"picked":"Perseverance","floor":2.0},{"not_picked":["Protect","FlurryOfBlows"],"picked":"ClearTheMind","floor":4.0},{"not_picked":["Evaluate","Crescendo","Protect"],"picked":"SKIP","floor":5.0},{"not_picked":["FearNoEvil","Vengeance"],"picked":"MentalFortress","floor":7.0},{"not_picked":["Evaluate","Crescendo"],"picked":"MentalFortress","floor":10.0},{"not_picked":["Consecrate","Pray","SandsOfTime"],"picked":"SKIP","floor":13.0},{"not_picked":["ConjureBlade","Judgement"],"picked":"DeusExMachina","floor":16.0},{"not_picked":["Collect","Perseverance","CrushJoints+1"],"picked":"SKIP","floor":18.0},{"not_picked":["BattleHymn","Halt","EmptyFist"],"picked":"SKIP","floor":19.0},{"not_picked":["Evaluate","ThirdEye"],"picked":"Judgement","floor":21.0},{"not_picked":["Vengeance","PathToVictory","WaveOfTheHand"],"picked":"SKIP","floor":25},{"not_picked":["Sanctity","Worship"],"picked":"ClearTheMind+1","floor":29}],"player_experience":925682,"relics_obtained":[{"floor":7.0,"key":"Juzu Bracelet"},{"floor":9.0,"key":"Ancient Tea Set"},{"floor":13.0,"key":"Blood Vial"},{"floor":26,"key":"MawBank"},{"floor":30,"key":"Meat on the Bone"}],"event_choices":[{"damage_healed":0.0,"max_hp_gain":0.0,"max_hp_loss":0.0,"gold_gain":75.0,"event_name":"World of Goop","player_choice":"Gather Gold","floor":3.0,"gold_loss":0.0,"damage_taken":11.0},{"cards_removed":["Defend_P"],"damage_healed":0.0,"max_hp_gain":0.0,"max_hp_loss":0.0,"gold_gain":0.0,"event_name":"The Cleric","player_choice":"Card Removal","floor":11.0,"gold_loss":50.0,"damage_taken":0.0},{"damage_healed":0.0,"max_hp_gain":0.0,"max_hp_loss":0.0,"gold_gain":0.0,"event_name":"Liars Game","player_choice":"Ignored","floor":14.0,"gold_loss":0.0,"damage_taken":0.0},{"damage_healed":0.0,"max_hp_gain":0.0,"max_hp_loss":0.0,"gold_gain":0.0,"event_name":"Addict","player_choice":"Obtained Relic","floor":20.0,"gold_loss":85.0,"damage_taken":0.0,"relics_obtained":["Tiny Chest"]},{"damage_healed":0.0,"max_hp_gain":0.0,"max_hp_loss":0.0,"gold_gain":0.0,"event_name":"The Library","player_choice":"Read","floor":22.0,"gold_loss":0.0,"damage_taken":0.0,"cards_obtained":["Adaptation"]},{"damage_healed":0.0,"max_hp_gain":0.0,"max_hp_loss":0.0,"gold_gain":0.0,"event_name":"Ghosts","player_choice":"Ignored","floor":24.0,"gold_loss":0.0,"damage_taken":0.0},{"damage_healed":0,"gold_gain":0,"player_choice":"Ignored","damage_taken":0,"max_hp_gain":0,"max_hp_loss":0,"event_name":"Vampires","floor":27,"gold_loss":0},{"damage_healed":0,"gold_gain":0,"player_choice":"Opened","damage_taken":0,"relics_obtained":["Matryoshka"],"max_hp_gain":0,"max_hp_loss":0,"event_name":"The Mausoleum","floor":31,"gold_loss":0}],"is_beta":false,"boss_relics":[{"not_picked":["Ectoplasm","Cursed Key"],"picked":"Runic Pyramid"}],"items_purged_floors":[12],"is_endless":false,"potions_floor_spawned":[1,2,5,18,21],"ascension_level":0}}