{"host":"pbf6u3tyx46snqc7","time":1608397287,"event":{"mods":["AchievementEnabler","BaseMod","Colored Map","Marisa£¨Ùöéë¡¡Øª×âÞÞ£©","Minty Spire (QoL Compilation)","Rare Cards Sparkle","Shop Mod","SuperFastMode"],"gold_per_floor":[369,369,70,83,96,96,125,143,143,143,154,139,169,195,195,269,269,282,37,0,11,11,11,29,60,130,5,24,24,24,37,37,115,115,128,141,155,155,168,168,168,182,182,32,52,105,105,119,119,119],"floor_reached":51,"playtime":3243,"items_purged":["Wraith","Decay","Strike_B","Strike_B"],"score":1129,"play_id":"ae801d93-8cc6-4cac-af90-1cb30562d894","local_time":"20201220020127","is_ascension_mode":true,"campfire_choices":[{"data":"Defragment","floor":6.0,"key":"SMITH"},{"floor":10.0,"key":"REST"},{"data":"Chaos","floor":15.0,"key":"SMITH"},{"floor":23.0,"key":"RECALL"},{"floor":30.0,"key":"REST"},{"floor":32.0,"key":"REST"},{"floor":40.0,"key":"REST"},{"floor":49.0,"key":"REST"}],"circlet_count":0,"master_deck":["AscendersBane","Strike_B","Defend_B","Defend_B","Defend_B","Defend_B","Zap","Dualcast","Consume","Defragment+1","FTL","Loop","Genetic Algorithm","Chaos+1","Leap","Hologram","Chill","Undo","Cold Snap","Conserve Battery","Compile Driver","Ball Lightning","Echo Form","Defragment+1","White Noise","Thunder Strike","Coolheaded","Blizzard","Electrodynamics","Coolheaded+1","Defragment","Consume","Echo Form","Turbo+1"],"relics":["Cracked Core","Orrery","Lantern","Question Card","Bottled Lightning","Odd Mushroom","Fusion Hammer","DollysMirror","Darkstone Periapt","Eternal Feather","Inserter","Kunai","Regal Pillow"],"acts_visited":["Exordium","TheCity","TheBeyond"],"potions_floor_usage":[50,50],"damage_taken":[{"damage":0.0,"enemies":"Small Slimes","floor":1.0,"turns":3.0},{"damage":10.0,"enemies":"Cultist","floor":4.0,"turns":4.0},{"damage":2.0,"enemies":"Jaw Worm","floor":5.0,"turns":4.0},{"damage":2.0,"enemies":"Lagavulin","floor":7.0,"turns":7.0},{"damage":6.0,"enemies":"Looter","floor":8.0,"turns":4.0},{"damage":0.0,"enemies":"Blue Slaver","floor":11.0,"turns":4.0},{"damage":11.0,"enemies":"Exordium Thugs","floor":12.0,"turns":4.0},{"damage":5.0,"enemies":"3 Sentries","floor":13.0,"turns":7.0},{"damage":5.0,"enemies":"The Mushroom Lair","floor":14.0,"turns":6.0},{"damage":5.0,"enemies":"Hexaghost","floor":16.0,"turns":9.0},{"damage":0.0,"enemies":"3 Byrds","floor":18.0,"turns":5.0},{"damage":1.0,"enemies":"Shell Parasite","floor":21.0,"turns":6.0},{"damage":12.0,"enemies":"Sentry and Sphere","floor":24.0,"turns":9.0},{"damage":8.0,"enemies":"Gremlin Leader","floor":25.0,"turns":8.0},{"damage":21.0,"enemies":"Shelled Parasite and Fungi","floor":28.0,"turns":6.0},{"damage":13.0,"enemies":"Snake Plant","floor":31.0,"turns":4.0},{"damage":56.0,"enemies":"Automaton","floor":33.0,"turns":10.0},{"damage":6.0,"enemies":"3 Darklings","floor":35.0,"turns":6.0},{"damage":2.0,"enemies":"Orb Walker","floor":36.0,"turns":5.0},{"damage":11.0,"enemies":"Transient","floor":37.0,"turns":5.0},{"damage":0.0,"enemies":"3 Darklings","floor":39.0,"turns":5.0},{"damage":22.0,"enemies":"Maw","floor":42.0,"turns":7.0},{"damage":36.0,"enemies":"Spire Growth","floor":45.0,"turns":7.0},{"damage":0.0,"enemies":"3 Darklings","floor":48.0,"turns":5.0},{"damage":46,"enemies":"Awakened One","floor":50,"turns":13}],"seed_played":"-3572373428954278715","potions_obtained":[{"floor":7.0,"key":"PowerPotion"},{"floor":12.0,"key":"SkillPotion"},{"floor":13.0,"key":"ColorlessPotion"},{"floor":18.0,"key":"ColorlessPotion"},{"floor":21.0,"key":"Regen Potion"},{"floor":33.0,"key":"SneckoOil"},{"floor":36.0,"key":"PotionOfCapacity"},{"floor":39.0,"key":"GamblersBrew"},{"floor":45.0,"key":"Energy Potion"}],"is_trial":false,"path_per_floor":["M","?","$","M","M","R","E","M","T","R","M","M","E","?","R","B",null,"M","$","?","M","?","R","M","E","T","$","M","?","R","M","R","B",null,"M","M","M","?","M","R","$","M","T","$","M","T","$","M","R","B",null],"character_chosen":"DEFECT","items_purchased":["Defragment","Orrery","DollysMirror"],"campfire_rested":5,"item_purchase_floors":[3,3,19],"current_hp_per_floor":[64,64,64,54,52,52,50,44,44,65,65,54,49,44,44,39,63,63,63,63,62,62,62,65,57,57,57,36,36,71,58,71,15,57,51,49,38,38,38,71,71,49,49,49,13,13,13,13,67,21],"gold":119,"neow_bonus":"TWO_FIFTY_GOLD","is_daily":false,"chose_seed":false,"campfire_upgraded":2,"win_rate":0.0,"timestamp":1608397287,"path_taken":["M","?","$","M","M","R","E","?","T","R","M","M","E","?","R","BOSS","M","$","?","M","?","R","M","E","T","$","M","?","R","M","R","BOSS","M","M","M","?","M","R","$","?","T","$","M","?","?","M","R","BOSS"],"items_purchased_type":["Card","Relic","Relic"],"build_version":"2020-12-13","purchased_purges":4,"victory":true,"max_hp_per_floor":[71,71,71,71,71,71,71,71,71,71,71,71,71,71,71,71,71,71,71,71,71,71,71,71,71,71,71,71,71,71,71,71,71,71,71,71,71,71,71,71,71,71,71,71,71,71,71,71,71,71],"card_choices":[{"not_picked":["Heatsinks","Leap"],"picked":"Consume","floor":1.0},{"not_picked":["Hologram","Reprogram"],"picked":"FTL","floor":3.0},{"not_picked":["Ball Lightning","Steam"],"picked":"Loop","floor":3.0},{"not_picked":["All For One","Skim"],"picked":"Genetic Algorithm","floor":3.0},{"not_picked":["Redo","Lockon"],"picked":"Chaos","floor":3.0},{"not_picked":["Beam Cell","Steam"],"picked":"Leap","floor":3.0},{"not_picked":["Blizzard","Rebound"],"picked":"Hologram","floor":4.0},{"not_picked":["Barrage","Streamline"],"picked":"Chill","floor":5.0},{"not_picked":["Hyperbeam","Barrage"],"picked":"Undo","floor":7.0},{"not_picked":["Ball Lightning","BootSequence"],"picked":"Cold Snap","floor":8.0},{"not_picked":["Rebound","Redo","Hello World"],"picked":"Conserve Battery","floor":11.0},{"not_picked":["Streamline","Heatsinks","Force Field"],"picked":"Compile Driver","floor":12.0},{"not_picked":["Double Energy","Tempest","Streamline"],"picked":"Ball Lightning","floor":13.0},{"not_picked":["Buffer","Core Surge","Electrodynamics"],"picked":"Echo Form","floor":16.0},{"not_picked":["Steam+1","Cold Snap","BootSequence","Beam Cell"],"picked":"SKIP","floor":18.0},{"not_picked":["Undo+1","Rebound","Turbo","Ball Lightning"],"picked":"SKIP","floor":21.0},{"not_picked":["Conserve Battery","Sweeping Beam","Lockon"],"picked":"White Noise","floor":24.0},{"not_picked":["Darkness","Sweeping Beam+1","Reinforced Body"],"picked":"Thunder Strike","floor":25.0},{"not_picked":["Barrage","Ball Lightning","Fusion"],"picked":"Coolheaded","floor":28.0},{"not_picked":["FTL","Steam Power","Coolheaded"],"picked":"Blizzard","floor":31.0},{"not_picked":["Creative AI","Meteor Strike","Hyperbeam"],"picked":"Electrodynamics","floor":33.0},{"not_picked":["Hologram","Heatsinks","Aggregate","Genetic Algorithm"],"picked":"SKIP","floor":35.0},{"not_picked":["Hologram","Turbo","Blizzard"],"picked":"Coolheaded+1","floor":36.0},{"not_picked":["Ball Lightning","Cold Snap+1","Redo","Rebound"],"picked":"SKIP","floor":37.0},{"not_picked":["Stack","Reprogram","Gash"],"picked":"Defragment","floor":39.0},{"not_picked":["Cold Snap+1","Conserve Battery","Capacitor+1"],"picked":"Consume","floor":42.0},{"not_picked":["Blizzard","Chaos+1","Auto Shields"],"picked":"Echo Form","floor":45.0},{"not_picked":["Loop","Undo","Leap"],"picked":"Turbo+1","floor":48.0}],"player_experience":282596,"relics_obtained":[{"floor":7.0,"key":"Lantern"},{"floor":9.0,"key":"Question Card"},{"floor":13.0,"key":"Bottled Lightning"},{"floor":14.0,"key":"Odd Mushroom"},{"floor":25.0,"key":"Darkstone Periapt"},{"floor":26.0,"key":"Eternal Feather"},{"floor":43.0,"key":"Kunai"},{"floor":46.0,"key":"Regal Pillow"}],"event_choices":[{"damage_healed":0.0,"max_hp_gain":0.0,"max_hp_loss":0.0,"gold_gain":0.0,"event_name":"Wheel of Change","player_choice":"Cursed","floor":2.0,"gold_loss":0.0,"damage_taken":0.0,"cards_obtained":["Decay"]},{"damage_healed":0.0,"max_hp_gain":0.0,"max_hp_loss":0.0,"gold_gain":0.0,"event_name":"Mushrooms","player_choice":"Fought Mushrooms","floor":14.0,"gold_loss":0.0,"damage_taken":0.0},{"damage_healed":0.0,"max_hp_gain":0.0,"max_hp_loss":0.0,"gold_gain":0.0,"event_name":"Masked Bandits","player_choice":"Paid Fearfully","floor":20.0,"gold_loss":37.0,"damage_taken":0.0},{"damage_healed":0.0,"max_hp_gain":0.0,"max_hp_loss":0.0,"gold_gain":0.0,"event_name":"The Mausoleum","player_choice":"Ignored","floor":22.0,"gold_loss":0.0,"damage_taken":0.0},{"cards_removed":["Strike_B"],"damage_healed":0.0,"max_hp_gain":0.0,"max_hp_loss":0.0,"gold_gain":0.0,"event_name":"Wheel of Change","player_choice":"Card Removal","floor":29.0,"gold_loss":0.0,"damage_taken":0.0},{"damage_healed":0.0,"max_hp_gain":0.0,"max_hp_loss":0.0,"gold_gain":0.0,"event_name":"Match and Keep!","player_choice":"0 cards matched","floor":38.0,"gold_loss":0.0,"damage_taken":0.0,"cards_obtained":[]}],"is_beta":false,"boss_relics":[{"not_picked":["Empty Cage","Velvet Choker"],"picked":"Fusion Hammer"},{"not_picked":["SlaversCollar","Nuclear Battery"],"picked":"Inserter"}],"items_purged_floors":[3,19,27,44],"is_endless":false,"potions_floor_spawned":[7,12,13,16,18,21,33,36,39,45,48],"ascension_level":15}}