{"host":"f55as6l9it18gcgo","time":1608361046,"event":{"mods":["Aspiration","BaseMod","Colored Map","Colored Powertips","DeckTracker","Downfall","Highlight Path","Hubris","Infinite Spire","Minty Spire (QoL Compilation)","Quick Restart","Random Character Button","Relic Sorter","Replay The Spire","StSLib","SuperFastMode","Synergy Search","The Animator","The Cursed","The Disciple","The Jungle","The Runesmith","The Servant 0.9.4"],"gold_per_floor":[99,129,14,14,14,14,14,44,59,59,59,74,89,104,119,219,219,219,234,249,264,279,279,279,309,309,339,344,344,344,359,374,474,474,474,563,578,593,608,623,673,706,765,765,806,871,916,959,981,981],"floor_reached":49,"playtime":2554,"items_purged":[],"score":697,"play_id":"76ecd701-cd00-451d-bf21-2df015b05c59","local_time":"20201218225726","daily_mods":["Insanity","Time Dilation","Binary"],"is_ascension_mode":false,"campfire_choices":[{"data":"ReplayTheSpireMod:Strike From Hell","floor":1,"key":"SMITH"},{"floor":4,"key":"RECALL"},{"data":"Heavy Blade","floor":10,"key":"SMITH"},{"data":"Seeing Red","floor":18,"key":"SMITH"},{"data":"Second Wind","floor":26,"key":"SMITH"},{"floor":35,"key":"DIG"},{"data":"Flex","floor":44,"key":"SMITH"}],"circlet_count":0,"master_deck":["True Grit","Body Slam","Warcry","ReplayTheSpireMod:Strike From Hell+1","Body Slam","Heavy Blade","Carnage","Heavy Blade","Life Link","Shrug It Off","Seeing Red+1","ReplayTheSpireMod:Strike From Hell","Wild Strike","Pommel Strike","Headbutt","ReplayTheSpireMod:Strike From Hell","Twin Strike","Thunderclap","Havoc","Second Wind+1","Clothesline","Shrug It Off","Havoc","Rampage","Anger","True Grit","Run Through","True Grit","Sword Boomerang","Spot Weakness","Spot Weakness","Anger","Flex+1","Defy Death","Combust","Warcry","Uppercut","Pommel Strike","infinitespire:OneForAll","Run Through","ReplayTheSpireMod:Corrosion Curse","Havoc","Shrug It Off","True Grit","Clash","ReplayTheSpireMod:Strike From Hell","True Grit","Heavy Blade+1","Power Through","Shrug It Off","Feel No Pain","Whirlwind","Delirium","Injury","Clash","Defy Death+1","Spot Weakness+1","Heavy Blade","Impervious+1","Iron Wave","Immolate","Pommel Strike","Cleave","Sword Boomerang","Flex+1","Slimebound:Tackle+1","Slimebound:Tackle+1","Slimebound:Tackle+1","RitualDagger","Berserk","Double Tap+1","Bloodletting+1","ReplayReversal+1","ReplayReversal+1","Entrench+1","Power Through+1","animator:Curse_Nutcracker","ReplayTheSpireMod:LeadingStrike+1","Normality"],"relics":["Burning Blood","Akabeko","ReplayTheSpireMod:Ring of Collecting","Ring of Misfortune","Toxic Egg 2","Ring of Peace","Thread and Needle","Strawberry","Blood Vial","Eternal Feather","hubris:EvacipatedBox","Philosopher\u0027s Stone","Pondfish Scales","Ring of Panic","Boot","aspiration:SeaSaltIceCream","Uniform","Red Mask","Replay:Bronze Core","Smiling Mask","Anchor","Ring of Greed","InkBottle","MealTicket","Replay:Bandana"],"acts_visited":["Exordium","TheCity","TheBeyond"],"potions_floor_usage":[12,32,33,45,49],"damage_taken":[{"damage":13,"enemies":"Replay:BlueRogue","floor":2,"turns":4},{"damage":0,"enemies":"downfall:FleeingMerchant","floor":3,"turns":4},{"damage":9,"enemies":"Lagavulin","floor":8,"turns":6},{"damage":0,"enemies":"Small Slimes","floor":9,"turns":3},{"damage":0,"enemies":"2 Louse","floor":12,"turns":2},{"damage":0,"enemies":"Jaw Worm","floor":13,"turns":4},{"damage":9,"enemies":"Gremlin Gang","floor":14,"turns":3},{"damage":0,"enemies":"Blue Slaver","floor":15,"turns":2},{"damage":12,"enemies":"The Guardian","floor":16,"turns":7},{"damage":0,"enemies":"Spheric Guardian","floor":19,"turns":4},{"damage":6,"enemies":"Cultist and Chosen","floor":20,"turns":6},{"damage":0,"enemies":"Centurion and Healer","floor":21,"turns":5},{"damage":14,"enemies":"Snake Plant","floor":22,"turns":3},{"damage":41,"enemies":"Gremlin Leader","floor":25,"turns":8},{"damage":15,"enemies":"Slavers","floor":27,"turns":4},{"damage":22,"enemies":"Masked Bandits","floor":28,"turns":5},{"damage":13,"enemies":"3 Cultists","floor":31,"turns":6},{"damage":6,"enemies":"Sentry and Sphere","floor":32,"turns":4},{"damage":13,"enemies":"downfall:Watcher","floor":33,"turns":8},{"damage":0,"enemies":"3 Shapes","floor":37,"turns":3},{"damage":36,"enemies":"3 Darklings","floor":38,"turns":5},{"damage":21,"enemies":"4 Shapes","floor":39,"turns":1},{"damage":6,"enemies":"Jaw Worm Horde","floor":40,"turns":5},{"damage":19,"enemies":"Sphere and 2 Shapes","floor":42,"turns":4},{"damage":2,"enemies":"4 Shapes","floor":43,"turns":3},{"damage":13,"enemies":"Maw","floor":45,"turns":6},{"damage":6,"enemies":"Spire Growth","floor":46,"turns":5},{"damage":4,"enemies":"Jaw Worm Horde","floor":47,"turns":4},{"damage":35,"enemies":"4 Shapes","floor":48,"turns":5},{"damage":85,"enemies":"Maw","floor":49,"turns":7}],"seed_played":"-2908382401684788831","potions_obtained":[{"floor":9,"key":"SpeedPotion"},{"floor":12,"key":"CultistPotion"},{"floor":33,"key":"FearPotion"},{"floor":37,"key":"champ:CounterPotion"},{"floor":46,"key":"BloodPotion"}],"is_trial":false,"path_per_floor":["R","E","$","R","?","?","T","E","M","R","$","M","M","M","M","B",null,"R","M","M","M","M","AVR","T","E","R","E","?","?","?","M","M","B",null,"R_BF","?","M","M","M","M","T","M","M","R","M","M","M","M","M"],"character_chosen":"IRONCLAD","items_purchased":["Adrenaline Potion","Explosive Potion","Blood Vial","Eternal Feather","hubris:EvacipatedBox"],"campfire_rested":0,"item_purchase_floors":[3,3,11,11,11],"current_hp_per_floor":[80,73,79,79,79,79,79,83,87,87,42,50,58,57,65,61,87,87,87,87,87,79,79,79,46,82,75,61,61,55,50,52,47,87,87,87,87,57,44,46,46,35,41,86,80,82,86,58,0,0],"gold":981,"neow_bonus":"","is_daily":true,"chose_seed":false,"campfire_upgraded":5,"win_rate":0.0,"timestamp":1608361046,"path_taken":["R","E","$","R","?","?","T","E","M","R","?","M","?","M","M","BOSS","R","M","M","M","M","AVR","T","E","R","E","?","?","?","M","M","BOSS","R_BF","?","M","M","M","M","T","M","?","R","M","M","M","M","M"],"items_purchased_type":["Potion","Potion","Relic","Relic","Relic"],"build_version":"2020-12-13","purchased_purges":0,"victory":false,"max_hp_per_floor":[80,80,80,80,80,80,80,87,87,87,87,87,87,87,87,87,87,87,87,87,87,87,87,87,87,87,87,87,87,87,87,87,87,87,87,87,87,87,87,87,87,87,87,87,87,87,87,87,87,87],"card_choices":[{"not_picked":["Twin Strike"],"picked":"Feel No Pain","floor":2},{"not_picked":["Run Through"],"picked":"Whirlwind","floor":3},{"not_picked":["Dark Embrace"],"picked":"Clash","floor":8},{"not_picked":["ReplayTheSpireMod:Strike From Hell"],"picked":"Defy Death+1","floor":9},{"not_picked":["Body Slam"],"picked":"Spot Weakness+1","floor":12},{"not_picked":["Battle Trance+1"],"picked":"Heavy Blade","floor":13},{"not_picked":["Thunderclap"],"picked":"Impervious+1","floor":14},{"not_picked":["Shrug It Off+1"],"picked":"Iron Wave","floor":15},{"not_picked":["Replay:Many Hands+1"],"picked":"Immolate","floor":16},{"not_picked":["Sword Boomerang"],"picked":"Pommel Strike","floor":19},{"not_picked":["Reckless Charge","Iron Wave"],"picked":"SKIP","floor":20},{"not_picked":["Clothesline+1"],"picked":"Cleave","floor":21},{"not_picked":["Shockwave+1","Iron Wave"],"picked":"SKIP","floor":22},{"not_picked":["ReplayTheSpireMod:Strike From Hell+1"],"picked":"Sword Boomerang","floor":25},{"not_picked":["Run Through","Wild Strike"],"picked":"SKIP","floor":27},{"not_picked":["Run Through","Wild Strike"],"picked":"SKIP","floor":27},{"not_picked":["Iron Wave+1"],"picked":"Flex+1","floor":28},{"not_picked":["True Grit+1","Run Through+1"],"picked":"SKIP","floor":31},{"not_picked":["Warcry+1"],"picked":"Berserk","floor":32},{"not_picked":["Berserk"],"picked":"Double Tap+1","floor":33},{"not_picked":["Havoc+1"],"picked":"Bloodletting+1","floor":36},{"not_picked":["ReplayTheSpireMod:Limb From Limb+1"],"picked":"ReplayReversal+1","floor":37},{"not_picked":["Headbutt"],"picked":"ReplayReversal+1","floor":38},{"not_picked":["Dropkick","Armaments+1"],"picked":"SKIP","floor":39},{"not_picked":["Shrug It Off+1"],"picked":"Entrench+1","floor":40},{"not_picked":["Pummel"],"picked":"Power Through+1","floor":42},{"not_picked":["Havoc+1","Warcry+1"],"picked":"SKIP","floor":43},{"not_picked":["Dropkick+1","ReplayTheSpireMod:Limb From Limb+1"],"picked":"SKIP","floor":45},{"not_picked":["Dark Embrace"],"picked":"ReplayTheSpireMod:LeadingStrike+1","floor":46},{"not_picked":["ReplayTheSpireMod:Strike From Hell","Havoc+1"],"picked":"SKIP","floor":47},{"not_picked":["Body Slam","Thunderclap"],"picked":"SKIP","floor":48}],"player_experience":79203,"relics_obtained":[{"floor":2,"key":"Akabeko"},{"floor":5,"key":"ReplayTheSpireMod:Ring of Collecting"},{"floor":5,"key":"Ring of Misfortune"},{"floor":7,"key":"Ring of Peace"},{"floor":7,"key":"Thread and Needle"},{"floor":8,"key":"Strawberry"},{"floor":24,"key":"Ring of Panic"},{"floor":25,"key":"Boot"},{"floor":27,"key":"aspiration:SeaSaltIceCream"},{"floor":28,"key":"Red Mask"},{"floor":35,"key":"Smiling Mask"},{"floor":36,"key":"Anchor"},{"floor":41,"key":"Ring of Greed"},{"floor":41,"key":"InkBottle"},{"floor":41,"key":"MealTicket"},{"floor":41,"key":"Replay:Bandana"}],"event_choices":[{"damage_healed":0,"gold_gain":0,"player_choice":"Fought Bandits","damage_taken":0,"max_hp_gain":0,"max_hp_loss":0,"event_name":"Masked Bandits","floor":28,"gold_loss":0}],"is_beta":false,"boss_relics":[{"not_picked":["hubris:TerracottaHorce","Busted Crown","aspiration:PoetsPen_weak"],"picked":"Philosopher\u0027s Stone"},{"not_picked":["Runic Cube","expansioncontent:StudyCardRelic","Electric Blood"],"picked":"Replay:Bronze Core"}],"items_purged_floors":[],"is_endless":false,"potions_floor_spawned":[9,12,13,19,21,27,28,33,37,39,43,46,48],"killed_by":"Maw","ascension_level":0}}