{"host":"aioitfzuz1h9wkvz","time":1608347518,"event":{"mods":["AchievementEnabler","BaseMod","Colored Map","Minty Spire (QoL Compilation)","Quick Restart","Relic Stats","StSLib"],"gold_per_floor":[109,109,128,141,153,153,153,169,169,221,132,172,172,207,207,337,337,361,375,393,393,427,427,463,463,488,502,522,566,582,681,681,811,811,824,849,867,881,514,554,554,554,607,62,83,103,103,116,116,116,116],"floor_reached":50,"playtime":1280,"items_purged":["Flex+1"],"score":651,"play_id":"ddc98e61-cd71-41f6-89ff-46cd793019e2","local_time":"20201219131158","is_ascension_mode":false,"campfire_choices":[{"data":"Whirlwind","floor":6,"key":"SMITH"},{"floor":13,"key":"REST"},{"data":"Bludgeon","floor":15,"key":"SMITH"},{"floor":23,"key":"REST"},{"data":"Limit Break","floor":25,"key":"SMITH"},{"data":"Limit Break","floor":32,"key":"SMITH"},{"floor":42,"key":"REST"},{"floor":49,"key":"REST"}],"circlet_count":0,"master_deck":["Strike_R","Strike_R","Strike_R","Strike_R","Strike_R","Defend_R","Defend_R","Defend_R","Bash","Whirlwind+1","Cleave","Rampage","Ghostly Armor","Dramatic Entrance","Bludgeon+1","Limit Break+1","Limit Break+1","Heavy Blade","Spot Weakness+1","Inflame","Spot Weakness","Limit Break"],"relics":["Black Blood","Centennial Puzzle","Red Skull","Golden Idol","Pen Nib","Toy Ornithopter","Question Card","Darkstone Periapt","Sozu","Red Mask","PreservedInsect","Anchor","Nunchaku","Sling","Lantern","Blood Vial","Akabeko","Kunai","PrismaticShard"],"acts_visited":["Exordium","TheCity","TheBeyond"],"potions_floor_usage":[14,14,33,33],"damage_taken":[{"damage":0,"enemies":"2 Louse","floor":1,"turns":3},{"damage":6,"enemies":"Cultist","floor":3,"turns":4},{"damage":2,"enemies":"Small Slimes","floor":4,"turns":4},{"damage":6,"enemies":"Exordium Wildlife","floor":5,"turns":2},{"damage":0,"enemies":"2 Fungi Beasts","floor":8,"turns":2},{"damage":28,"enemies":"Gremlin Nob","floor":12,"turns":4},{"damage":16,"enemies":"Lagavulin","floor":14,"turns":5},{"damage":0,"enemies":"Slime Boss","floor":16,"turns":5},{"damage":10,"enemies":"Chosen","floor":18,"turns":3},{"damage":12,"enemies":"Shell Parasite","floor":19,"turns":3},{"damage":15,"enemies":"Snecko","floor":20,"turns":3},{"damage":18,"enemies":"Masked Bandits","floor":22,"turns":3},{"damage":0,"enemies":"Gremlin Leader","floor":24,"turns":4},{"damage":13,"enemies":"3 Cultists","floor":27,"turns":3},{"damage":1,"enemies":"Centurion and Healer","floor":28,"turns":4},{"damage":8,"enemies":"Book of Stabbing","floor":29,"turns":4},{"damage":20,"enemies":"Snecko","floor":30,"turns":4},{"damage":63,"enemies":"Collector","floor":33,"turns":6},{"damage":1,"enemies":"3 Darklings","floor":35,"turns":2},{"damage":5,"enemies":"Orb Walker","floor":36,"turns":3},{"damage":12,"enemies":"Transient","floor":37,"turns":5},{"damage":63,"enemies":"Writhing Mass","floor":38,"turns":5},{"damage":2,"enemies":"Nemesis","floor":40,"turns":3},{"damage":34,"enemies":"4 Shapes","floor":45,"turns":3},{"damage":5,"enemies":"Sphere and 2 Shapes","floor":46,"turns":3},{"damage":16,"enemies":"3 Darklings","floor":48,"turns":3},{"damage":92,"enemies":"Time Eater","floor":50,"turns":6}],"seed_played":"6074469881624650027","potions_obtained":[{"floor":3,"key":"BlessingOfTheForge"},{"floor":4,"key":"Fire Potion"},{"floor":5,"key":"ColorlessPotion"},{"floor":16,"key":"Ancient Potion"}],"is_trial":false,"path_per_floor":["M","?","M","M","M","R","?","M","T","T","$","E","R","E","R","B",null,"M","M","M","?","?","R","E","R","T","M","M","E","M","?","R","B",null,"M","M","M","M","$","E","?","R","T","$","M","M","$","M","R","B"],"character_chosen":"IRONCLAD","items_purchased":["Dramatic Entrance","Sling","Lantern","Akabeko","Kunai","PrismaticShard"],"campfire_rested":4,"item_purchase_floors":[11,39,39,44,44,44],"current_hp_per_floor":[80,80,80,80,80,80,60,66,66,66,66,44,68,68,68,74,80,76,70,61,61,49,73,79,79,79,72,77,75,61,61,61,14,80,80,80,80,29,29,39,39,63,63,63,43,52,52,50,74,0,0],"gold":116,"neow_bonus":"RANDOM_COMMON_RELIC","is_daily":false,"chose_seed":false,"campfire_upgraded":4,"win_rate":0.0,"timestamp":1608347518,"path_taken":["M","?","M","?","M","R","?","M","T","?","$","E","R","E","R","BOSS","M","M","M","?","?","R","E","R","T","M","M","E","M","?","R","BOSS","M","M","M","M","$","E","?","R","T","$","M","M","$","M","R","BOSS"],"items_purchased_type":["Card","Relic","Relic","Relic","Relic","Relic"],"build_version":"2020-12-13","purchased_purges":1,"victory":false,"max_hp_per_floor":[80,80,80,80,80,80,80,80,80,80,80,80,80,80,80,80,80,80,80,80,80,80,80,80,80,80,80,80,80,80,80,80,80,80,80,80,80,80,80,80,80,80,80,80,80,80,80,80,80,80,80],"relic_stats":{"Darkstone Periapt":0,"counters":[27,99],"Golden Idol":149,"Black Blood":176,"Pen Nib":[12],"PreservedInsect":88,"Question Card":20,"Sozu":8,"Blood Vial":8,"Centennial Puzzle":[69],"Nunchaku":[6],"Kunai":[1],"obtain_stats":[{"Darkstone Periapt":14,"Lantern":39,"Golden Idol":7,"Black Blood":34,"Pen Nib":9,"PreservedInsect":24,"Question Card":12,"Sling":39,"PrismaticShard":44,"Burning Blood":0,"Akabeko":44,"Sozu":17,"Blood Vial":40,"Centennial Puzzle":0,"Anchor":26,"Nunchaku":29,"Red Mask":22,"Kunai":44,"Red Skull":2,"Toy Ornithopter":10},{"Darkstone Periapt":7,"Lantern":22,"Golden Idol":4,"Black Blood":18,"Pen Nib":5,"PreservedInsect":13,"Question Card":6,"Sling":22,"PrismaticShard":23,"Burning Blood":0,"Akabeko":23,"Sozu":8,"Blood Vial":23,"Centennial Puzzle":0,"Anchor":13,"Nunchaku":16,"Red Mask":12,"Kunai":23,"Red Skull":1,"Toy Ornithopter":5},{"Darkstone Periapt":24,"Lantern":81,"Golden Idol":13,"Black Blood":66,"Pen Nib":15,"PreservedInsect":45,"Question Card":19,"Sling":81,"PrismaticShard":84,"Burning Blood":0,"Akabeko":84,"Sozu":29,"Blood Vial":84,"Centennial Puzzle":0,"Anchor":45,"Nunchaku":56,"Red Mask":41,"Kunai":84,"Red Skull":3,"Toy Ornithopter":15}],"Toy Ornithopter":20},"card_choices":[{"not_picked":["Wild Strike","Perfected Strike"],"picked":"Carnage","floor":1},{"not_picked":["Reckless Charge","Second Wind"],"picked":"Whirlwind","floor":3},{"not_picked":["Burning Pact","Anger"],"picked":"Cleave","floor":4},{"not_picked":["Blood for Blood","Corruption"],"picked":"Rampage","floor":5},{"not_picked":["Infernal Blade","Cleave"],"picked":"Ghostly Armor","floor":8},{"not_picked":["Flame Barrier","Headbutt","Dark Embrace"],"picked":"SKIP","floor":12},{"not_picked":["Twin Strike","Clash","Body Slam"],"picked":"Bludgeon","floor":14},{"not_picked":["Barricade","Corruption","Offering"],"picked":"Limit Break","floor":16},{"not_picked":["Sword Boomerang","Flex","Iron Wave","True Grit"],"picked":"SKIP","floor":18},{"not_picked":["Evolve","Headbutt","Power Through"],"picked":"Limit Break","floor":19},{"not_picked":["Second Wind","Uppercut","Sentinel+1","Armaments+1"],"picked":"SKIP","floor":20},{"not_picked":["Rupture","Headbutt","Perfected Strike+1"],"picked":"Spot Weakness+1","floor":22},{"not_picked":["Entrench+1","Headbutt+1","Pommel Strike","Reckless Charge"],"picked":"SKIP","floor":24},{"not_picked":["Hemokinesis+1","Headbutt+1","Rage+1","Anger"],"picked":"SKIP","floor":27},{"not_picked":["Body Slam","Shrug It Off","Cleave","Uppercut+1"],"picked":"SKIP","floor":28},{"not_picked":["Shrug It Off+1","Perfected Strike","Reaper"],"picked":"Inflame","floor":29},{"not_picked":["Perfected Strike","Searing Blow","Fire Breathing+1"],"picked":"Spot Weakness","floor":30},{"not_picked":["Juggernaut","Immolate","Exhume"],"picked":"Limit Break","floor":33},{"not_picked":["Clash+1","Metallicize+1","Warcry+1","Headbutt+1"],"picked":"SKIP","floor":35},{"not_picked":["Shockwave","Spot Weakness+1","Pommel Strike+1","Twin Strike"],"picked":"SKIP","floor":36},{"not_picked":["Rampage","Thunderclap","Armaments+1"],"picked":"Flex+1","floor":37},{"not_picked":["Rage+1","Bludgeon","Entrench+1","Armaments+1"],"picked":"SKIP","floor":38},{"not_picked":["Clash+1","Perfected Strike","Pommel Strike","Impervious"],"picked":"SKIP","floor":40},{"not_picked":["Warcry+1","Seeing Red","Body Slam","Steam"],"picked":"SKIP","floor":45},{"not_picked":["Cloak And Dagger","Combust","Dark Embrace","Heavy Blade+1"],"picked":"SKIP","floor":46},{"not_picked":["Deflect","Heavy Blade+1","Footwork","Gash+1"],"picked":"SKIP","floor":48}],"player_experience":673430,"relics_obtained":[{"floor":9,"key":"Pen Nib"},{"floor":10,"key":"Toy Ornithopter"},{"floor":12,"key":"Question Card"},{"floor":14,"key":"Darkstone Periapt"},{"floor":22,"key":"Red Mask"},{"floor":24,"key":"PreservedInsect"},{"floor":26,"key":"Anchor"},{"floor":29,"key":"Nunchaku"},{"floor":40,"key":"Blood Vial"}],"event_choices":[{"cards_removed":["Carnage"],"damage_healed":0,"gold_gain":0,"player_choice":"Gave Card","damage_taken":0,"relics_obtained":["Red Skull"],"max_hp_gain":0,"max_hp_loss":0,"event_name":"WeMeetAgain","floor":2,"gold_loss":0},{"damage_healed":0,"gold_gain":0,"player_choice":"Take Damage","damage_taken":20,"relics_obtained":["Golden Idol"],"max_hp_gain":0,"max_hp_loss":0,"event_name":"Golden Idol","floor":7,"gold_loss":0},{"damage_healed":0,"gold_gain":0,"player_choice":"Read","damage_taken":0,"max_hp_gain":0,"max_hp_loss":0,"event_name":"The Library","floor":21,"gold_loss":0,"cards_obtained":["Heavy Blade"]},{"damage_healed":0,"gold_gain":0,"player_choice":"Fought Bandits","damage_taken":0,"max_hp_gain":0,"max_hp_loss":0,"event_name":"Masked Bandits","floor":22,"gold_loss":0},{"damage_healed":0,"gold_gain":99,"player_choice":"Stole From Cult","damage_taken":0,"max_hp_gain":0,"max_hp_loss":0,"event_name":"Nest","floor":31,"gold_loss":0},{"cards_removed":["Defend_R"],"damage_healed":0,"gold_gain":0,"player_choice":"Removed Skill","damage_taken":0,"max_hp_gain":0,"max_hp_loss":0,"event_name":"Falling","floor":41,"gold_loss":0}],"is_beta":false,"boss_relics":[{"not_picked":["Empty Cage","Fusion Hammer"],"picked":"Sozu"},{"not_picked":["Tiny House","Cursed Key"],"picked":"Black Blood"}],"items_purged_floors":[39],"is_endless":false,"potions_floor_spawned":[3,4,5,16,18,19,22,27,30,35,38,40],"killed_by":"Time Eater","ascension_level":0}}