{"host":"hoz3ngw650fbea07","time":1608411227,"event":{"mods":["AchievementEnabler","BaseMod","Better Altar","Better Match","Better Note","Better Sensory Stone","Better Skull","Better Third Choice","BetterRewards","CCEM","Colored Map","Downfall","GifTheSpireLib","Highlight Path","Infinite Spire","Minty Spire (QoL Compilation)","Permanent Neow","StSLib","Unceasing Turn Reminder","Waifu the Spire","everything is the same but u backflip on backflip","slay the spire mod where everything is the same but ironclad has a cowboy hat"],"gold_per_floor":[99,117,117,117,69,69,69,92,92,119,44,63,123,134,152,152,152],"floor_reached":16,"playtime":529,"items_purged":[],"score":103,"play_id":"1a98d789-4028-4ae3-8cb8-af3e809ec77b","local_time":"20201219135347","is_ascension_mode":true,"campfire_choices":[{"data":"Slimebound:Split","floor":1,"key":"SMITH"},{"data":"Slimebound:RejuvenatingLick","floor":6,"key":"SMITH"},{"data":"Slimebound:Overexert","floor":9,"key":"SMITH"}],"circlet_count":0,"master_deck":["Slimebound:Strike_Slimebound","Slimebound:Strike_Slimebound","Slimebound:Tackle","Slimebound:Defend_Slimebound","Slimebound:Defend_Slimebound","Slimebound:Defend_Slimebound","Slimebound:Defend_Slimebound","Slimebound:Split+1","Slimebound:CorrosiveSpit","Slimebound:Overexert+1","Slimebound:RejuvenatingLick+1","Slimebound:SamplingLick","Slimebound:LeechLife","Slimebound:SplitAcid"],"relics":["Slimebound:AbsorbEndCombat","Dream Catcher","Slimebound:AggressiveSlimeRelic","Singing Bowl","infinitespire:PuzzleCube"],"acts_visited":["Exordium"],"potions_floor_usage":[5,13],"damage_taken":[{"damage":11,"enemies":"2 Louse","floor":2,"turns":2},{"damage":8,"enemies":"downfall:FleeingMerchant","floor":5,"turns":4},{"damage":43,"enemies":"Lagavulin","floor":10,"turns":6},{"damage":14,"enemies":"Small Slimes","floor":12,"turns":2},{"damage":40,"enemies":"Lagavulin Event","floor":13,"turns":4},{"damage":10,"enemies":"Jaw Worm","floor":14,"turns":2},{"damage":4,"enemies":"Blue Slaver","floor":15,"turns":2},{"damage":64,"enemies":"downfall:Silent","floor":16,"turns":6}],"seed_played":"-6800291932209431621","potions_obtained":[{"floor":2,"key":"Block Potion"},{"floor":10,"key":"PowerPotion"},{"floor":14,"key":"Swift Potion"}],"is_trial":false,"path_per_floor":["R","M","?","?","$","R","T","T","R","E","?","M","?","M","M","B"],"character_chosen":"SLIMEBOUND","items_purchased":["Slimebound:RejuvenatingLick"],"campfire_rested":0,"item_purchase_floors":[5],"current_hp_per_floor":[54,53,53,53,54,54,54,54,54,27,29,33,21,19,37,0,0],"gold":152,"neow_bonus":"THREE_RARE_CARDS","is_daily":false,"chose_seed":false,"campfire_upgraded":3,"win_rate":0.0,"timestamp":1608411227,"path_taken":["R","M","?","?","?","R","T","?","R","E","?","M","?","?","M","BOSS"],"items_purchased_type":["Card"],"build_version":"2020-12-13","purchased_purges":0,"victory":false,"max_hp_per_floor":[54,54,54,54,54,54,54,54,54,54,56,58,60,62,62,62,62],"card_choices":[{"not_picked":["Slimebound:DuplicatedForm","Slimebound:TagTeam"],"picked":"Slimebound:Overexert","floor":0},{"not_picked":["Slimebound:GoopSpray","Slimebound:DivideAndConquer","Slimebound:BestDefense"],"picked":"SKIP","floor":2},{"not_picked":["Slimebound:LivingWall","Slimebound:ViciousTackle","Slimebound:FlameTackle"],"picked":"SKIP","floor":5},{"not_picked":["Slimebound:RollThrough","Slimebound:Chomp"],"picked":"Slimebound:SamplingLick","floor":10},{"not_picked":["Slimebound:ProtectTheBoss","Slimebound:FlameTackle","Slimebound:SlimeBarrage"],"picked":"Singing Bowl","floor":11},{"not_picked":["Slimebound:DuplicatedForm","Slimebound:CheckThePlaybook"],"picked":"Slimebound:LeechLife","floor":11},{"not_picked":["Slimebound:LeechEnergy","Slimebound:LeechingTouch","Slimebound:ServeAndProtect"],"picked":"Singing Bowl","floor":12},{"not_picked":["Slimebound:ComboTackle","Slimebound:ForwardTackle","Slimebound:FinishingTackle"],"picked":"Singing Bowl","floor":13},{"not_picked":["Slimebound:FinishingTackle","Slimebound:ComboTackle","Slimebound:PressTheAttack"],"picked":"Singing Bowl","floor":14},{"not_picked":["Slimebound:LeechingTouch","Slimebound:LivingWall"],"picked":"Slimebound:SplitAcid","floor":15}],"player_experience":116467,"relics_obtained":[{"floor":7,"key":"Dream Catcher"},{"floor":8,"key":"Slimebound:AggressiveSlimeRelic"},{"floor":10,"key":"Singing Bowl"}],"event_choices":[{"damage_healed":0,"gold_gain":0,"player_choice":"1","damage_taken":0,"max_hp_gain":0,"max_hp_loss":0,"event_name":"betterMatch:BetterMatch","floor":11,"gold_loss":0,"cards_obtained":["betterMatch:UncommonCard","betterMatch:RareCard"]}],"is_beta":false,"boss_relics":[],"items_purged_floors":[],"is_endless":false,"potions_floor_spawned":[2,10,14],"killed_by":"downfall:Silent","ascension_level":1}}