{"host":"so6fnfq7th6ki9q5","time":1608410197,"event":{"mods":["AchievementEnabler","BaseMod","Colored Map","Colored Powertips","Minty Spire (QoL Compilation)","Quick Restart","StSLib"],"gold_per_floor":[116,126,126,301,318,318,345,345,371,146,146,146,46,79,79,79,79],"floor_reached":16,"playtime":727,"items_purged":["Strike_G","Doubt"],"score":157,"play_id":"783bf0a6-5ce4-4bb2-a253-eb3814ff516c","local_time":"20201219143637","is_ascension_mode":true,"campfire_choices":[{"data":"Deadly Poison","floor":6,"key":"SMITH"},{"data":"Blur","floor":8,"key":"SMITH"},{"data":"Dodge and Roll","floor":11,"key":"SMITH"},{"data":"Terror","floor":15,"key":"SMITH"}],"circlet_count":0,"master_deck":["Strike_G","Strike_G","Strike_G","Strike_G","Defend_G","Defend_G+1","Defend_G+1","Defend_G","Defend_G","Survivor","Neutralize","Quick Slash","Blur+1","Deadly Poison+1","Dodge and Roll+1","Parasite","Terror+1"],"relics":["Ring of the Snake","Juzu Bracelet","War Paint","Thread and Needle","Anchor","Medical Kit","Pocketwatch"],"acts_visited":["Exordium"],"potions_floor_usage":[7,7],"damage_taken":[{"damage":1,"enemies":"Jaw Worm","floor":1,"turns":6},{"damage":0,"enemies":"Small Slimes","floor":2,"turns":4},{"damage":1,"enemies":"2 Louse","floor":5,"turns":5},{"damage":0,"enemies":"Lagavulin","floor":7,"turns":8},{"damage":13,"enemies":"Gremlin Nob","floor":14,"turns":5},{"damage":58,"enemies":"Slime Boss","floor":16,"turns":14}],"seed_played":"-352613631375087335","potions_obtained":[{"floor":1,"key":"Fire Potion"},{"floor":5,"key":"BlessingOfTheForge"}],"is_trial":false,"path_per_floor":["M","M","?","?","M","R","E","R","T","$","R","?","$","E","R","B"],"character_chosen":"THE_SILENT","items_purchased":["Medical Kit"],"campfire_rested":0,"item_purchase_floors":[10],"current_hp_per_floor":[69,69,57,57,56,56,56,56,56,56,56,70,70,57,57,0,0],"gold":79,"neow_bonus":"RANDOM_COMMON_RELIC","is_daily":false,"chose_seed":false,"campfire_upgraded":4,"win_rate":0.0,"timestamp":1608410197,"path_taken":["M","M","?","?","M","R","E","R","T","$","R","?","?","E","R","BOSS"],"items_purchased_type":["Relic"],"build_version":"2020-12-13","purchased_purges":2,"victory":false,"max_hp_per_floor":[70,70,70,70,70,70,70,70,70,70,70,70,70,70,70,70,70],"card_choices":[{"not_picked":["Skewer","Concentrate"],"picked":"Quick Slash","floor":1},{"not_picked":["Slice","Quick Slash"],"picked":"Blur","floor":2},{"not_picked":["Dash","Flying Knee"],"picked":"Deadly Poison","floor":5},{"not_picked":["Blade Dance","Prepared"],"picked":"Dodge and Roll","floor":7},{"not_picked":["Acrobatics","Deflect"],"picked":"Terror","floor":14}],"player_experience":277260,"relics_obtained":[{"floor":7,"key":"Thread and Needle"},{"floor":9,"key":"Anchor"},{"floor":14,"key":"Pocketwatch"}],"event_choices":[{"damage_healed":0,"gold_gain":0,"player_choice":"Success","damage_taken":12,"relics_obtained":["War Paint"],"max_hp_gain":0,"max_hp_loss":0,"event_name":"Scrap Ooze","floor":3,"gold_loss":0},{"damage_healed":0,"gold_gain":175,"player_choice":"AGREE","damage_taken":0,"max_hp_gain":0,"max_hp_loss":0,"event_name":"Liars Game","floor":4,"gold_loss":0,"cards_obtained":["Doubt"]},{"damage_healed":17,"gold_gain":0,"player_choice":"Healed and dodged fight","damage_taken":0,"max_hp_gain":0,"max_hp_loss":0,"event_name":"Mushrooms","floor":12,"gold_loss":0,"cards_obtained":["Parasite"]}],"is_beta":false,"boss_relics":[],"items_purged_floors":[10,13],"is_endless":false,"potions_floor_spawned":[1,5],"killed_by":"Slime Boss","ascension_level":4}}