{"host":"lg1piimdyocafd6j","time":1608393319,"event":{"mods":["AchievementEnabler","BaseMod","Better Third Choice","BetterRewards","Colored Map","Colored Powertips","Downfall","Minty Spire (QoL Compilation)","Quick Restart","Rare Cards Sparkle","StSLib","SuperFastMode"],"gold_per_floor":[112,112,21,37,112,112,63,78,78,92,103,119,119,139,139,244,244,257,182,200,200,200],"floor_reached":21,"playtime":898,"items_purged":["Strike_B"],"score":182,"play_id":"7c111d91-4553-424e-a502-d62a2f1e5897","local_time":"20201219165519","is_ascension_mode":true,"campfire_choices":[{"floor":6,"key":"REST"},{"data":"Strike_B","floor":15,"key":"PURGE"}],"circlet_count":0,"master_deck":["Strike_B","Strike_B","Defend_B","Defend_B","Defend_B","Defend_B","Zap","Dualcast","expansioncontent:HyperBeam+1","Undo","Conserve Battery","Self Repair","Redo","Cold Snap","Glacier","Cold Snap","Reboot","Gash","Meteor Strike","Coolheaded+1"],"relics":["Cracked Core","Bag of Marbles","Peace Pipe","Inserter"],"acts_visited":["Exordium","TheCity"],"potions_floor_usage":[16],"damage_taken":[{"damage":11,"enemies":"2 Louse","floor":1,"turns":3},{"damage":0,"enemies":"Small Slimes","floor":4,"turns":1},{"damage":0,"enemies":"Cultist","floor":8,"turns":3},{"damage":2,"enemies":"Exordium Wildlife","floor":10,"turns":3},{"damage":5,"enemies":"Lots of Slimes","floor":11,"turns":2},{"damage":0,"enemies":"2 Fungi Beasts","floor":12,"turns":1},{"damage":0,"enemies":"Blue Slaver","floor":14,"turns":1},{"damage":39,"enemies":"The Guardian","floor":16,"turns":15},{"damage":10,"enemies":"Chosen","floor":18,"turns":6},{"damage":23,"enemies":"2 Thieves","floor":20,"turns":4},{"damage":0,"enemies":"Snake Plant","floor":21,"turns":2}],"seed_played":"-5287827927059472985","potions_obtained":[{"floor":1,"key":"SpeedPotion"},{"floor":12,"key":"AttackPotion"},{"floor":14,"key":"FocusPotion"}],"is_trial":false,"path_per_floor":["M","?","$","M","?","R","$","M","T","M","M","M","?","M","R","B",null,"M","$","M","M"],"character_chosen":"DEFECT","items_purchased":["Conserve Battery","Self Repair","Cold Snap"],"campfire_rested":1,"item_purchase_floors":[3,3,7],"current_hp_per_floor":[64,41,41,41,34,56,56,63,63,68,63,63,63,63,63,31,75,72,72,56,56,56],"gold":200,"neow_bonus":"RANDOM_COLORLESS","is_daily":false,"chose_seed":false,"campfire_upgraded":0,"win_rate":0.0,"timestamp":1608393319,"path_taken":["M","?","$","M","?","R","$","M","T","M","M","?","?","M","R","BOSS","M","$","M","?"],"items_purchased_type":["Card","Card","Card"],"build_version":"2020-12-13","purchased_purges":1,"victory":false,"max_hp_per_floor":[75,75,75,75,75,75,75,75,75,75,75,75,75,75,75,75,75,75,75,75,75,75],"card_choices":[{"not_picked":["Impatience","Swift Strike"],"picked":"expansioncontent:HyperBeam","floor":0},{"not_picked":["Barrage","Coolheaded"],"picked":"Undo","floor":1},{"not_picked":["Sweeping Beam","Leap"],"picked":"Redo","floor":4},{"not_picked":["Compile Driver","Stack"],"picked":"Glacier","floor":8},{"not_picked":["Rebound","Turbo"],"picked":"Cold Snap","floor":10},{"not_picked":["Steam Power","Force Field","Leap"],"picked":"SKIP","floor":11},{"not_picked":["Undo","Static Discharge"],"picked":"Reboot","floor":12},{"not_picked":["Leap","Stack"],"picked":"Gash","floor":14},{"not_picked":["All For One","Rainbow"],"picked":"Meteor Strike","floor":16},{"not_picked":["FTL","Ball Lightning"],"picked":"Coolheaded+1","floor":18},{"not_picked":["Sweeping Beam","Compile Driver","Fusion"],"picked":"SKIP","floor":20}],"player_experience":200957,"relics_obtained":[],"event_choices":[{"damage_healed":0,"gold_gain":1,"player_choice":"Relic Relic ","damage_taken":23,"max_hp_gain":0,"max_hp_loss":0,"event_name":"betterThird:BetterScrap","floor":2,"gold_loss":0,"cards_obtained":["Whirlwind"]},{"damage_healed":0,"gold_gain":75,"player_choice":"Touch","damage_taken":7,"max_hp_gain":0,"max_hp_loss":0,"event_name":"FaceTrader","floor":5,"gold_loss":0},{"damage_healed":0,"gold_gain":0,"player_choice":"Forge","damage_taken":0,"max_hp_gain":0,"max_hp_loss":0,"event_name":"Accursed Blacksmith","floor":13,"gold_loss":0,"cards_upgraded":["expansioncontent:HyperBeam"]}],"is_beta":false,"boss_relics":[{"not_picked":["Ectoplasm","Runic Pyramid"],"picked":"Inserter"}],"items_purged_floors":[19],"is_endless":false,"potions_floor_spawned":[1,12,14],"killed_by":"Snake Plant","ascension_level":1}}