{"host":"g75gtovmj0ine2rf","time":1608375138,"event":{"mods":["2.2 Compatiblity","AchievementEnabler","Act Like it!","Aspiration","Astrologer","Bard","BaseMod","Better Match","BetterRewards","CapriCore","Challenge The Spire","ChefMod","Colored Map","Conspire","Energized Spire","Friendly Minions","Gensokyo","Halation","Hallownest","Hermit","HexUI Lib","Highlight Path","Hubris","Infinite Spire","Jedi Mod","Lobotomy","Minty Spire (QoL Compilation)","Puzzle Mod","Quick Restart","Rare Cards Sparkle","Relic Stats","Replay The Spire","Shade Mod","Shop Mod","Spicy Shops","StSLib","SuperFastMode","The Construct","The Cursed","The Factory","The Jungle","The Runesmith","TheBandit","TheFirefly","TheSwordswoman","TheVacant","Transform Curses","Wandering Minibosses","thorton","vexMod"],"gold_per_floor":[111,111,121,136,136,167,167,199,199,199,53,85,85,27,27,41,41],"floor_reached":16,"playtime":883,"items_purged":[],"score":133,"play_id":"8011d677-c188-4b37-99a2-595beff0001b","local_time":"20201219215218","is_ascension_mode":false,"campfire_choices":[{"data":"jedi:locknload","floor":7,"key":"SMITH"},{"data":"hubris:PowerSurge","floor":15,"key":"SMITH"}],"circlet_count":0,"master_deck":["Strike_B","Strike_B","Strike_B","Strike_B","Defend_B","Defend_B","Defend_B","Defend_B","Zap+1","Dualcast","OldLady","ShyLook","CherryBlossoms","jedi:locknload+1","FairyFestival","Wellcheers","Bloodbath","BasicCrystalCard","hubris:PowerSurge+1"],"relics":["Cracked Core","CogitoBucket","Hallownest:DreamNailRelic","Hallownest:TeacherSealRelic","PreservedInsect","Bronze Scales","infinitespire:Midas Blood","Replay:Mystery Machine","LuminousBracelet"],"acts_visited":["Exordium"],"potions_floor_usage":[12,12],"damage_taken":[{"damage":0,"enemies":"Hallownest:2_MossCreeps","floor":1,"turns":4},{"damage":4,"enemies":"Hallownest:2_Tiktiks_and_1_Crawlid","floor":3,"turns":3},{"damage":5,"enemies":"Hallownest:monsterHuskWarrior","floor":4,"turns":3},{"damage":10,"enemies":"Hallownest:eliteVengeflyKing","floor":6,"turns":8},{"damage":20,"enemies":"Hallownest:eliteMossKnight","floor":8,"turns":7},{"damage":35,"enemies":"Hallownest:monsterAspidMother","floor":12,"turns":4},{"damage":48,"enemies":"Hallownest:BossBrokenVessel","floor":16,"turns":7}],"seed_played":"7519555434787707037","potions_obtained":[{"floor":1,"key":"Adrenaline Potion"},{"floor":4,"key":"Block Potion"},{"floor":6,"key":"Energy Potion"}],"is_trial":false,"path_per_floor":["M","?","M","M","?","E","R","E","T","?","$","M","?","$","R","B"],"character_chosen":"DEFECT","items_purchased":["Replay:Mystery Machine","hubris:PowerSurge"],"campfire_rested":0,"item_purchase_floors":[11,14],"current_hp_per_floor":[75,75,71,66,66,56,56,43,43,43,43,26,35,35,35,0,0],"gold":41,"neow_bonus":"","is_daily":false,"chose_seed":false,"campfire_upgraded":2,"win_rate":0.0,"timestamp":1608375138,"path_taken":["M","?","?","?","?","E","R","E","T","?","$","M","?","?","R","BOSS"],"items_purchased_type":["Relic","Card"],"build_version":"2020-12-13","purchased_purges":0,"victory":false,"max_hp_per_floor":[75,75,75,75,75,75,75,75,75,75,75,90,90,90,90,90,90],"relic_stats":{"counters":[8,37],"Bronze Scales":[51],"PreservedInsect":28,"obtain_stats":[{"CogitoBucket":0,"Bronze Scales":8,"LuminousBracelet":12,"PreservedInsect":6,"Hallownest:DreamNailRelic":2,"Replay:Mystery Machine":11,"Cracked Core":0,"Hallownest:TeacherSealRelic":5,"infinitespire:Midas Blood":9},{"CogitoBucket":0,"Bronze Scales":5,"LuminousBracelet":7,"PreservedInsect":4,"Hallownest:DreamNailRelic":1,"Replay:Mystery Machine":5,"Cracked Core":0,"Hallownest:TeacherSealRelic":3,"infinitespire:Midas Blood":5},{"CogitoBucket":0,"Bronze Scales":25,"LuminousBracelet":30,"PreservedInsect":18,"Hallownest:DreamNailRelic":4,"Replay:Mystery Machine":25,"Cracked Core":0,"Hallownest:TeacherSealRelic":10,"infinitespire:Midas Blood":25}]},"card_choices":[{"not_picked":["CherryBlossoms","MeatLantern","Bloodbath"],"picked":"Singing Bowl","floor":1},{"not_picked":["BigBird","Bloodbath"],"picked":"OldLady","floor":1},{"not_picked":["Go for the Eyes","Beam Cell","Barrage"],"picked":"SKIP","floor":1},{"not_picked":["Wellcheers","Scorched"],"picked":"ShyLook","floor":3},{"not_picked":["Coolheaded","jedi:BurstFrost","Steam Power"],"picked":"SKIP","floor":3},{"not_picked":["Coolheaded","jedi:BurstFrost","Steam Power"],"picked":"SKIP","floor":3},{"not_picked":["WhitesApple","SingingMachine","VoidDream"],"picked":"Singing Bowl","floor":4},{"not_picked":["Scarecrow","UniverseFragment"],"picked":"CherryBlossoms","floor":4},{"not_picked":["Steam","jedi:BurstFrost"],"picked":"jedi:locknload","floor":4},{"not_picked":["BlackSwan","Bloodbath"],"picked":"FairyFestival","floor":6},{"not_picked":["Leap","Conserve Battery","Darkness"],"picked":"SKIP","floor":6},{"not_picked":["Leap","Conserve Battery","Darkness"],"picked":"SKIP","floor":6},{"not_picked":["SpiderBud","Bloodbath","Wellcheers"],"picked":"Singing Bowl","floor":8},{"not_picked":["SnowQueen","Woodsman"],"picked":"Wellcheers","floor":8},{"not_picked":["Turbo","Skim","ReplayTheSpireMod:Reroute Power"],"picked":"SKIP","floor":8},{"not_picked":["Turbo","Skim","ReplayTheSpireMod:Reroute Power"],"picked":"SKIP","floor":8},{"not_picked":["UniverseFragment","Mercenary"],"picked":"Bloodbath","floor":12},{"not_picked":["jedi:overflow","Go for the Eyes"],"picked":"BasicCrystalCard","floor":12}],"player_experience":1326617,"relics_obtained":[{"floor":6,"key":"PreservedInsect"},{"floor":8,"key":"Bronze Scales"},{"floor":9,"key":"infinitespire:Midas Blood"}],"event_choices":[],"is_beta":false,"boss_relics":[],"items_purged_floors":[],"is_endless":false,"potions_floor_spawned":[1,4,6],"killed_by":"Hallownest:BossBrokenVessel","ascension_level":0}}