{"host":"bq4pt811tk9yrmjl","time":1608391516,"event":{"mods":["AchievementEnabler","BaseMod","Colored Map","Colored Powertips","Defuse TimeMaze Blight","Minty Spire (QoL Compilation)","StSLib","SuperFastMode","UnlockEverythingMod"],"gold_per_floor":[117,192,210,210,210,245,261,293,293,320,339,356,356,368,368,471,471,486,486,486,486,498,498,521,71,98,98,98,33,59,70,70,170,170,190,190,245,260,310,340,358,46,46,80,80,80,80,80,80,80,80],"floor_reached":50,"playtime":894,"items_purged":[],"score":639,"play_id":"0c812481-bc03-4c0e-b2c9-c4000b9735da","local_time":"20201219132516","is_ascension_mode":true,"campfire_choices":[{"floor":13.0,"key":"REST"},{"data":"Zap","floor":15.0,"key":"SMITH"},{"data":"Storm","floor":23.0,"key":"SMITH"},{"data":"Electrodynamics","floor":28.0,"key":"SMITH"},{"data":"Sunder","floor":32.0,"key":"SMITH"},{"floor":45,"key":"REST"},{"floor":47,"key":"RECALL"},{"data":"Defragment","floor":49,"key":"SMITH"}],"circlet_count":0,"master_deck":["Strike_B+1","Strike_B+1","Strike_B+1","Strike_B+1","Defend_B+1","Defend_B+1","Defend_B+1","Defend_B+1","Zap+1","Dualcast","Sunder+1","Storm+1","Beam Cell","Electrodynamics+1","Ball Lightning","Go for the Eyes","Capacitor","Buffer","Defragment+1","BootSequence","Tempest+1","Steam+1","Go for the Eyes+1","Hologram+1","Conserve Battery+1","Loop+1","Leap+1","FTL+1","Trip+1"],"relics":["Cracked Core","NeowsBlessing","Boot","Cables","Omamori","The Courier","Nuclear Battery","Bottled Tornado","Sling","Strawberry","Potion Belt","Peace Pipe","Inserter","Pocketwatch","Prayer Wheel","Incense Burner","ClockworkSouvenir","Toxic Egg 2","Thread and Needle","Mercury Hourglass"],"acts_visited":["Exordium","TheCity","TheBeyond"],"potions_floor_usage":[40,44,50],"damage_taken":[{"damage":0.0,"enemies":"2 Louse","floor":1.0,"turns":1.0},{"damage":0.0,"enemies":"Jaw Worm","floor":3.0,"turns":1.0},{"damage":0.0,"enemies":"Lagavulin","floor":6.0,"turns":1.0},{"damage":0.0,"enemies":"Small Slimes","floor":7.0,"turns":2.0},{"damage":22.0,"enemies":"Gremlin Nob","floor":8.0,"turns":4.0},{"damage":9.0,"enemies":"Lagavulin","floor":10.0,"turns":5.0},{"damage":12.0,"enemies":"2 Fungi Beasts","floor":11.0,"turns":2.0},{"damage":2.0,"enemies":"Looter","floor":12.0,"turns":3.0},{"damage":12.0,"enemies":"Blue Slaver","floor":14.0,"turns":2.0},{"damage":29.0,"enemies":"Hexaghost","floor":16.0,"turns":9.0},{"damage":10.0,"enemies":"2 Thieves","floor":18.0,"turns":3.0},{"damage":0.0,"enemies":"Spheric Guardian","floor":22.0,"turns":3.0},{"damage":0.0,"enemies":"Slavers","floor":30.0,"turns":2.0},{"damage":0.0,"enemies":"3 Cultists","floor":31.0,"turns":2.0},{"damage":62.0,"enemies":"Champ","floor":33.0,"turns":10.0},{"damage":0.0,"enemies":"3 Shapes","floor":35.0,"turns":2.0},{"damage":28.0,"enemies":"2 Orb Walkers","floor":37.0,"turns":3.0},{"damage":10.0,"enemies":"Orb Walker","floor":38.0,"turns":3.0},{"damage":0,"enemies":"Mind Bloom Boss Battle","floor":39,"turns":3},{"damage":0,"enemies":"Reptomancer","floor":40,"turns":5},{"damage":12,"enemies":"Jaw Worm Horde","floor":41,"turns":3},{"damage":24,"enemies":"Giant Head","floor":44,"turns":8},{"damage":79,"enemies":"Awakened One","floor":50,"turns":9}],"seed_played":"-3402563441148265010","potions_obtained":[{"floor":6.0,"key":"EssenceOfSteel"},{"floor":11.0,"key":"FearPotion"},{"floor":12.0,"key":"EssenceOfSteel"},{"floor":22.0,"key":"Regen Potion"},{"floor":31.0,"key":"ColorlessPotion"},{"floor":33.0,"key":"DistilledChaos"},{"floor":39,"key":"BlessingOfTheForge"},{"floor":40,"key":"Dexterity Potion"},{"floor":41,"key":"GamblersBrew"},{"floor":44,"key":"Fruit Juice"}],"is_trial":false,"path_per_floor":["M","?","M","?","?","E","M","E","T","E","M","M","R","M","R","B",null,"M","?","?","?","M","R","T","$","T","$","R","$","E","M","R","B",null,"M","$","?","M","?","E","M","$","T","E","R","?","R","?","R","B"],"character_chosen":"DEFECT","items_purchased":["Bottled Tornado","Sling","Strawberry","Defragment","ClockworkSouvenir","Toxic Egg 2"],"campfire_rested":2,"item_purchase_floors":[25,25,25,29,42,42],"current_hp_per_floor":[75,64,64,75,75,75,75,53,53,44,32,30,52,40,40,11,75,65,65,65,65,65,65,65,72,72,72,72,72,72,72,72,25,82,82,82,54,44,44,44,32,32,32,13,39,39,39,76,76,0,0],"gold":80,"neow_bonus":"THREE_ENEMY_KILL","is_daily":false,"chose_seed":false,"campfire_upgraded":5,"win_rate":0.0,"timestamp":1608391516,"path_taken":["M","?","M","?","?","E","M","E","T","E","M","M","R","M","R","BOSS","M","?","?","?","M","R","?","?","T","$","R","$","E","M","R","BOSS","M","$","?","M","?","E","M","$","T","E","R","?","R","?","R","BOSS"],"items_purchased_type":["Relic","Relic","Relic","Card","Relic","Relic"],"build_version":"2020-12-13","purchased_purges":0,"victory":false,"max_hp_per_floor":[75,75,75,75,75,75,75,75,75,75,75,75,75,75,75,75,75,75,75,75,75,75,75,75,82,82,82,82,82,82,82,82,82,82,82,82,82,82,82,82,82,82,82,87,87,87,87,76,76,76,76],"card_choices":[{"not_picked":["Rebound","Go for the Eyes"],"picked":"Sunder","floor":1.0},{"not_picked":["Streamline","Redo"],"picked":"Storm","floor":3.0},{"not_picked":["Steam","Cold Snap"],"picked":"Beam Cell","floor":6.0},{"not_picked":["FTL","Doom and Gloom"],"picked":"Electrodynamics","floor":7.0},{"not_picked":["Hologram","Sweeping Beam"],"picked":"Ball Lightning","floor":8.0},{"not_picked":["Rebound","Leap"],"picked":"Go for the Eyes","floor":10.0},{"not_picked":["Storm","Doom and Gloom","Stack"],"picked":"SKIP","floor":11.0},{"not_picked":["Redo","Beam Cell"],"picked":"Capacitor","floor":12.0},{"not_picked":["All For One","Redo","Compile Driver"],"picked":"SKIP","floor":14.0},{"not_picked":["All For One","Meteor Strike"],"picked":"Buffer","floor":16.0},{"not_picked":["Sweeping Beam","Chaos","Sunder"],"picked":"SKIP","floor":18.0},{"not_picked":["Rebound","Beam Cell","Recycle"],"picked":"SKIP","floor":22.0},{"not_picked":["Consume+1","Capacitor"],"picked":"BootSequence","floor":30.0},{"not_picked":["Beam Cell","Gash","Cold Snap"],"picked":"SKIP","floor":31.0},{"not_picked":["Go for the Eyes","Reprogram"],"picked":"Tempest+1","floor":35.0},{"not_picked":["Rebound+1","Barrage+1"],"picked":"Steam+1","floor":37.0},{"not_picked":["Undo","Compile Driver"],"picked":"Go for the Eyes+1","floor":38.0},{"not_picked":["Chill+1","Static Discharge"],"picked":"Hologram+1","floor":39},{"not_picked":["Sweeping Beam","Scrape"],"picked":"Conserve Battery+1","floor":40},{"not_picked":["Stack","Beam Cell+1"],"picked":"Loop+1","floor":41},{"not_picked":["Skim+1","Compile Driver"],"picked":"Leap+1","floor":41},{"not_picked":["Sweeping Beam+1","Reprogram+1"],"picked":"FTL+1","floor":44},{"not_picked":["Thinking Ahead+1","Forethought+1"],"picked":"Trip+1","floor":46}],"player_experience":80419,"relics_obtained":[{"floor":6.0,"key":"Boot"},{"floor":8.0,"key":"Cables"},{"floor":9.0,"key":"Omamori"},{"floor":10.0,"key":"The Courier"},{"floor":26.0,"key":"Potion Belt"},{"floor":30.0,"key":"Peace Pipe"},{"floor":37.0,"key":"Pocketwatch"},{"floor":39,"key":"Prayer Wheel"},{"floor":40,"key":"Incense Burner"},{"floor":43,"key":"Thread and Needle"},{"floor":44,"key":"Mercury Hourglass"}],"event_choices":[{"damage_healed":0.0,"max_hp_gain":0.0,"max_hp_loss":0.0,"gold_gain":75.0,"event_name":"World of Goop","player_choice":"Gather Gold","floor":2.0,"gold_loss":0.0,"damage_taken":11.0},{"damage_healed":25.0,"max_hp_gain":0.0,"max_hp_loss":0.0,"gold_gain":0.0,"event_name":"Big Fish","player_choice":"Banana","floor":4.0,"gold_loss":0.0,"damage_taken":0.0},{"damage_healed":0.0,"max_hp_gain":0.0,"max_hp_loss":0.0,"gold_gain":0.0,"event_name":"Liars Game","player_choice":"Ignored","floor":5.0,"gold_loss":0.0,"damage_taken":0.0},{"damage_healed":0.0,"max_hp_gain":0.0,"max_hp_loss":0.0,"gold_gain":0.0,"event_name":"Ghosts","player_choice":"Ignored","floor":19.0,"gold_loss":0.0,"damage_taken":0.0},{"damage_healed":0.0,"max_hp_gain":0.0,"max_hp_loss":0.0,"gold_gain":0.0,"event_name":"Back to Basics","player_choice":"Simplicity","floor":20.0,"gold_loss":0.0,"damage_taken":0.0,"cards_upgraded":["Strike_B","Strike_B","Strike_B","Strike_B","Defend_B","Defend_B","Defend_B","Defend_B"]},{"damage_healed":0.0,"max_hp_gain":0.0,"max_hp_loss":0.0,"gold_gain":0.0,"event_name":"Beggar","player_choice":"Ignored","floor":21.0,"gold_loss":0.0,"damage_taken":0.0},{"damage_healed":0.0,"max_hp_gain":0.0,"max_hp_loss":0.0,"gold_gain":0.0,"event_name":"Mysterious Sphere","player_choice":"Fight","floor":37.0,"gold_loss":0.0,"damage_taken":0.0},{"damage_healed":0,"gold_gain":0,"player_choice":"Fight","damage_taken":0,"max_hp_gain":0,"max_hp_loss":0,"event_name":"MindBloom","floor":39,"gold_loss":0},{"damage_healed":0,"gold_gain":0,"player_choice":"Memory 1","damage_taken":0,"max_hp_gain":0,"max_hp_loss":0,"event_name":"SensoryStone","floor":46,"gold_loss":0},{"damage_healed":76,"gold_gain":0,"player_choice":"Heal","damage_taken":0,"max_hp_gain":0,"max_hp_loss":11,"event_name":"The Moai Head","floor":48,"gold_loss":0}],"is_beta":false,"boss_relics":[{"not_picked":["Coffee Dripper","Philosopher\u0027s Stone"],"picked":"Nuclear Battery"},{"not_picked":["FrozenCore","Runic Dome"],"picked":"Inserter"}],"items_purged_floors":[],"is_endless":false,"potions_floor_spawned":[6,11,12,22,31,33,39,40,41,44],"killed_by":"Awakened One","ascension_level":1}}