{"host":"18wi9kpcl4eah7pe","time":1608397352,"event":{"mods":["BaseMod","Colored Powertips","Downfall","Minty Spire (QoL Compilation)","StSLib"],"gold_per_floor":[99,129,54,71,71,171,171,171,204,129,146,157,157,157,172,272,272,272,284,297,185,210,210,210,135,135,135,135,135,148,162,172,268,268,268,268,281,305,305,315,315,315,326,326,8,8,0,16,34,34,34],"floor_reached":50,"playtime":3737,"items_purged":["Shame"],"score":593,"play_id":"dbaa7db9-1f90-4c05-9041-ff327562e3ae","local_time":"20201219110232","is_ascension_mode":false,"campfire_choices":[{"floor":1,"key":"RECALL"},{"floor":3,"key":"REST"},{"floor":10,"key":"REST"},{"floor":18,"key":"REST"},{"floor":23,"key":"REST"},{"floor":25,"key":"REST"},{"data":"sneckomod:SnakeSap","floor":27,"key":"SMITH"},{"data":"sneckomod:MorePower","floor":35,"key":"SMITH"},{"data":"sneckomod:SerpentIdol","floor":39,"key":"SMITH"},{"data":"sneckomod:SerpentMind","floor":42,"key":"SMITH"},{"floor":44,"key":"REST"}],"circlet_count":0,"master_deck":["sneckomod:Strike","sneckomod:Strike","sneckomod:Strike","sneckomod:Defend","sneckomod:Defend","sneckomod:Defend","sneckomod:TailWhip","sneckomod:SnekBite","sneckomod:Unknown+2","sneckomod:Unknown","sneckomod:Unknown1Cost","sneckomod:SnakeSap+1","sneckomod:Unknown1Cost","sneckomod:DiceCrush","sneckomod:ImprovisedAttack","sneckomod:DiceBoulder","sneckomod:Unknown1Cost","sneckomod:UnknownEthereal","sneckomod:SerpentMind+1","sneckomod:UnknownCommonAttack","sneckomod:DiceBlock","sneckomod:Unknown1Cost+1","sneckomod:UnknownCommonAttack","sneckomod:UnknownBlock","sneckomod:UnknownBlock","Writhe","sneckomod:SoulDraw","sneckomod:UnknownCommonSkill+1","sneckomod:SerpentIdol+1","sneckomod:MorePower+1","Dark Shackles","sneckomod:Unknown2Cost","sneckomod:Unknown3Cost","sneckomod:DiceCrush","sneckomod:UnknownCommonSkill+1","sneckomod:UnknownClassRED+1","sneckomod:UnknownBlock+1","sneckomod:IronFang+1","sneckomod:QuickMove","sneckomod:UnknownColorless+1","sneckomod:CheapStock","expansioncontent:DecasProtection","sneckomod:UnknownClassPURPLE+1","sneckomod:ImprovisedGuard","sneckomod:UnknownDexterity+1","sneckomod:Unknown2Cost+1","sneckomod:UnknownVulnerable+1","sneckomod:UnknownClassPURPLE","sneckomod:UnknownUncommonPower+1"],"relics":["sneckomod:SneckoSoul","Strawberry","downfall:HeartBlessingRed","White Beast Statue","Gremlin Horn","Pocketwatch","downfall:HeartBlessingGreen","Potion Belt","Smiling Mask","downfall:HeartBlessingBlue","Torii","Bronze Scales","Gambling Chip","Busted Crown","Oddly Smooth Stone","Prayer Wheel","Pear"],"acts_visited":["Exordium","TheCity","TheBeyond"],"potions_floor_usage":[4,6,6,9,11,12,16,16,16,19,20,22,22,30,31,32,32,33,40,43,48,49,49,50,50,50],"damage_taken":[{"damage":45,"enemies":"3 Sentries","floor":2,"turns":8},{"damage":1,"enemies":"Jaw Worm","floor":4,"turns":2},{"damage":35,"enemies":"downfall:LadyInBlue","floor":6,"turns":8},{"damage":0,"enemies":"Cultist","floor":8,"turns":1},{"damage":20,"enemies":"Gremlin Nob","floor":9,"turns":4},{"damage":6,"enemies":"Small Slimes","floor":11,"turns":2},{"damage":10,"enemies":"2 Fungi Beasts","floor":12,"turns":3},{"damage":10,"enemies":"Gremlin Gang","floor":15,"turns":4},{"damage":35,"enemies":"downfall:Watcher","floor":16,"turns":12},{"damage":31,"enemies":"Shell Parasite","floor":19,"turns":5},{"damage":32,"enemies":"3 Byrds","floor":20,"turns":4},{"damage":0,"enemies":"downfall:FleeingMerchant","floor":21,"turns":4},{"damage":18,"enemies":"Gremlin Leader","floor":22,"turns":5},{"damage":7,"enemies":"Centurion and Healer","floor":30,"turns":7},{"damage":14,"enemies":"Snake Plant","floor":31,"turns":4},{"damage":7,"enemies":"Shelled Parasite and Fungi","floor":32,"turns":2},{"damage":100,"enemies":"downfall:Defect","floor":33,"turns":12},{"damage":30,"enemies":"3 Shapes","floor":37,"turns":4},{"damage":24,"enemies":"3 Darklings","floor":40,"turns":3},{"damage":75,"enemies":"Writhing Mass","floor":43,"turns":5},{"damage":6,"enemies":"downfall:FleeingMerchant","floor":45,"turns":4},{"damage":15,"enemies":"downfall:FleeingMerchant","floor":47,"turns":4},{"damage":1,"enemies":"4 Shapes","floor":48,"turns":4},{"damage":14,"enemies":"Transient","floor":49,"turns":5},{"damage":102,"enemies":"downfall:Silent","floor":50,"turns":8}],"seed_played":"4491755195061137013","potions_obtained":[{"floor":2,"key":"sneckomod:DiceRollPotion"},{"floor":6,"key":"EntropicBrew"},{"floor":6,"key":"Guardian:BlockOnCardUsePotion"},{"floor":9,"key":"SkillPotion"},{"floor":11,"key":"DuplicationPotion"},{"floor":12,"key":"PowerPotion"},{"floor":15,"key":"SteroidPotion"},{"floor":16,"key":"PowerPotion"},{"floor":19,"key":"Weak Potion"},{"floor":20,"key":"FearPotion"},{"floor":21,"key":"GamblersBrew"},{"floor":22,"key":"sneckomod:DiceRollPotion"},{"floor":30,"key":"sneckomod:MuddlingPotion"},{"floor":31,"key":"sneckomod:DiceRollPotion"},{"floor":32,"key":"PowerPotion"},{"floor":33,"key":"hexamod:EctoCoolerPotion"},{"floor":37,"key":"Ancient Potion"},{"floor":40,"key":"FearPotion"},{"floor":43,"key":"Weak Potion"},{"floor":45,"key":"Weak Potion"},{"floor":47,"key":"Fire Potion"},{"floor":48,"key":"SneckoOil"},{"floor":49,"key":"champ:CounterPotion"}],"is_trial":false,"path_per_floor":["R","E","R","M","?","?","T","M","E","R","M","M","?","?","M","B",null,"R","M","M","$","E","R","T","R","?","R","?","T","M","M","M","B",null,"R","?","M","?","R","M","T","R","M","R","$","?","$","M","M","B"],"character_chosen":"THE_SNECKO","items_purchased":["sneckomod:UnknownCommonAttack","sneckomod:UnknownBlock","Pear"],"campfire_rested":6,"item_purchase_floors":[21,21,45],"current_hp_per_floor":[99,62,94,93,93,64,64,64,44,77,71,79,61,61,52,17,118,118,92,63,66,49,86,86,136,136,136,136,136,129,120,113,13,137,137,139,129,129,129,107,107,107,33,75,80,80,81,82,85,0,0],"gold":34,"neow_bonus":"TEN_PERCENT_HP_BONUS","is_daily":false,"chose_seed":false,"campfire_upgraded":4,"win_rate":0.0,"timestamp":1608397352,"path_taken":["R","E","R","M","?","?","T","M","E","R","?","M","?","?","M","BOSS","R","M","M","?","E","R","T","R","?","R","?","?","?","M","M","BOSS","R","?","?","?","R","M","T","R","M","R","$","?","?","M","M","BOSS"],"items_purchased_type":["Card","Card","Relic"],"build_version":"2020-12-13","purchased_purges":1,"victory":false,"max_hp_per_floor":[99,107,107,107,107,113,113,113,113,113,113,117,117,117,118,118,118,118,119,122,125,126,126,126,136,136,136,136,136,136,137,137,137,137,137,139,139,139,139,141,141,141,142,142,153,153,154,156,159,159,159],"card_choices":[{"not_picked":["sneckomod:UnknownClassSLIMEBOUND","sneckomod:SoulDraw"],"picked":"sneckomod:Unknown1Cost","floor":2},{"not_picked":["sneckomod:UnknownStrike","sneckomod:ImprovisedGuard"],"picked":"sneckomod:SnakeSap","floor":4},{"not_picked":["sneckomod:UnknownClassTHE_CHAMP_GRAY","sneckomod:UnknownVulnerable"],"picked":"sneckomod:Unknown1Cost","floor":6},{"not_picked":["sneckomod:UnknownCommonAttack","sneckomod:SoulRoll"],"picked":"sneckomod:DiceCrush","floor":8},{"not_picked":["sneckomod:UnknownClassBLUE","sneckomod:Unknown2Cost"],"picked":"sneckomod:ImprovisedAttack","floor":9},{"not_picked":["sneckomod:Unknown1Cost","sneckomod:SoulRoll"],"picked":"sneckomod:DiceBoulder","floor":11},{"not_picked":["sneckomod:RainOfDice","sneckomod:UnknownCommonSkill"],"picked":"sneckomod:Unknown1Cost","floor":12},{"not_picked":["sneckomod:UnknownWeak","sneckomod:Unknown1Cost"],"picked":"sneckomod:UnknownEthereal","floor":15},{"not_picked":["sneckomod:DangerNoodle","sneckomod:UnknownRareSkill"],"picked":"sneckomod:SerpentMind","floor":16},{"not_picked":["sneckomod:UnknownUncommonSkill","sneckomod:UnknownWeak"],"picked":"sneckomod:UnknownCommonAttack","floor":19},{"not_picked":["sneckomod:UnknownCommonAttack","sneckomod:UnknownExhaust"],"picked":"sneckomod:DiceBlock","floor":20},{"not_picked":["sneckomod:QuickMove","sneckomod:UnknownClassGREEN"],"picked":"sneckomod:Unknown1Cost+1","floor":21},{"not_picked":["sneckomod:SoulExchange","sneckomod:Unknown1Cost"],"picked":"sneckomod:UnknownBlock","floor":22},{"not_picked":["sneckomod:UnknownVulnerable","sneckomod:UnknownX"],"picked":"sneckomod:SoulDraw","floor":30},{"not_picked":["sneckomod:UnknownWeak","sneckomod:UnknownClassBLUE"],"picked":"sneckomod:UnknownCommonSkill+1","floor":31},{"not_picked":["sneckomod:UnknownUncommonPower","sneckomod:UnknownClassHEXA_GHOST_PURPLE"],"picked":"sneckomod:SerpentIdol","floor":32},{"not_picked":["sneckomod:SerpentMind","sneckomod:SoulExchange"],"picked":"sneckomod:MorePower","floor":33},{"not_picked":[],"picked":"sneckomod:DiceCrush","floor":37},{"not_picked":[],"picked":"sneckomod:UnknownCommonSkill+1","floor":40},{"not_picked":[],"picked":"sneckomod:UnknownClassRED+1","floor":40},{"not_picked":["sneckomod:RainOfDice+1"],"picked":"SKIP","floor":40},{"not_picked":[],"picked":"sneckomod:UnknownBlock+1","floor":43},{"not_picked":[],"picked":"sneckomod:IronFang+1","floor":43},{"not_picked":[],"picked":"sneckomod:QuickMove","floor":43},{"not_picked":[],"picked":"sneckomod:UnknownColorless+1","floor":45},{"not_picked":[],"picked":"sneckomod:CheapStock","floor":45},{"not_picked":[],"picked":"expansioncontent:DecasProtection","floor":46},{"not_picked":[],"picked":"sneckomod:UnknownClassPURPLE+1","floor":47},{"not_picked":[],"picked":"sneckomod:ImprovisedGuard","floor":47},{"not_picked":[],"picked":"sneckomod:UnknownDexterity+1","floor":48},{"not_picked":[],"picked":"sneckomod:Unknown2Cost+1","floor":48},{"not_picked":["sneckomod:RainOfDice"],"picked":"SKIP","floor":48},{"not_picked":[],"picked":"sneckomod:UnknownVulnerable+1","floor":49},{"not_picked":[],"picked":"sneckomod:UnknownClassPURPLE","floor":49},{"not_picked":[],"picked":"sneckomod:UnknownUncommonPower+1","floor":49}],"player_experience":807265,"relics_obtained":[{"floor":2,"key":"Strawberry"},{"floor":6,"key":"White Beast Statue"},{"floor":7,"key":"Gremlin Horn"},{"floor":9,"key":"Pocketwatch"},{"floor":22,"key":"Smiling Mask"},{"floor":29,"key":"Gambling Chip"},{"floor":38,"key":"Oddly Smooth Stone"},{"floor":41,"key":"Prayer Wheel"}],"event_choices":[{"damage_healed":0,"gold_gain":0,"player_choice":"Success","damage_taken":18,"relics_obtained":["Potion Belt"],"max_hp_gain":0,"max_hp_loss":0,"event_name":"Scrap Ooze","floor":13,"gold_loss":0},{"damage_healed":0,"gold_gain":0,"player_choice":"Ignored","damage_taken":0,"max_hp_gain":0,"max_hp_loss":0,"event_name":"Purifier","floor":14,"gold_loss":0},{"damage_healed":0,"gold_gain":0,"player_choice":"Stole Relic","damage_taken":0,"relics_obtained":["Bronze Scales"],"max_hp_gain":0,"max_hp_loss":0,"event_name":"Addict","floor":28,"gold_loss":0,"cards_obtained":["Shame"]}],"is_beta":false,"boss_relics":[{"not_picked":["Runic Dome","Coffee Dripper","Snecko Eye"]},{"not_picked":["Runic Pyramid","Fusion Hammer"],"picked":"Busted Crown"}],"items_purged_floors":[45],"is_endless":false,"potions_floor_spawned":[2,8,9,11,12,15,16,19,20,21,22,30,31,32,33,37,40,43,45,47,48,49],"killed_by":"downfall:Silent","ascension_level":0}}