{"host":"jewdtr7eremy7cl3","time":1608397254,"event":{"mods":["ATMod(阿瑾Mod)","Act Like it!","BaseMod","Dota2Spire","Gensokyo","Minty Spire (QoL Compilation)","Remilia（蕾米莉亚）","Spicy Shops","StSLib","The Alterego","The Cursed","TheWitcher","WarShipGirlsR/战舰少女R mod","Youmu（魂魄妖梦）","【东方二次创作】八云紫mod"],"gold_per_floor":[110,123,53,53,53,53,80,97,148,148,148,148],"floor_reached":11,"playtime":424,"items_purged":[],"score":71,"play_id":"3553f48e-927e-4689-9043-bc1b755f5273","local_time":"20201220010054","is_ascension_mode":false,"campfire_choices":[],"circlet_count":0,"master_deck":["alterego_mod:Strike","alterego_mod:Strike","alterego_mod:Strike","alterego_mod:Strike","alterego_mod:Defend","alterego_mod:Defend","alterego_mod:Defend+1","alterego_mod:Defend","alterego_mod:Impale","alterego_mod:BigMeatyClaws","alterego_mod:Nekomimi","alterego_mod:Punishment","Gensokyo:CrescentMoonSlash","Pain","alterego_mod:GoddessCore","alterego_mod:TrashNCrash"],"relics":["alterego_mod:MasochisticConstitution","AT_ATBox","NeowsBlessing","Gensokyo:LunaticRedEyes","Gensokyo:NagashiBinaDoll","Juzu Bracelet","Orichalcum","Gensokyo:Justice"],"acts_visited":["Gensokyo:Gensokyo"],"potions_floor_usage":[11],"damage_taken":[{"damage":0,"enemies":"Gensokyo:2_Kodama","floor":1,"turns":1},{"damage":0,"enemies":"Gensokyo:Gryphon","floor":2,"turns":1},{"damage":6,"enemies":"Gensokyo:Mamizou","floor":7,"turns":3},{"damage":12,"enemies":"Gensokyo:Python","floor":8,"turns":3},{"damage":50,"enemies":"Gensokyo:Aya","floor":11,"turns":5}],"seed_played":"6563552605757467715","potions_obtained":[{"floor":1,"key":"EssenceOfSteel"},{"floor":8,"key":"DistilledChaos"}],"is_trial":false,"path_per_floor":["M","M","?","?","?","?","E","M","T","?","E"],"character_chosen":"The_Alterego","items_purchased":[],"campfire_rested":0,"item_purchase_floors":[],"current_hp_per_floor":[70,70,70,63,63,63,58,47,47,47,0,0],"gold":148,"neow_bonus":"THREE_ENEMY_KILL","is_daily":false,"chose_seed":false,"campfire_upgraded":0,"win_rate":0.0,"timestamp":1608397254,"path_taken":["M","M","?","?","?","?","E","M","T","?","E"],"items_purchased_type":[],"build_version":"2020-12-13","purchased_purges":0,"victory":false,"max_hp_per_floor":[70,70,70,70,70,70,71,72,72,72,72,72],"card_choices":[{"not_picked":["alterego_mod:MagicResistance","alterego_mod:Birthday"],"picked":"alterego_mod:Nekomimi","floor":1},{"not_picked":["alterego_mod:GoddessCore","alterego_mod:Pet"],"picked":"alterego_mod:Punishment","floor":2},{"not_picked":["alterego_mod:BoobPocket","alterego_mod:Cycle"],"picked":"alterego_mod:GoddessCore","floor":7},{"not_picked":["alterego_mod:Stockings","alterego_mod:Crossover"],"picked":"alterego_mod:TrashNCrash","floor":8}],"player_experience":87418,"relics_obtained":[{"floor":7,"key":"Juzu Bracelet"},{"floor":9,"key":"Orichalcum"}],"event_choices":[],"is_beta":false,"boss_relics":[],"items_purged_floors":[],"is_endless":false,"potions_floor_spawned":[1,8],"killed_by":"Gensokyo:Aya","ascension_level":0}}