{"host":"jpol0bbzretdyr3c","time":1608339993,"event":{"mods":["Act Like it!","BaseMod","Colored Map","Downfall","Gensokyo","Googly Eyes","Hallownest","Koishi","Marisa????????","Minty Spire (QoL Compilation)","Replay The Spire","StSLib","The Jungle","The Servant 0.9.4"],"gold_per_floor":[99,110,124,143,160,160,160,160,189,189,199,349,63,48,61,159,159,159,172,157,188,198,198,198],"floor_reached":23,"playtime":2451,"items_purged":[],"score":211,"play_id":"d60b634e-73de-4f5f-9f45-04028de9678c","local_time":"20201218170633","is_ascension_mode":false,"campfire_choices":[{"floor":1.0,"key":"RECALL"},{"data":"champ:Taunt","floor":6.0,"key":"SMITH"},{"data":"champ:GladiatorStyle","floor":8.0,"key":"SMITH"},{"data":"champ:ViciousMockery","floor":10.0,"key":"SMITH"},{"data":"champ:SteelEdge","floor":18.0,"key":"SMITH"}],"circlet_count":0,"master_deck":["champ:Strike","champ:Strike","champ:Strike","champ:Strike","champ:Defend","champ:Defend","champ:Defend","champ:Defend","champ:Execute","champ:Taunt+1","champ:GladiatorStyle+1","champ:ShieldWall","champ:FaceSlap","champ:ViciousMockery+1","champ:BerserkerStyle","Slimebound:Icky","champ:FaceSlap","champ:GladiatorStyle","champ:GladiatorStyle","champ:FanOfKnives","champ:SwordThrow","champ:VampiricStrike","champ:BerserkersShout","champ:SteelEdge+1","champ:CalledShot+1","champ:StanceDance","champ:Haymaker","champ:Encircle"],"relics":["champ:ChampionCrown","Replay:Baseball","Cursed Key","ReplayFunnel"],"acts_visited":["Exordium","TheCity"],"potions_floor_usage":[23],"damage_taken":[{"damage":13.0,"enemies":"Jaw Worm","floor":2.0,"turns":5.0},{"damage":3.0,"enemies":"Small Slimes","floor":3.0,"turns":3.0},{"damage":9.0,"enemies":"2 Louse","floor":4.0,"turns":4.0},{"damage":12.0,"enemies":"2 Fungi Beasts","floor":5.0,"turns":4.0},{"damage":25.0,"enemies":"3 Sentries","floor":9.0,"turns":7.0},{"damage":6.0,"enemies":"Blue Slaver","floor":11.0,"turns":4.0},{"damage":15.0,"enemies":"downfall:FleeingMerchant","floor":13.0,"turns":4.0},{"damage":2.0,"enemies":"downfall:FleeingMerchant","floor":14.0,"turns":4.0},{"damage":17.0,"enemies":"Exordium Wildlife","floor":15.0,"turns":3.0},{"damage":44.0,"enemies":"downfall:Silent","floor":16.0,"turns":5.0},{"damage":14.0,"enemies":"Spheric Guardian","floor":19.0,"turns":4.0},{"damage":25.0,"enemies":"downfall:FleeingMerchant","floor":20.0,"turns":4.0},{"damage":88,"enemies":"Slavers","floor":21,"turns":6},{"damage":21,"enemies":"Shell Parasite","floor":22,"turns":4},{"damage":10,"enemies":"Book of Stabbing","floor":23,"turns":2}],"seed_played":"-1681460101195954202","potions_obtained":[{"floor":3.0,"key":"GamblersBrew"},{"floor":4.0,"key":"Fire Potion"},{"floor":5.0,"key":"sneckomod:MuddlingPotion"},{"floor":22,"key":"LifebloodPotion"}],"is_trial":false,"path_per_floor":["R","M","M","M","M","R","T","R","E","R","M","?","$","$","M","B",null,"R","M","$","E","M","E"],"character_chosen":"THE_CHAMP","items_purchased":["champ:GladiatorStyle","champ:FanOfKnives","champ:SwordThrow"],"campfire_rested":0,"item_purchase_floors":[13,13,13],"current_hp_per_floor":[99,96,93,84,72,72,72,72,52,52,51,51,46,44,32,12,99,99,91,79,31,10,0,0],"gold":198,"neow_bonus":"TEN_PERCENT_HP_BONUS","is_daily":false,"chose_seed":false,"campfire_upgraded":4,"win_rate":0.0,"timestamp":1608339993,"path_taken":["R","M","M","M","M","R","T","R","E","R","M","?","$","$","M","BOSS","R","M","$","E","M","E"],"items_purchased_type":["Card","Card","Card"],"build_version":"2020-12-13","purchased_purges":0,"victory":false,"max_hp_per_floor":[99,99,99,99,99,99,99,99,99,99,99,99,99,99,99,99,99,99,99,99,99,99,99,99],"card_choices":[{"not_picked":["champ:CrookedStrike","champ:FanOfKnives"],"picked":"champ:GladiatorStyle","floor":2.0},{"not_picked":["champ:Backstep","champ:Lariat"],"picked":"champ:ShieldWall","floor":3.0},{"not_picked":["champ:CrookedStrike","champ:BringItOn"],"picked":"champ:FaceSlap","floor":4.0},{"not_picked":["champ:DefensiveShout","champ:BerserkerStyle","champ:Backstep"],"picked":"SKIP","floor":5.0},{"not_picked":["champ:Encircle","champ:EndlessRage"],"picked":"champ:ViciousMockery","floor":9.0},{"not_picked":["champ:FlashCut","champ:Encircle"],"picked":"champ:BerserkerStyle","floor":11.0},{"not_picked":["champ:IronFortress","champ:FightOn"],"picked":"champ:FaceSlap","floor":13.0},{"not_picked":["champ:HeavySlash","champ:TornadoPunch"],"picked":"champ:VampiricStrike","floor":14.0},{"not_picked":["champ:StanceDance","champ:AdrenalArmor"],"picked":"champ:BerserkersShout","floor":15.0},{"not_picked":["champ:LastStand","champ:CheapShot"],"picked":"champ:SteelEdge","floor":16.0},{"not_picked":["champ:AdrenalArmor","champ:Circumvent"],"picked":"champ:CalledShot+1","floor":19.0},{"not_picked":["champ:TornadoPunch","champ:PerfectedStrike"],"picked":"champ:StanceDance","floor":20},{"not_picked":["champ:AdrenalArmor","champ:FocusedGladiator"],"picked":"champ:Haymaker","floor":21},{"not_picked":["champ:Haymaker","champ:PerfectedStrike+1"],"picked":"champ:Encircle","floor":22}],"player_experience":425847,"relics_obtained":[{"floor":9.0,"key":"Replay:Baseball"},{"floor":21,"key":"ReplayFunnel"}],"event_choices":[],"is_beta":false,"boss_relics":[{"not_picked":["Replay:Ancient Bell","Replay:Wanted Poster"],"picked":"Cursed Key"}],"items_purged_floors":[],"is_endless":false,"potions_floor_spawned":[3,4,5,9,15,22],"killed_by":"Book of Stabbing","ascension_level":0}}