{"host":"daa8jqyg4gqfaysm","time":1608372419,"event":{"mods":["BaseMod","Colored Powertips","Minty Spire (QoL Compilation)","StSLib"],"gold_per_floor":[11,36,52,65,75,75,106,119,119,119,119,119,119,143,143,236,236,257,182,200,215,215,215,251,251,251,251,266,305,325,341,341,439,439,464,464,414,439,439,439,439,439],"floor_reached":41,"playtime":1335,"items_purged":[],"score":758,"play_id":"5bee508a-5825-4c1e-949c-785422eadc09","local_time":"20201219180659","is_ascension_mode":true,"campfire_choices":[{"data":"Streamline","floor":6,"key":"SMITH"},{"floor":10,"key":"REST"},{"data":"Go for the Eyes","floor":13,"key":"SMITH"},{"data":"Sweeping Beam","floor":15,"key":"SMITH"},{"floor":23,"key":"REST"},{"floor":25,"key":"REST"},{"data":"Zap","floor":27,"key":"SMITH"},{"floor":32,"key":"REST"},{"floor":40,"key":"REST"}],"circlet_count":0,"master_deck":["AscendersBane","Strike_B","Defend_B","Defend_B","Defend_B","Defend_B","Zap+1","Dualcast","Streamline+1","Gash","Auto Shields","Gash+1","Go for the Eyes+1","Hologram","Sweeping Beam+1","All For One+1","Compile Driver","Leap+1","Undo","Conserve Battery","Decay","Beam Cell+1","Reboot","Rebound+1","Blind"],"relics":["Cracked Core","Orichalcum","Sundial","Mercury Hourglass","Golden Idol","Cursed Key","Bronze Scales","Letter Opener","Bag of Marbles","Inserter"],"acts_visited":["Exordium","TheCity","TheBeyond"],"potions_floor_usage":[7,16,16,20,24,29,33,33,38,41],"damage_taken":[{"damage":0,"enemies":"Cultist","floor":1,"turns":4},{"damage":3,"enemies":"Jaw Worm","floor":3,"turns":4},{"damage":7,"enemies":"Small Slimes","floor":4,"turns":3},{"damage":6,"enemies":"Exordium Thugs","floor":5,"turns":4},{"damage":30,"enemies":"Lagavulin","floor":7,"turns":7},{"damage":3,"enemies":"Blue Slaver","floor":8,"turns":3},{"damage":5,"enemies":"3 Louse","floor":14,"turns":2},{"damage":11,"enemies":"Slime Boss","floor":16,"turns":7},{"damage":19,"enemies":"Spheric Guardian","floor":18,"turns":4},{"damage":16,"enemies":"3 Byrds","floor":20,"turns":4},{"damage":11,"enemies":"Snecko","floor":21,"turns":6},{"damage":21,"enemies":"Slavers","floor":24,"turns":3},{"damage":2,"enemies":"3 Cultists","floor":28,"turns":4},{"damage":11,"enemies":"Book of Stabbing","floor":29,"turns":4},{"damage":0,"enemies":"Cultist and Chosen","floor":30,"turns":3},{"damage":3,"enemies":"Snake Plant","floor":31,"turns":3},{"damage":44,"enemies":"Automaton","floor":33,"turns":9},{"damage":17,"enemies":"Orb Walker","floor":35,"turns":3},{"damage":30,"enemies":"3 Darklings","floor":38,"turns":4},{"damage":33,"enemies":"Nemesis","floor":41,"turns":6}],"seed_played":"-8210181578929614406","potions_obtained":[{"floor":3,"key":"Explosive Potion"},{"floor":5,"key":"PowerPotion"},{"floor":14,"key":"ColorlessPotion"},{"floor":16,"key":"Strength Potion"},{"floor":20,"key":"Fruit Juice"},{"floor":24,"key":"FocusPotion"},{"floor":28,"key":"FearPotion"},{"floor":31,"key":"SkillPotion"},{"floor":35,"key":"AttackPotion"},{"floor":38,"key":"Block Potion"}],"is_trial":false,"path_per_floor":["M","T","M","M","M","R","E","M","T","R","?","?","R","M","R","B",null,"M","?","M","M","?","R","E","R","T","R","M","E","M","M","R","B",null,"M","?","?","M","?","R","E"],"character_chosen":"DEFECT","items_purchased":[],"campfire_rested":5,"item_purchase_floors":[],"current_hp_per_floor":[64,64,61,54,48,48,18,15,15,36,36,41,41,36,36,25,58,39,39,28,17,17,39,18,40,40,40,38,27,27,24,46,2,56,39,39,39,9,9,31,0,0],"gold":439,"neow_bonus":"REMOVE_TWO","is_daily":false,"chose_seed":false,"campfire_upgraded":4,"win_rate":0.0,"timestamp":1608372419,"path_taken":["M","?","?","?","M","R","E","M","T","R","?","?","R","?","R","BOSS","M","?","M","M","?","R","E","R","T","R","?","E","M","M","R","BOSS","M","?","?","?","?","R","E"],"items_purchased_type":[],"build_version":"2020-12-13","purchased_purges":0,"victory":false,"max_hp_per_floor":[71,71,71,71,71,71,71,71,71,71,64,69,69,69,69,69,69,69,69,74,74,74,74,74,74,74,74,74,74,74,74,74,74,74,74,74,74,74,74,74,74,74],"card_choices":[{"not_picked":["Reinforced Body","Recycle"],"picked":"Streamline","floor":1},{"not_picked":["Heatsinks","Hello World"],"picked":"Gash","floor":3},{"not_picked":["Blizzard","Stack"],"picked":"Auto Shields","floor":4},{"not_picked":["Coolheaded","White Noise"],"picked":"Gash","floor":5},{"not_picked":["Skim","Static Discharge"],"picked":"Go for the Eyes","floor":7},{"not_picked":["BootSequence","Coolheaded"],"picked":"Hologram","floor":8},{"not_picked":["White Noise","Lockon"],"picked":"Sweeping Beam","floor":14},{"not_picked":["Reboot","Core Surge"],"picked":"All For One","floor":16},{"not_picked":["Cold Snap+1","Genetic Algorithm"],"picked":"Compile Driver","floor":18},{"not_picked":["Barrage","White Noise"],"picked":"Leap+1","floor":20},{"not_picked":["Stack","Auto Shields+1"],"picked":"Undo","floor":21},{"not_picked":["Auto Shields+1","Double Energy"],"picked":"Conserve Battery","floor":24},{"not_picked":["Leap","Double Energy","Conserve Battery"],"picked":"SKIP","floor":28},{"not_picked":["Stack","Reinforced Body"],"picked":"Beam Cell+1","floor":29},{"not_picked":["Turbo","Beam Cell","Double Energy"],"picked":"SKIP","floor":30},{"not_picked":["Leap","Chill","Stack"],"picked":"SKIP","floor":31},{"not_picked":["Buffer","Machine Learning"],"picked":"Reboot","floor":33},{"not_picked":["Force Field","Loop"],"picked":"Rebound","floor":35},{"not_picked":["Hologram","Barrage+1","Cold Snap"],"picked":"SKIP","floor":38},{"not_picked":["HandOfGreed","Enlightenment"],"picked":"Blind","floor":39}],"player_experience":700656,"relics_obtained":[{"floor":2,"key":"Orichalcum"},{"floor":7,"key":"Sundial"},{"floor":9,"key":"Mercury Hourglass"},{"floor":24,"key":"Bronze Scales"},{"floor":26,"key":"Letter Opener"},{"floor":29,"key":"Bag of Marbles"}],"event_choices":[{"damage_healed":0,"gold_gain":0,"player_choice":"Lose Max HP","damage_taken":0,"relics_obtained":["Golden Idol"],"max_hp_gain":0,"max_hp_loss":7,"event_name":"Golden Idol","floor":11,"gold_loss":0},{"damage_healed":0,"gold_gain":0,"player_choice":"Donut","damage_taken":0,"max_hp_gain":5,"max_hp_loss":0,"event_name":"Big Fish","floor":12,"gold_loss":0},{"cards_removed":["Strike_B"],"damage_healed":0,"gold_gain":0,"player_choice":"Gave Gold","damage_taken":0,"max_hp_gain":0,"max_hp_loss":0,"event_name":"Beggar","floor":19,"gold_loss":75},{"damage_healed":0,"gold_gain":0,"player_choice":"Upgraded","damage_taken":0,"max_hp_gain":0,"max_hp_loss":0,"event_name":"Upgrade Shrine","floor":22,"gold_loss":0,"cards_upgraded":["All For One"]},{"damage_healed":0,"gold_gain":0,"player_choice":"Ignored","damage_taken":0,"max_hp_gain":0,"max_hp_loss":0,"event_name":"Mysterious Sphere","floor":36,"gold_loss":0},{"damage_healed":0,"gold_gain":0,"player_choice":"Upgraded Two","damage_taken":0,"max_hp_gain":0,"max_hp_loss":0,"event_name":"Designer","floor":37,"gold_loss":50,"cards_upgraded":["Gash","Rebound"]},{"damage_healed":0,"gold_gain":0,"player_choice":"Memory 1","damage_taken":0,"max_hp_gain":0,"max_hp_loss":0,"event_name":"SensoryStone","floor":39,"gold_loss":0}],"is_beta":false,"boss_relics":[{"not_picked":["Busted Crown","Astrolabe"],"picked":"Cursed Key"},{"not_picked":["Black Star","SacredBark"],"picked":"Inserter"}],"items_purged_floors":[],"is_endless":false,"potions_floor_spawned":[3,5,14,16,20,24,28,31,35,38],"killed_by":"Nemesis","ascension_level":15}}