{"host":"h2t1p868he4iyouz","time":1608380645,"event":{"mods":["Act Like it!","BaseMod","Minty Spire (QoL Compilation)","Replay The Spire","StSLib"],"gold_per_floor":[99999,99160,99133,99133,99133,98033,98052,98380,98390,98423,98423,98435,98435,97160,97160,97202,97202,97317,97317,97325,97325],"floor_reached":20,"playtime":1219,"items_purged":["Strike_G","Strike_G","Defend_G"],"score":249,"play_id":"4437020a-2623-41a3-831e-8a80821fbc51","local_time":"20201219202405","is_ascension_mode":true,"campfire_choices":[{"floor":13.0,"key":"RECALL"},{"floor":17,"key":"REST"}],"circlet_count":0,"master_deck":["Strike_G","Strike_G","Strike_G","Defend_G","Defend_G","Defend_G","Defend_G","Survivor","Neutralize","Prepared","Dagger Throw","Bane","ReplayTheSpireMod:The Works","Dash","Concentrate","PiercingWail","Atom Bomb","Backflip","Fluid Movement+1","Dagger Spray","Prepared","Well Laid Plans+1","Poisoned Strike","Regret","Corpse Explosion","After Image+1"],"relics":["Ring of the Snake","NeowsBlessing","Boot","Pear","Frozen Eye","Peace Pipe","Replay:Multitool","Lee\u0027s Waffle","Old Coin","Paper Crane","Frozen Egg 2","Du-Vu Doll","Replay:Bandana","Toolbox","Pantograph","Happy Flower","Philosopher\u0027s Stone"],"acts_visited":["Exordium","TheCity"],"potions_floor_usage":[],"damage_taken":[{"damage":0.0,"enemies":"Jaw Worm","floor":1.0,"turns":1.0},{"damage":0.0,"enemies":"2 Louse","floor":7.0,"turns":1.0},{"damage":0.0,"enemies":"3 Sentries","floor":8.0,"turns":1.0},{"damage":0.0,"enemies":"Cultist","floor":9.0,"turns":2.0},{"damage":40.0,"enemies":"Lagavulin","floor":10.0,"turns":10.0},{"damage":3.0,"enemies":"2 Fungi Beasts","floor":12.0,"turns":4.0},{"damage":38.0,"enemies":"Gremlin Nob","floor":16.0,"turns":5.0},{"damage":52,"enemies":"Fading Forest","floor":18,"turns":11},{"damage":17,"enemies":"Spheric Guardian","floor":20,"turns":3}],"seed_played":"6262565158883922375","potions_obtained":[{"floor":8.0,"key":"Adrenaline Potion"}],"is_trial":false,"path_per_floor":["M","$","?","PTL","PTL","$","M","E","M","E","T","M","R","$","?","E","R","B",null,"M"],"character_chosen":"THE_SILENT","items_purchased":["Boot","Pear","Frozen Eye","Dagger Throw","GamblersBrew","PowerPotion","Weak Potion","Peace Pipe","Replay:Multitool","Lee\u0027s Waffle","Bane","ReplayTheSpireMod:The Works","Dash","Fire Potion","Du-Vu Doll","Replay:Bandana","Toolbox","Dagger Spray","Prepared","Well Laid Plans+1","Poisoned Strike","Ancient Potion","LiquidBronze","SteroidPotion"],"campfire_rested":1,"item_purchase_floors":[2,2,2,2,2,2,2,6,6,6,6,6,6,6,14,14,14,14,14,14,14,14,14,14],"current_hp_per_floor":[70,80,80,80,80,87,87,87,87,47,47,44,44,44,44,6,32,5,87,70,70],"gold":97325,"neow_bonus":"THREE_ENEMY_KILL","is_daily":false,"chose_seed":false,"campfire_upgraded":0,"win_rate":0.0,"timestamp":1608380645,"path_taken":["M","$","?","PTL","PTL","$","M","E","M","E","T","M","R","$","?","E","R","BOSS","M"],"items_purchased_type":["Relic","Relic","Relic","Card","Potion","Potion","Potion","Relic","Relic","Relic","Card","Card","Card","Potion","Relic","Relic","Relic","Card","Card","Card","Card","Potion","Potion","Potion"],"build_version":"2020-12-13","purchased_purges":3,"victory":false,"max_hp_per_floor":[70,80,80,80,80,87,87,87,87,87,87,87,87,87,87,87,87,87,87,87,87],"card_choices":[{"not_picked":["Hidden Blade","Backflip"],"picked":"Prepared","floor":1.0},{"not_picked":["Flying Knee","Slice"],"picked":"Concentrate","floor":7.0},{"not_picked":["ReplayTheSpireMod:Exploit Weakness","Prepared"],"picked":"PiercingWail","floor":8.0},{"not_picked":["Outmaneuver","Underhanded Strike"],"picked":"Atom Bomb","floor":9.0},{"not_picked":["Blade Dance","Distraction"],"picked":"Backflip","floor":10.0},{"not_picked":["Flying Knee","Slice"],"picked":"Fluid Movement+1","floor":12.0},{"not_picked":["Cloak And Dagger","Dagger Throw"],"picked":"Corpse Explosion","floor":16.0},{"not_picked":["Unload","Malaise"],"picked":"After Image+1","floor":18}],"player_experience":303299,"relics_obtained":[{"floor":8.0,"key":"Old Coin"},{"floor":10.0,"key":"Paper Crane"},{"floor":11.0,"key":"Frozen Egg 2"},{"floor":16.0,"key":"Happy Flower"}],"event_choices":[{"damage_healed":0.0,"max_hp_gain":0.0,"max_hp_loss":0.0,"gold_gain":0.0,"event_name":"World of Goop","player_choice":"Left Gold","floor":3.0,"gold_loss":27.0,"damage_taken":0.0},{"damage_healed":0.0,"max_hp_gain":0.0,"max_hp_loss":0.0,"gold_gain":0.0,"event_name":"Big Fish","player_choice":"Box","floor":15.0,"gold_loss":0.0,"damage_taken":0.0,"relics_obtained":["Pantograph"],"cards_obtained":["Regret"]}],"is_beta":false,"boss_relics":[{"not_picked":["SacredBark","WristBlade"],"picked":"Philosopher\u0027s Stone"}],"items_purged_floors":[2,6,14],"is_endless":false,"potions_floor_spawned":[7,8],"killed_by":"Spheric Guardian","ascension_level":1}}