{"host":"vfg9szunmpjwj08o","time":1608390986,"event":{"mods":["Act Like it!","BaseMod","Challenge The Spire","Colored Map","Colored Powertips","Minty Spire (QoL Compilation)","StSLib","Waifu the Spire"],"gold_per_floor":[116,135,135,148,148,148,182,197,221,221,221,221,252,266,266,337,337,353,82,95,95,95,95,95],"floor_reached":23,"playtime":2251,"items_purged":["Strike_B"],"score":388,"play_id":"28fbaf47-e3ce-4927-9345-f86ec7c66e38","local_time":"20201219161626","is_ascension_mode":true,"campfire_choices":[{"data":"Zap","floor":6,"key":"SMITH"},{"data":"Dualcast","floor":10,"key":"SMITH"},{"data":"Rainbow","floor":12,"key":"SMITH"},{"data":"Defragment","floor":15,"key":"SMITH"}],"circlet_count":0,"master_deck":["AscendersBane","Strike_B","Defend_B","Defend_B","Defend_B","Zap+1","Dualcast+1","Rainbow+1","Gash","Reinforced Body","Defragment+1","Electrodynamics","Undo","Reboot","Go for the Eyes","Compile Driver","Echo Form","Hologram","Chaos","Self Repair","Echo Form","Defragment+1"],"relics":["Cracked Core","Tiny Chest","PreservedInsect","SlaversCollar","Runic Capacitor"],"acts_visited":["Exordium","TheCity"],"potions_floor_usage":[8,16,20,23,23],"damage_taken":[{"damage":14,"enemies":"Jaw Worm","floor":1,"turns":4},{"damage":12,"enemies":"2 Louse","floor":2,"turns":3},{"damage":0,"enemies":"Cultist","floor":4,"turns":4},{"damage":6,"enemies":"Lagavulin","floor":7,"turns":6},{"damage":4,"enemies":"3 Louse","floor":8,"turns":2},{"damage":15,"enemies":"3 Sentries","floor":13,"turns":3},{"damage":3,"enemies":"Exordium Thugs","floor":14,"turns":3},{"damage":6,"enemies":"The Guardian","floor":16,"turns":10},{"damage":13,"enemies":"Shell Parasite","floor":18,"turns":5},{"damage":0,"enemies":"Chosen","floor":20,"turns":5},{"damage":41,"enemies":"Slavers","floor":23,"turns":3}],"seed_played":"1944377887236743434","potions_obtained":[{"floor":4,"key":"Energy Potion"},{"floor":7,"key":"ColorlessPotion"},{"floor":8,"key":"Fruit Juice"},{"floor":14,"key":"Ancient Potion"},{"floor":16,"key":"EntropicBrew"}],"is_trial":false,"path_per_floor":["M","M","?","M","?","R","E","M","T","R","?","R","E","M","R","B",null,"M","$","M","?","?","E"],"character_chosen":"DEFECT","items_purchased":["Runic Capacitor","Chaos"],"campfire_rested":0,"item_purchase_floors":[19,19],"current_hp_per_floor":[50,38,38,38,31,31,25,26,26,26,26,26,11,8,8,2,52,39,39,39,39,39,0,0],"gold":95,"neow_bonus":"THREE_RARE_CARDS","is_daily":false,"chose_seed":false,"campfire_upgraded":4,"win_rate":0.0,"timestamp":1608390986,"path_taken":["M","M","?","M","?","R","E","M","T","R","?","R","E","M","R","BOSS","M","$","M","?","?","E"],"items_purchased_type":["Relic","Card"],"build_version":"2020-12-13","purchased_purges":1,"victory":false,"max_hp_per_floor":[64,64,64,64,64,64,64,69,69,69,69,69,69,69,69,69,69,69,69,69,69,69,69,69],"card_choices":[{"not_picked":["All For One","Seek"],"picked":"Rainbow","floor":0},{"not_picked":["Coolheaded","Redo"],"picked":"Gash","floor":1},{"not_picked":["Rip and Tear","Streamline"],"picked":"Reinforced Body","floor":2},{"not_picked":["Hologram","Compile Driver"],"picked":"Defragment","floor":4},{"not_picked":["Streamline","Steam"],"picked":"Electrodynamics","floor":7},{"not_picked":["Ball Lightning","Auto Shields"],"picked":"Undo","floor":8},{"not_picked":["Gash","Steam"],"picked":"Go for the Eyes","floor":13},{"not_picked":["BootSequence","Steam"],"picked":"Compile Driver","floor":14},{"not_picked":["Buffer","Hyperbeam"],"picked":"Echo Form","floor":16},{"not_picked":["Conserve Battery","Streamline"],"picked":"Hologram","floor":18},{"not_picked":["Steam","Ball Lightning+1"],"picked":"Self Repair","floor":20}],"player_experience":997256,"relics_obtained":[{"floor":7,"key":"Tiny Chest"},{"floor":13,"key":"PreservedInsect"}],"event_choices":[{"cards_removed":["Strike_B"],"damage_healed":0,"gold_gain":0,"player_choice":"Forget","damage_taken":0,"max_hp_gain":0,"max_hp_loss":0,"event_name":"Living Wall","floor":3,"gold_loss":0},{"cards_removed":["Strike_B"],"damage_healed":0,"gold_gain":0,"player_choice":"Card Removal","damage_taken":7,"max_hp_gain":0,"max_hp_loss":0,"event_name":"Golden Wing","floor":5,"gold_loss":0},{"damage_healed":0,"gold_gain":0,"cards_transformed":["Defend_B"],"player_choice":"Transformed","damage_taken":0,"max_hp_gain":0,"max_hp_loss":0,"event_name":"Transmorgrifier","floor":11,"gold_loss":0,"cards_obtained":["Reboot"]},{"damage_healed":0,"gold_gain":0,"player_choice":"Read","damage_taken":0,"max_hp_gain":0,"max_hp_loss":0,"event_name":"The Library","floor":21,"gold_loss":0,"cards_obtained":["Echo Form"]},{"damage_healed":0,"gold_gain":0,"player_choice":"Copied","damage_taken":0,"max_hp_gain":0,"max_hp_loss":0,"event_name":"Duplicator","floor":22,"gold_loss":0,"cards_obtained":["Defragment"]}],"is_beta":false,"boss_relics":[{"not_picked":["Black Star","Philosopher\u0027s Stone"],"picked":"SlaversCollar"}],"items_purged_floors":[19],"is_endless":false,"potions_floor_spawned":[4,7,8,14,16,18],"killed_by":"Slavers","ascension_level":19}}