{"host":"p245q48pmopyklqs","time":1608349449,"event":{"mods":["AchievementEnabler","BaseMod","DeckTracker","Minty Spire (QoL Compilation)","Relic Stats","Slay-I","StSLib","SuperFastMode"],"gold_per_floor":[119,132,146,196,211,211,222,247,247,172,172,172,201,230,230,311,311,211,211,211,211,211,211,211,211,211,211,211,29,29,29,29,29,29,29,29,29,29,29,29,29],"floor_reached":40,"playtime":2577,"items_purged":["Strike_B"],"score":912,"play_id":"9eb78cdd-138c-4bc4-8040-7e3c6ef2a05c","local_time":"20201219124409","is_ascension_mode":true,"campfire_choices":[{"data":"Defragment","floor":6.0,"key":"SMITH"},{"data":"Zap","floor":12.0,"key":"SMITH"},{"data":"Dualcast","floor":15.0,"key":"SMITH"},{"floor":23.0,"key":"REST"},{"data":"Loop","floor":28.0,"key":"SMITH"},{"data":"Skim","floor":32.0,"key":"SMITH"}],"circlet_count":0,"master_deck":["AscendersBane","Strike_B","Strike_B","Strike_B","Defend_B","Defend_B","Defend_B","Defend_B","Zap+1","Dualcast+1","Cold Snap","Ball Lightning","Defragment+1","Chill","Compile Driver","Echo Form","Core Surge","Hello World","Skim+1","Steam+1","Loop+1","Turbo","Conserve Battery","Electrodynamics","Capacitor","Biased Cognition+1","Coolheaded+1","Go for the Eyes","Steam Power+1"],"relics":["Cracked Core","Torii","CeramicFish","Eternal Feather","Mummified Hand","Ectoplasm","Anchor","Black Star"],"acts_visited":["Exordium","TheCity","TheBeyond"],"potions_floor_usage":[40],"damage_taken":[{"damage":1.0,"enemies":"Cultist","floor":1.0,"turns":3.0},{"damage":9.0,"enemies":"Small Slimes","floor":2.0,"turns":3.0},{"damage":0.0,"enemies":"Jaw Worm","floor":3.0,"turns":3.0},{"damage":15.0,"enemies":"Exordium Thugs","floor":5.0,"turns":5.0},{"damage":1.0,"enemies":"Large Slime","floor":7.0,"turns":6.0},{"damage":2.0,"enemies":"3 Sentries","floor":8.0,"turns":7.0},{"damage":1.0,"enemies":"3 Louse","floor":13.0,"turns":4.0},{"damage":11.0,"enemies":"Gremlin Nob","floor":14.0,"turns":3.0},{"damage":35.0,"enemies":"Slime Boss","floor":16.0,"turns":8.0},{"damage":7.0,"enemies":"2 Thieves","floor":18.0,"turns":4.0},{"damage":17.0,"enemies":"Chosen","floor":19.0,"turns":4.0},{"damage":27.0,"enemies":"Snake Plant","floor":20.0,"turns":5.0},{"damage":0.0,"enemies":"Centurion and Healer","floor":21.0,"turns":6.0},{"damage":1.0,"enemies":"Sentry and Sphere","floor":22.0,"turns":4.0},{"damage":6.0,"enemies":"Snake Plant","floor":24.0,"turns":4.0},{"damage":16.0,"enemies":"Centurion and Healer","floor":25.0,"turns":7.0},{"damage":9.0,"enemies":"Shelled Parasite and Fungi","floor":27.0,"turns":5.0},{"damage":0.0,"enemies":"3 Cultists","floor":31.0,"turns":2.0},{"damage":0.0,"enemies":"Champ","floor":33.0,"turns":8.0},{"damage":17.0,"enemies":"Orb Walker","floor":35.0,"turns":4.0},{"damage":31.0,"enemies":"3 Darklings","floor":36.0,"turns":4.0},{"damage":14.0,"enemies":"Writhing Mass","floor":39.0,"turns":5.0},{"damage":17,"enemies":"Giant Head","floor":40,"turns":8}],"seed_played":"-4952744165424686279","potions_obtained":[{"floor":2.0,"key":"SteroidPotion"},{"floor":5.0,"key":"Regen Potion"},{"floor":14.0,"key":"SpeedPotion"},{"floor":16.0,"key":"DuplicationPotion"},{"floor":24.0,"key":"CultistPotion"},{"floor":25.0,"key":"Block Potion"},{"floor":39.0,"key":"SneckoOil"}],"is_trial":false,"path_per_floor":["M","M","M","?","M","R","M","E","T","$","?","R","M","E","R","B",null,"M","M","M","M","M","R","M","M","T","M","R","$","?","M","R","B",null,"M","M","$","?","M","E"],"character_chosen":"DEFECT","items_purchased":["Capacitor","EntropicBrew"],"campfire_rested":1,"item_purchase_floors":[29,29],"current_hp_per_floor":[45,36,36,36,21,21,20,33,33,33,38,47,46,35,44,9,59,52,35,8,8,7,41,35,19,19,10,22,22,22,22,37,52,70,53,22,22,22,8,0,0],"gold":29,"neow_bonus":"ONE_RARE_RELIC","is_daily":false,"chose_seed":false,"campfire_upgraded":5,"win_rate":0.0,"timestamp":1608349449,"path_taken":["M","M","?","?","M","R","?","E","T","$","?","R","M","E","R","BOSS","M","M","M","M","M","R","M","M","T","M","R","$","?","M","R","BOSS","M","M","?","?","?","E"],"items_purchased_type":["Card","Potion"],"build_version":"2020-12-13","purchased_purges":1,"victory":false,"max_hp_per_floor":[71,71,71,71,71,71,71,71,71,71,76,76,76,76,76,76,76,76,76,76,76,76,76,76,76,76,76,76,76,76,76,76,76,76,76,76,76,76,76,76,76],"relic_stats":{"Torii":33,"counters":[23,112],"Mummified Hand":[80],"CeramicFish":18,"Eternal Feather":57,"Ectoplasm":558,"Black Star":0,"obtain_stats":[{"Anchor":26,"Torii":0,"Mummified Hand":14,"CeramicFish":8,"Eternal Feather":9,"Ectoplasm":17,"Black Star":34,"Cracked Core":0},{"Anchor":16,"Torii":0,"Mummified Hand":8,"CeramicFish":6,"Eternal Feather":6,"Ectoplasm":9,"Black Star":19,"Cracked Core":0},{"Anchor":76,"Torii":0,"Mummified Hand":34,"CeramicFish":27,"Eternal Feather":27,"Ectoplasm":42,"Black Star":91,"Cracked Core":0}]},"card_choices":[{"not_picked":["Loop","Sweeping Beam"],"picked":"Cold Snap","floor":1.0},{"not_picked":["Cold Snap","Steam"],"picked":"Ball Lightning","floor":2.0},{"not_picked":["Beam Cell","Darkness"],"picked":"Defragment","floor":3.0},{"not_picked":["Cold Snap","Sweeping Beam"],"picked":"Chill","floor":5.0},{"not_picked":["Redo","Steam"],"picked":"Compile Driver","floor":7.0},{"not_picked":["Sweeping Beam","Aggregate","Recycle"],"picked":"SKIP","floor":8.0},{"not_picked":["Fusion","Coolheaded"],"picked":"Echo Form","floor":13.0},{"not_picked":["Steam","Hello World","Rebound"],"picked":"SKIP","floor":14.0},{"not_picked":["Amplify","Reboot"],"picked":"Core Surge","floor":16.0},{"not_picked":["Doom and Gloom","Coolheaded"],"picked":"Hello World","floor":18.0},{"not_picked":["Gash","Compile Driver"],"picked":"Skim","floor":19.0},{"not_picked":["BootSequence","Gash"],"picked":"Steam+1","floor":20.0},{"not_picked":["Streamline","Reprogram"],"picked":"Loop","floor":21.0},{"not_picked":["Hologram","Redo"],"picked":"Turbo","floor":22.0},{"not_picked":["Leap","Streamline+1"],"picked":"Conserve Battery","floor":24.0},{"not_picked":["Stack","Sweeping Beam"],"picked":"Electrodynamics","floor":25.0},{"not_picked":["Rip and Tear","Gash","Streamline"],"picked":"SKIP","floor":27.0},{"not_picked":["Redo","Streamline","Beam Cell"],"picked":"SKIP","floor":31.0},{"not_picked":["All For One","Amplify"],"picked":"Biased Cognition","floor":33.0},{"not_picked":["Go for the Eyes+1","Stack"],"picked":"Coolheaded+1","floor":35.0},{"not_picked":["Doom and Gloom+1","Barrage"],"picked":"Go for the Eyes","floor":36.0},{"not_picked":["Conserve Battery","Static Discharge"],"picked":"Steam Power+1","floor":39.0}],"player_experience":2308459,"relics_obtained":[{"floor":8.0,"key":"CeramicFish"},{"floor":9.0,"key":"Eternal Feather"},{"floor":14.0,"key":"Mummified Hand"},{"floor":26.0,"key":"Anchor"}],"event_choices":[{"damage_healed":0.0,"max_hp_gain":0.0,"max_hp_loss":0.0,"gold_gain":50.0,"event_name":"Golden Shrine","player_choice":"Pray","floor":4.0,"gold_loss":0.0,"damage_taken":0.0},{"damage_healed":0.0,"max_hp_gain":5.0,"max_hp_loss":0.0,"gold_gain":0.0,"event_name":"Big Fish","player_choice":"Donut","floor":11.0,"gold_loss":0.0,"damage_taken":0.0},{"damage_healed":0.0,"max_hp_gain":0.0,"max_hp_loss":0.0,"gold_gain":50.0,"event_name":"Golden Shrine","player_choice":"Pray","floor":30.0,"gold_loss":0.0,"damage_taken":0.0},{"damage_healed":0.0,"max_hp_gain":0.0,"max_hp_loss":0.0,"gold_gain":0.0,"event_name":"Upgrade Shrine","player_choice":"Upgraded","floor":38.0,"gold_loss":0.0,"damage_taken":0.0,"cards_upgraded":["Biased Cognition"]}],"is_beta":false,"boss_relics":[{"not_picked":["Velvet Choker","FrozenCore"],"picked":"Ectoplasm"},{"not_picked":["Cursed Key","Empty Cage"],"picked":"Black Star"}],"items_purged_floors":[10],"is_endless":false,"potions_floor_spawned":[2,5,14,16,18,24,25,31,39],"killed_by":"Giant Head","ascension_level":20}}