{"host":"nnevpry6tnmpwasb","time":1608332550,"event":{"mods":["2.2 Compatiblity","AchievementEnabler","BaseMod","Beaked The Cultist","Colored Map","Downfall","Hermit","Highlight Path","Infinite Spire","Koishi","Minty Spire (QoL Compilation)","StSLib","The Alterego","The Necromancer"],"gold_per_floor":[99,99,114,129,167,167,192,27,42,42,57,232,247,32,47,147,147,147,162,87,22,37,37,37,52,67,67,67,82,20,20,35,135,135,135,235,235,235,250,265,290,305,320,320,360,360,375,49,64,64],"floor_reached":51,"playtime":6337,"items_purged":["Doubt"],"score":795,"play_id":"d1079455-8c73-406f-8b77-fdf26e88c1da","local_time":"20201218180230","daily_mods":["Specialized","ControlledChaos","downfall:WorldOfGoo"],"is_ascension_mode":false,"campfire_choices":[{"data":"sneckomod:UnknownClassBEAKED_YELLOW","floor":1.0,"key":"SMITH"},{"floor":10.0,"key":"REST"},{"floor":18.0,"key":"RECALL"},{"floor":20.0,"key":"REST"},{"floor":23.0,"key":"REST"},{"data":"infinitespire:Punishment","floor":35.0,"key":"SMITH"},{"floor":44.0,"key":"REST"}],"circlet_count":0,"master_deck":["sneckomod:Strike","sneckomod:Strike","sneckomod:Defend+1","sneckomod:Defend","sneckomod:Defend","sneckomod:TailWhip","sneckomod:SnekBite","sneckomod:Unknown","sneckomod:Unknown","sneckomod:UnknownClassBEAKED_YELLOW","sneckomod:UnknownClassBEAKED_YELLOW","sneckomod:UnknownClassBEAKED_YELLOW+1","sneckomod:UnknownClassBEAKED_YELLOW+1","sneckomod:UnknownClassBEAKED_YELLOW","sneckomod:QuickMove","sneckomod:Unknown0Cost","sneckomod:Unknown0Cost","sneckomod:UnknownCommonAttack+1","sneckomod:UnknownUncommonAttack","sneckomod:UnknownUncommonPower","sneckomod:ImprovisedAttack","sneckomod:Unknown1Cost","sneckomod:UnknownStrength","sneckomod:RainOfDice","sneckomod:UnknownRareSkill","sneckomod:DiceBoulder","sneckomod:DiceCrush","sneckomod:DiceCrush","sneckomod:UnknownExhaust+1","sneckomod:UnknownCommonAttack","infinitespire:Punishment+1","sneckomod:IronFang","sneckomod:DiceBlock","sneckomod:UnknownStrike","sneckomod:UnknownCommonSkill","sneckomod:UnknownClassWHITE+1","sneckomod:UnknownCommonAttack","sneckomod:Unknown0Cost+1","Parasite","sneckomod:UnknownClassINFINITE_BLACK+1","sneckomod:UnknownRareSkill","sneckomod:SoulRoll","sneckomod:UnknownClassWHITE","sneckomod:DiceCrush","Apotheosis","sneckomod:UnknownRareSkill","sneckomod:UnknownCommonAttack","sneckomod:UnknownStrike","sneckomod:CheapStock","sneckomod:SoulDraw"],"relics":["sneckomod:SneckoSoul","Frozen Eye","War Paint","sneckomod:BlankCard","Sling","expansioncontent:StudyCardRelic","downfall:HeartBlessingRed","infinitespire:WardingShard","downfall:RedIOU","Philosopher\u0027s Stone","Potion Belt","Art of War","Nunchaku"],"acts_visited":["Exordium","TheCity","TheBeyond"],"potions_floor_usage":[],"damage_taken":[{"damage":8.0,"enemies":"Small Slimes","floor":3.0,"turns":4.0},{"damage":4.0,"enemies":"Cultist","floor":4.0,"turns":4.0},{"damage":44.0,"enemies":"Gremlin Nob","floor":5.0,"turns":8.0},{"damage":0.0,"enemies":"downfall:FleeingMerchant","floor":8.0,"turns":4.0},{"damage":13.0,"enemies":"2 Louse","floor":9.0,"turns":3.0},{"damage":8.0,"enemies":"Blue Slaver","floor":11.0,"turns":5.0},{"damage":32.0,"enemies":"Exordium Thugs","floor":13.0,"turns":6.0},{"damage":13.0,"enemies":"downfall:FleeingMerchant","floor":14.0,"turns":4.0},{"damage":8.0,"enemies":"Large Slime","floor":15.0,"turns":4.0},{"damage":91.0,"enemies":"downfall:Watcher","floor":16.0,"turns":16.0},{"damage":48.0,"enemies":"3 Byrds","floor":19.0,"turns":5.0},{"damage":14.0,"enemies":"downfall:FleeingMerchant","floor":21.0,"turns":4.0},{"damage":0.0,"enemies":"Snake Plant","floor":22.0,"turns":2.0},{"damage":12.0,"enemies":"Centurion and Healer","floor":25.0,"turns":3.0},{"damage":0.0,"enemies":"3 Cultists","floor":26.0,"turns":3.0},{"damage":36.0,"enemies":"Shelled Parasite and Fungi","floor":29.0,"turns":3.0},{"damage":25.0,"enemies":"downfall:FleeingMerchant","floor":30.0,"turns":4.0},{"damage":20.0,"enemies":"Snecko","floor":32.0,"turns":4.0},{"damage":39.0,"enemies":"downfall:Defect","floor":33.0,"turns":7.0},{"damage":11.0,"enemies":"downfall:LadyInBlue","floor":36.0,"turns":4.0},{"damage":0.0,"enemies":"Orb Walker","floor":37.0,"turns":1.0},{"damage":10.0,"enemies":"3 Darklings","floor":39.0,"turns":5.0},{"damage":27.0,"enemies":"4 Shapes","floor":40.0,"turns":4.0},{"damage":16.0,"enemies":"Writhing Mass","floor":42.0,"turns":3.0},{"damage":5.0,"enemies":"Maw","floor":43.0,"turns":4.0},{"damage":10.0,"enemies":"Sphere and 2 Shapes","floor":45.0,"turns":3.0},{"damage":11.0,"enemies":"4 Shapes","floor":47.0,"turns":4.0},{"damage":0.0,"enemies":"downfall:FleeingMerchant","floor":48.0,"turns":2.0},{"damage":0.0,"enemies":"Spire Growth","floor":49.0,"turns":3.0},{"damage":1,"enemies":"downfall:Ironclad","floor":50,"turns":4}],"seed_played":"4511563792049188764","potions_obtained":[{"floor":3.0,"key":"Strength Potion"},{"floor":5.0,"key":"Weak Potion"},{"floor":9.0,"key":"SteroidPotion"},{"floor":19.0,"key":"Strength Potion"},{"floor":25.0,"key":"FairyPotion"},{"floor":33.0,"key":"champ:CounterPotion"},{"floor":36.0,"key":"Explosive Potion"},{"floor":36.0,"key":"SmokeBomb"},{"floor":38.0,"key":"DuplicationPotion"},{"floor":38.0,"key":"DistilledChaos"},{"floor":43.0,"key":"Guardian:BlockOnCardUsePotion"},{"floor":47.0,"key":"sneckomod:DiceRollPotion"},{"floor":49.0,"key":"champ:CounterPotion"}],"is_trial":false,"path_per_floor":["R","?","M","M","?","?","T","$","M","R","M","?","M","$","M","B",null,"R","M","R","$","M","R","T","M","M","?","?","M","$","?","M","B",null,"R","?","M","?","M","M","T","M","M","R","M","?","M","$","M","B",null],"character_chosen":"THE_SNECKO","items_purchased":["sneckomod:BlankCard","Sling","Explosive Potion","sneckomod:UnknownStrike","Apotheosis","Nunchaku","Block Potion","champ:CounterPotion","sneckomod:UnknownRareSkill","sneckomod:UnknownCommonAttack","sneckomod:UnknownStrike","sneckomod:CheapStock"],"campfire_rested":4,"item_purchase_floors":[8,14,21,30,48,48,48,48,48,48,48,48],"current_hp_per_floor":[95,95,88,87,44,44,44,45,33,63,55,55,28,101,101,17,108,108,60,92,80,80,108,108,97,98,98,71,35,86,86,67,54,112,112,102,102,102,93,72,72,57,61,96,86,102,92,95,95,99],"gold":64,"neow_bonus":"","is_daily":true,"chose_seed":false,"campfire_upgraded":2,"win_rate":0.0,"timestamp":1608332550,"path_taken":["R","?","M","?","?","?","T","$","?","R","M","?","M","?","M","BOSS","R","?","R","?","M","R","T","M","M","?","?","M","$","?","M","BOSS","R","?","?","?","M","M","T","?","?","R","?","?","M","$","M","BOSS"],"items_purchased_type":["Relic","Relic","Potion","Card","Card","Relic","Potion","Potion","Card","Card","Card","Card"],"build_version":"2020-12-13","purchased_purges":1,"victory":true,"max_hp_per_floor":[95,95,96,97,98,98,98,99,100,100,100,100,103,104,104,108,108,108,108,108,108,108,108,108,109,110,110,110,110,111,111,112,112,112,112,113,113,113,114,115,115,116,117,117,117,102,103,106,106,106],"card_choices":[{"not_picked":["sneckomod:MixItUp","sneckomod:Nope"],"picked":"sneckomod:Unknown0Cost","floor":3.0},{"not_picked":["sneckomod:UnknownStrike","sneckomod:QuickMove"],"picked":"sneckomod:Unknown0Cost","floor":4.0},{"not_picked":["sneckomod:UnknownClassBEAKED_YELLOW","sneckomod:SoulRoll"],"picked":"sneckomod:UnknownCommonAttack","floor":5.0},{"not_picked":["sneckomod:ImprovisedAttack","sneckomod:Mudshield"],"picked":"sneckomod:UnknownUncommonAttack","floor":8.0},{"not_picked":["sneckomod:SlitherStrike","sneckomod:UnknownVulnerable"],"picked":"sneckomod:UnknownUncommonPower","floor":9.0},{"not_picked":["sneckomod:QuickMove","sneckomod:PureSnecko"],"picked":"sneckomod:ImprovisedAttack","floor":11.0},{"not_picked":["sneckomod:UnknownVulnerable","sneckomod:UnknownColorless"],"picked":"sneckomod:Unknown1Cost","floor":13.0},{"not_picked":["sneckomod:UnknownStrike","sneckomod:UnknownClassDEFAULT_GRAY_COLOR"],"picked":"sneckomod:UnknownStrength","floor":14.0},{"not_picked":["sneckomod:Nope","sneckomod:UnknownClassDARK_GREEN_COLOR"],"picked":"sneckomod:RainOfDice","floor":15.0},{"not_picked":["sneckomod:UnlimitedRolls","sneckomod:DangerNoodle"],"picked":"sneckomod:UnknownRareSkill","floor":16.0},{"not_picked":["sneckomod:UnknownVulnerable+1","sneckomod:UnknownBlock"],"picked":"sneckomod:DiceBoulder","floor":19.0},{"not_picked":["sneckomod:Unknown1Cost","sneckomod:Unknown0Cost"],"picked":"sneckomod:DiceCrush","floor":21.0},{"not_picked":["sneckomod:SoulDraw","sneckomod:UnknownVulnerable"],"picked":"sneckomod:DiceCrush","floor":22.0},{"not_picked":["sneckomod:UnknownBlock","sneckomod:Nope"],"picked":"sneckomod:UnknownExhaust+1","floor":25.0},{"not_picked":["sneckomod:Unknown3Cost","sneckomod:UnknownUncommonPower"],"picked":"sneckomod:UnknownCommonAttack","floor":26.0},{"not_picked":["infinitespire:Fortify","infinitespire:Collect"],"picked":"infinitespire:Punishment","floor":28.0},{"not_picked":["sneckomod:UnknownExhaust","sneckomod:UnknownWeak+1"],"picked":"sneckomod:IronFang","floor":29.0},{"not_picked":["sneckomod:SerpentMind","sneckomod:QuickMove"],"picked":"sneckomod:DiceBlock","floor":30.0},{"not_picked":["sneckomod:UnknownBlock","sneckomod:MasterEye"],"picked":"sneckomod:UnknownCommonSkill","floor":32.0},{"not_picked":["sneckomod:UnknownVulnerable+1","sneckomod:IronFang+1"],"picked":"sneckomod:UnknownClassWHITE+1","floor":36.0},{"not_picked":["sneckomod:UnknownStrike","sneckomod:DiceCrush"],"picked":"sneckomod:UnknownCommonAttack","floor":39.0},{"not_picked":["sneckomod:UnknownClassDEFAULT_GRAY_COLOR","sneckomod:DiceCrush"],"picked":"sneckomod:Unknown0Cost+1","floor":40.0},{"not_picked":["sneckomod:UnknownEthereal+1","sneckomod:UnknownUncommonAttack"],"picked":"sneckomod:UnknownClassINFINITE_BLACK+1","floor":42.0},{"not_picked":["sneckomod:UnknownBlock+1","sneckomod:SoulRoll"],"picked":"sneckomod:UnknownRareSkill","floor":43.0},{"not_picked":["sneckomod:UnknownClassDEFAULT_GRAY_COLOR+1","sneckomod:Unknown2Cost+1"],"picked":"sneckomod:SoulRoll","floor":45.0},{"not_picked":["sneckomod:UnknownClassBLUE","sneckomod:RainOfDice+1"],"picked":"sneckomod:UnknownClassWHITE","floor":47.0},{"not_picked":["sneckomod:UnknownExhaust+1","sneckomod:WideSting+1"],"picked":"sneckomod:DiceCrush","floor":48.0},{"not_picked":["sneckomod:GlitteringGambit","sneckomod:UnknownWeak"],"picked":"sneckomod:SoulDraw","floor":49.0}],"player_experience":75377,"relics_obtained":[{"floor":5.0,"key":"Smiling Mask"},{"floor":7.0,"key":"War Paint"},{"floor":24.0,"key":"infinitespire:WardingShard"},{"floor":36.0,"key":"Potion Belt"},{"floor":41.0,"key":"Art of War"}],"event_choices":[{"damage_healed":0.0,"max_hp_gain":0.0,"max_hp_loss":0.0,"gold_gain":0.0,"cards_transformed":["sneckomod:Strike"],"event_name":"Transmorgrifier","player_choice":"Transformed","floor":2.0,"gold_loss":0.0,"damage_taken":0.0,"cards_obtained":["sneckomod:QuickMove"]},{"damage_healed":0.0,"max_hp_gain":0.0,"max_hp_loss":0.0,"gold_gain":0.0,"event_name":"Upgrade Shrine","player_choice":"Upgraded","floor":6.0,"gold_loss":0.0,"damage_taken":0.0,"cards_upgraded":["sneckomod:UnknownCommonAttack"]},{"damage_healed":0.0,"max_hp_gain":0.0,"max_hp_loss":0.0,"gold_gain":0.0,"event_name":"Lab","player_choice":"Got Potions","floor":38.0,"gold_loss":0.0,"damage_taken":0.0}],"is_beta":false,"boss_relics":[{"not_picked":["Cursed Key","Coffee Dripper"],"picked":"expansioncontent:StudyCardRelic"},{"not_picked":["beaked:MawFillet","Sozu"],"picked":"Philosopher\u0027s Stone"}],"items_purged_floors":[14],"is_endless":false,"potions_floor_spawned":[3,5,9,15,19,25,29,33,43,45,47,49],"ascension_level":0}}