{"host":"kstmajdnxm8lto3o","time":1608339335,"event":{"mods":["Aspiration","BaseMod","Better Third Choice","BetterRewards","CCEM","Conspire","Downfall","Gremlin Skip","Highlight Path","Hubris","Minty Spire (QoL Compilation)","Replay The Spire","Shop Mod","Spicy Shops","StSLib"],"gold_per_floor":[109,123,123,123,142,142,161,161,161,189,204,204,204,229,229,229,229],"floor_reached":16,"playtime":919,"items_purged":[],"score":116,"play_id":"7321b0ff-a37f-4411-a22b-df284caa9613","local_time":"20201218195535","is_ascension_mode":true,"campfire_choices":[{"data":"Zap","floor":6,"key":"SMITH"},{"data":"Dualcast","floor":8,"key":"SMITH"},{"floor":13,"key":"REST"},{"floor":15,"key":"REST"}],"circlet_count":0,"master_deck":["Strike_B","Strike_B","Strike_B","Strike_B","Defend_B","Defend_B","Defend_B+1","Defend_B","Zap+1","Dualcast+1","Core Surge","Sweeping Beam+1","Leap+1","Streamline","BasicCrystalCard+1","Conserve Battery+1","Buffer"],"relics":["Cracked Core","Toxic Egg 2","CCEMRelics:TechnogenicHelmet","Bottled Flame","aspiration:FaultyCoupler","Prayer Wheel"],"acts_visited":["Exordium"],"potions_floor_usage":[10,14,16],"damage_taken":[{"damage":0,"enemies":"Small Slimes","floor":1,"turns":2},{"damage":1,"enemies":"Cultist","floor":2,"turns":3},{"damage":5,"enemies":"2 Louse","floor":5,"turns":2},{"damage":7,"enemies":"Blue Slaver","floor":7,"turns":3},{"damage":21,"enemies":"3 Sentries","floor":10,"turns":6},{"damage":1,"enemies":"2 Fungi Beasts","floor":11,"turns":3},{"damage":20,"enemies":"Gremlin Nob","floor":14,"turns":5},{"damage":32,"enemies":"Slime Boss","floor":16,"turns":10}],"seed_played":"-8977369729384228158","potions_obtained":[{"floor":1,"key":"Swift Potion"},{"floor":5,"key":"Flashbang"},{"floor":11,"key":"SpeedPotion"}],"is_trial":false,"path_per_floor":["M","M","?","?","M","R","M","R","T","E","M","?","R","E","R","B"],"character_chosen":"DEFECT","items_purchased":[],"campfire_rested":2,"item_purchase_floors":[],"current_hp_per_floor":[54,53,53,53,48,48,41,41,41,20,19,4,26,6,28,0,0],"gold":229,"neow_bonus":"THREE_RARE_CARDS","is_daily":false,"chose_seed":false,"campfire_upgraded":2,"win_rate":0.0,"timestamp":1608339335,"path_taken":["M","M","?","?","M","R","M","R","T","E","?","?","R","E","R","BOSS"],"items_purchased_type":[],"build_version":"2020-12-13","purchased_purges":0,"victory":false,"max_hp_per_floor":[75,75,75,75,75,75,75,75,75,75,75,75,75,75,75,75,75],"card_choices":[{"not_picked":["Creative AI","Meteor Strike"],"picked":"Core Surge","floor":0},{"not_picked":["Reprogram","Skim"],"picked":"Sweeping Beam","floor":1},{"not_picked":["Stack","Rebound","ReplayTheSpireMod:Reroute Power"],"picked":"SKIP","floor":2},{"not_picked":["ReplaySort+1","Streamline"],"picked":"Leap+1","floor":5},{"not_picked":["Leap+1","Panic Button+1"],"picked":"Streamline","floor":7},{"not_picked":["Barrage","Rebound"],"picked":"BasicCrystalCard+1","floor":10},{"not_picked":["Streamline","aspiration:Polymerization+1"],"picked":"ReplayTheSpireMod:Fabricate Wheel+1","floor":11},{"not_picked":["Hologram+1","BasicCrystalCard+1"],"picked":"Conserve Battery+1","floor":14}],"player_experience":463192,"relics_obtained":[{"floor":9,"key":"CCEMRelics:TechnogenicHelmet"},{"floor":10,"key":"Bottled Flame"},{"floor":14,"key":"aspiration:FaultyCoupler"}],"event_choices":[{"cards_removed":["Injury"],"damage_healed":0,"gold_gain":0,"player_choice":"Purged","damage_taken":0,"max_hp_gain":0,"max_hp_loss":0,"event_name":"Purifier","floor":4,"gold_loss":0},{"damage_healed":19,"gold_gain":0,"player_choice":"Upgrade","damage_taken":15,"max_hp_gain":0,"max_hp_loss":75,"event_name":"betterThird:BetterShining","floor":12,"gold_loss":0,"cards_upgraded":["Sweeping Beam","Defend_B"]}],"is_beta":false,"boss_relics":[],"items_purged_floors":[],"is_endless":false,"potions_floor_spawned":[1,5,11],"killed_by":"Slime Boss","ascension_level":1}}