{"host":"cc187","time":1608412815,"event":{"mods":["AchievementEnabler","BaseMod","Bestiary","Colored Map","Colored Powertips","Highlight Path","Keyboard Shortcuts","Minty Spire (QoL Compilation)","Quick Restart","Rare Cards Sparkle","Relic Stats","StSLib","SuperFastMode","Synergy Search"],"gold_per_floor":[119,119,44,44,62,62,96,114,139,164,176,203,243,265,277,363,363],"floor_reached":16,"playtime":644,"items_purged":[],"score":300,"play_id":"985519e6-b1dd-460b-b495-2e6f531380d8","local_time":"20201219212015","is_ascension_mode":true,"campfire_choices":[{"data":"Crippling Poison","floor":6,"key":"SMITH"},{"data":"Dagger Spray","floor":11,"key":"SMITH"},{"data":"Wraith Form v2","floor":15,"key":"SMITH"}],"circlet_count":0,"master_deck":["AscendersBane","Strike_G","Strike_G","Strike_G","Strike_G","Defend_G","Defend_G","Defend_G","Defend_G","Survivor","Neutralize","Dagger Spray+1","Crippling Poison+1","Prepared","Glass Knife","Blade Dance","Wraith Form v2+1"],"relics":["Coffee Dripper","Smiling Mask","MawBank","Pantograph"],"acts_visited":["Exordium"],"potions_floor_usage":[7,13,16],"damage_taken":[{"damage":2,"enemies":"Jaw Worm","floor":1,"turns":6},{"damage":1,"enemies":"Small Slimes","floor":5,"turns":3},{"damage":17,"enemies":"Gremlin Nob","floor":7,"turns":4},{"damage":1,"enemies":"2 Louse","floor":8,"turns":3},{"damage":4,"enemies":"Gremlin Gang","floor":10,"turns":2},{"damage":6,"enemies":"Looter","floor":12,"turns":2},{"damage":18,"enemies":"3 Sentries","floor":13,"turns":5},{"damage":7,"enemies":"2 Fungi Beasts","floor":14,"turns":3},{"damage":41,"enemies":"The Guardian","floor":16,"turns":15}],"seed_played":"4212947684654153538","potions_obtained":[{"floor":5,"key":"Fire Potion"},{"floor":7,"key":"PowerPotion"},{"floor":12,"key":"FairyPotion"},{"floor":13,"key":"SteroidPotion"},{"floor":16,"key":"Regen Potion"}],"is_trial":false,"path_per_floor":["M","?","?","?","M","R","E","M","T","M","R","M","E","M","R","B"],"character_chosen":"THE_SILENT","items_purchased":[],"campfire_rested":0,"item_purchase_floors":[],"current_hp_per_floor":[57,57,57,57,56,56,39,38,38,34,34,28,10,3,3,7,7],"gold":363,"neow_bonus":"BOSS_RELIC","is_daily":false,"chose_seed":false,"campfire_upgraded":3,"win_rate":0.0,"timestamp":1608412815,"path_taken":["M","?","?","?","M","R","E","M","T","M","R","M","E","?","R","BOSS"],"items_purchased_type":[],"build_version":"2020-12-18","purchased_purges":0,"victory":false,"max_hp_per_floor":[66,66,66,66,66,66,66,66,66,66,66,66,66,66,66,66,66],"relic_stats":{"counters":[9,43],"Pantograph":25,"Smiling Mask":0,"MawBank":84,"obtain_stats":[{"Pantograph":13,"Coffee Dripper":0,"Smiling Mask":7,"MawBank":9,"Ring of the Snake":0},{"Pantograph":7,"Coffee Dripper":0,"Smiling Mask":3,"MawBank":4,"Ring of the Snake":0},{"Pantograph":25,"Coffee Dripper":0,"Smiling Mask":13,"MawBank":16,"Ring of the Snake":0}]},"card_choices":[{"not_picked":["Distraction","Infinite Blades"],"picked":"Dagger Spray","floor":1},{"not_picked":["Quick Slash","Backflip"],"picked":"Crippling Poison","floor":5},{"not_picked":["Outmaneuver","Terror","Choke"],"picked":"SKIP","floor":7},{"not_picked":["Flying Knee","Dodge and Roll"],"picked":"Prepared","floor":8},{"not_picked":["Infinite Blades","Quick Slash"],"picked":"Glass Knife","floor":10},{"not_picked":["Dagger Spray","Choke","Expertise"],"picked":"SKIP","floor":12},{"not_picked":["Terror","Quick Slash"],"picked":"Blade Dance","floor":13},{"not_picked":["Underhanded Strike","Dagger Spray"],"picked":"Wraith Form v2","floor":14}],"player_experience":786499,"relics_obtained":[{"floor":7,"key":"Smiling Mask"},{"floor":9,"key":"MawBank"},{"floor":13,"key":"Pantograph"}],"event_choices":[{"damage_healed":0,"gold_gain":0,"player_choice":"Ignored","damage_taken":0,"max_hp_gain":0,"max_hp_loss":0,"event_name":"Liars Game","floor":2,"gold_loss":0},{"cards_removed":["Strike_G"],"damage_healed":0,"gold_gain":0,"player_choice":"Card Removal","damage_taken":0,"max_hp_gain":0,"max_hp_loss":0,"event_name":"The Cleric","floor":3,"gold_loss":75},{"cards_removed":["Defend_G"],"damage_healed":0,"gold_gain":0,"player_choice":"Offered Basic","damage_taken":0,"max_hp_gain":0,"max_hp_loss":0,"event_name":"Bonfire Elementals","floor":4,"gold_loss":0}],"is_beta":true,"boss_relics":[],"items_purged_floors":[],"is_endless":false,"potions_floor_spawned":[5,7,12,13,16],"killed_by":"The Guardian","ascension_level":17}}