{"host":"y3h3n3f7seyagppx","time":1608348056,"event":{"mods":["AlwaysNeverKeys","BaseMod","Better Vampires","Colored Powertips","DeckTracker","Emptier Cage","Minty Spire (QoL Compilation)","Permanent Neow","Quick Restart","Rare Cards Sparkle","Relic Sorter","Relic Stats","StSLib","Transform Curses"],"gold_per_floor":[113,131,145,16,16,42,42,68,136,165,165,165],"floor_reached":11,"playtime":471,"items_purged":["Strike_R"],"score":162,"play_id":"5912f4e0-50f5-4661-a5b5-4d7b3bb4e9aa","local_time":"20201218222056","is_ascension_mode":true,"campfire_choices":[{"floor":7,"key":"REST"}],"circlet_count":0,"master_deck":["AscendersBane","Strike_R","Strike_R","Strike_R","Defend_R","Defend_R","Defend_R","Defend_R","Bash","Twin Strike","Inflame","Anger","Corruption"],"relics":["Mark of Pain","Du-Vu Doll","Centennial Puzzle","Eternal Feather","Odd Mushroom"],"acts_visited":["Exordium"],"potions_floor_usage":[6,8,10],"damage_taken":[{"damage":8,"enemies":"2 Louse","floor":1,"turns":3},{"damage":7,"enemies":"Small Slimes","floor":2,"turns":3},{"damage":7,"enemies":"Jaw Worm","floor":3,"turns":3},{"damage":13,"enemies":"Lagavulin","floor":6,"turns":7},{"damage":8,"enemies":"Gremlin Nob","floor":8,"turns":3},{"damage":4,"enemies":"The Mushroom Lair","floor":10,"turns":3},{"damage":40,"enemies":"3 Sentries","floor":11,"turns":8}],"seed_played":"1038072504107808488","potions_obtained":[{"floor":1,"key":"EssenceOfSteel"},{"floor":2,"key":"ElixirPotion"},{"floor":6,"key":"Explosive Potion"},{"floor":8,"key":"SteroidPotion"}],"is_trial":false,"path_per_floor":["M","M","M","$","?","E","R","E","T","?","E"],"character_chosen":"IRONCLAD","items_purchased":["Fire Potion"],"campfire_rested":1,"item_purchase_floors":[4],"current_hp_per_floor":[60,53,46,46,39,26,48,40,40,36,0,0],"gold":165,"neow_bonus":"BOSS_RELIC","is_daily":false,"chose_seed":false,"campfire_upgraded":0,"win_rate":0.0,"timestamp":1608348056,"path_taken":["M","M","M","$","?","E","R","E","T","?","E"],"items_purchased_type":["Potion"],"build_version":"2020-12-13","purchased_purges":1,"victory":false,"max_hp_per_floor":[75,75,75,75,75,75,75,75,75,75,75,75],"relic_stats":{"Centennial Puzzle":[6],"counters":[7,30],"Eternal Feather":0,"obtain_stats":[{"Du-Vu Doll":6,"Centennial Puzzle":8,"Eternal Feather":9,"Mark of Pain":0,"Odd Mushroom":10,"Burning Blood":0},{"Du-Vu Doll":4,"Centennial Puzzle":5,"Eternal Feather":5,"Mark of Pain":0,"Odd Mushroom":6,"Burning Blood":0},{"Du-Vu Doll":16,"Centennial Puzzle":19,"Eternal Feather":19,"Mark of Pain":0,"Odd Mushroom":22,"Burning Blood":0}]},"card_choices":[{"not_picked":["Sentinel","Heavy Blade","Bloodletting"],"picked":"SKIP","floor":1},{"not_picked":["Burning Pact","Reckless Charge"],"picked":"Twin Strike","floor":2},{"not_picked":["Pommel Strike","Perfected Strike"],"picked":"Inflame","floor":3},{"not_picked":["Pommel Strike","Clash"],"picked":"Anger","floor":6},{"not_picked":["Battle Trance","Fire Breathing"],"picked":"Corruption","floor":8}],"player_experience":20006749,"relics_obtained":[{"floor":6,"key":"Du-Vu Doll"},{"floor":8,"key":"Centennial Puzzle"},{"floor":9,"key":"Eternal Feather"},{"floor":10,"key":"Odd Mushroom"}],"event_choices":[{"cards_removed":["Strike_R"],"damage_healed":0,"gold_gain":0,"player_choice":"Card Removal","damage_taken":7,"max_hp_gain":0,"max_hp_loss":0,"event_name":"Golden Wing","floor":5,"gold_loss":0},{"damage_healed":0,"gold_gain":0,"player_choice":"Fought Mushrooms","damage_taken":0,"max_hp_gain":0,"max_hp_loss":0,"event_name":"Mushrooms","floor":10,"gold_loss":0}],"is_beta":false,"boss_relics":[],"items_purged_floors":[4],"is_endless":false,"potions_floor_spawned":[1,2,6,8],"killed_by":"3 Sentries","ascension_level":20}}