{"host":"rhvnggv2pwqsaug0","time":1608358482,"event":{"mods":["BaseMod","Minty Spire (QoL Compilation)","Replay The Spire","StSLib"],"gold_per_floor":[119,119,119,136,146,171,171,199,199,199,199,199,274,274,274,378,378,397,397,67,85,101,128,128,159,186,186,197,210,241,252,252,356,356,376,376,376,389,439,439,78,109,132,132,462,474,474,474,474,474,474],"floor_reached":50,"playtime":1683,"items_purged":[],"score":667,"play_id":"974a76e6-f4bd-4461-8768-5cf4a95512e6","local_time":"20201219141442","is_ascension_mode":true,"campfire_choices":[{"data":"Infinite Blades","floor":7.0,"key":"SMITH"},{"floor":12.0,"key":"REST"},{"floor":15.0,"key":"REST"},{"floor":24,"key":"REST"},{"floor":27,"key":"REST"},{"floor":32,"key":"REST"},{"data":"Accuracy","floor":40,"key":"SMITH"},{"floor":49,"key":"REST"}],"circlet_count":0,"master_deck":["Strike_G","Strike_G","Strike_G","Strike_G","Strike_G","Defend_G+1","Defend_G","Defend_G","Defend_G","Survivor+1","Neutralize+1","Infinite Blades+1","Cloak And Dagger","Blade Dance","Choke","Envenom","Prepared+1","Terror","Accuracy+1","Cloak And Dagger","Storm of Steel+1","Sneak Up+1","Accuracy+1","Storm of Steel+1","Outmaneuver+1","Phantasmal Killer+1","Outmaneuver+1","Prepared+1","Infinite Blades+1","Accuracy","Storm of Steel+1","Cloak And Dagger+1"],"relics":["Ring of the Snake","Meat on the Bone","Gremlin Horn","Bronze Scales","Bag of Marbles","Bag of Preparation","Runic Pyramid","Mirror","Strawberry","Toxic Egg 2","Oddly Smooth Stone","War Paint","Black Star","Replay:Kaleidoscope","DollysMirror","Blood Vial","Replay:Ringing Soul","Replay:Bottled Snecko","Replay:Baseball","Old Coin","Snake Skull"],"acts_visited":["Exordium","TheCity","TheBeyond"],"potions_floor_usage":[22,30,33,35,45,50,50],"damage_taken":[{"damage":2.0,"enemies":"Cultist","floor":1.0,"turns":5.0},{"damage":1.0,"enemies":"Jaw Worm","floor":4.0,"turns":5.0},{"damage":0.0,"enemies":"2 Louse","floor":5.0,"turns":3.0},{"damage":13.0,"enemies":"3 Sentries","floor":6.0,"turns":7.0},{"damage":20.0,"enemies":"Replay:BlueRogue","floor":8.0,"turns":6.0},{"damage":45,"enemies":"The Guardian","floor":16,"turns":12},{"damage":0,"enemies":"Chosen","floor":18,"turns":4},{"damage":3,"enemies":"Shell Parasite","floor":21,"turns":4},{"damage":35,"enemies":"Sentry and Sphere","floor":22,"turns":6},{"damage":26,"enemies":"Replay:Snechameleon","floor":23,"turns":4},{"damage":50,"enemies":"Gremlin Leader","floor":25,"turns":4},{"damage":34,"enemies":"Shelled Parasite and Fungi","floor":28,"turns":3},{"damage":11,"enemies":"Centurion and Healer","floor":29,"turns":3},{"damage":3,"enemies":"Book of Stabbing","floor":30,"turns":3},{"damage":4,"enemies":"Snecko","floor":31,"turns":4},{"damage":37,"enemies":"Automaton","floor":33,"turns":5},{"damage":15,"enemies":"Orb Walker","floor":35,"turns":2},{"damage":0,"enemies":"3 Darklings","floor":38,"turns":2},{"damage":31,"enemies":"Mind Bloom Boss Battle","floor":39,"turns":7},{"damage":35,"enemies":"Giant Head","floor":42,"turns":6},{"damage":28,"enemies":"Reptomancer","floor":45,"turns":3},{"damage":2,"enemies":"Spire Growth","floor":46,"turns":3},{"damage":95,"enemies":"Awakened One","floor":50,"turns":7}],"seed_played":"1918043604998584551","potions_obtained":[{"floor":1.0,"key":"Explosive Potion"},{"floor":5.0,"key":"SkillPotion"},{"floor":18,"key":"Elixir"},{"floor":21,"key":"Block Potion"},{"floor":29,"key":"Dexterity Potion"},{"floor":30,"key":"Strength Potion"},{"floor":31,"key":"SteroidPotion"},{"floor":42,"key":"PowerPotion"},{"floor":45,"key":"SpeedPotion"},{"floor":46,"key":"DuplicationPotion"}],"is_trial":false,"path_per_floor":["M","T","?","M","M","E","R","E","T","?","?","R","?","T","R","B",null,"M","?","$","M","M","E","R","E","T","R","M","M","E","M","R","B",null,"M","?","?","M","?","R","$","E","T","?","E","M","?","?","R","B"],"character_chosen":"THE_SILENT","items_purchased":["Accuracy","Mirror","Accuracy","DollysMirror","Blood Vial"],"campfire_rested":6,"item_purchase_floors":[20,20,41,41,41],"current_hp_per_floor":[68,68,80,79,79,66,66,46,46,46,30,54,43,43,67,34,80,80,80,80,77,42,35,61,23,23,49,27,28,37,45,71,46,87,72,72,72,72,53,53,53,35,35,35,21,33,59,59,86,0,0],"gold":474,"neow_bonus":"ONE_RANDOM_RARE_CARD","is_daily":false,"chose_seed":false,"campfire_upgraded":2,"win_rate":0.0,"timestamp":1608358482,"path_taken":["M","?","?","?","?","E","R","E","T","?","?","R","?","?","R","BOSS","M","?","?","M","M","E","R","E","T","R","?","?","E","M","R","BOSS","M","?","?","?","?","R","$","E","T","?","E","?","?","?","R","BOSS"],"items_purchased_type":["Card","Relic","Card","Relic","Relic"],"build_version":"2020-12-13","purchased_purges":0,"victory":false,"max_hp_per_floor":[70,70,80,80,80,80,80,80,80,80,80,80,80,80,80,80,80,80,80,80,80,80,87,87,87,87,87,87,87,87,87,87,87,87,87,87,87,87,87,87,87,90,90,90,90,90,93,93,93,93,93],"card_choices":[{"not_picked":["Poisoned Stab","Dodge and Roll"],"picked":"Infinite Blades","floor":1.0},{"not_picked":["Endless Agony","Poisoned Stab"],"picked":"Cloak And Dagger","floor":4.0},{"not_picked":["Dodge and Roll","Deadly Poison"],"picked":"Blade Dance","floor":5.0},{"not_picked":["Expertise","PiercingWail"],"picked":"Choke","floor":6.0},{"not_picked":["Replay:Poison Smokescreen","Wraith Form v2"],"picked":"Terror","floor":8.0},{"not_picked":["Atom Bomb","Wraith Form v2"],"picked":"Envenom","floor":16},{"not_picked":["Setup","Acrobatics"],"picked":"Prepared+1","floor":18},{"not_picked":["Deadly Poison","Poisoned Stab"],"picked":"Cloak And Dagger","floor":21},{"not_picked":["Slice","ReplayTheSpireMod:The Works"],"picked":"Storm of Steel","floor":22},{"not_picked":["Acrobatics","Dagger Throw+1","Catalyst"],"picked":"SKIP","floor":23},{"not_picked":["Replay:Poison Smokescreen+1","Masterful Stab"],"picked":"Sneak Up+1","floor":25},{"not_picked":["Outmaneuver+1","Hidden Blade+1"],"picked":"Accuracy","floor":28},{"not_picked":["Deadly Poison+1","Dagger Throw+1","Terror+1"],"picked":"SKIP","floor":29},{"not_picked":["Dagger Throw","Blade Dance+1"],"picked":"Storm of Steel+1","floor":30},{"not_picked":["Dagger Throw","Poisoned Stab"],"picked":"Outmaneuver+1","floor":31},{"not_picked":["Unload","ReplayTheSpireMod:Necrosis+1"],"picked":"Phantasmal Killer+1","floor":33},{"not_picked":["PiercingWail+1","Deflect+1"],"picked":"Outmaneuver+1","floor":35},{"not_picked":["Underhanded Strike+1","Sucker Punch"],"picked":"Prepared+1","floor":38},{"not_picked":["Bane","Deflect+1"],"picked":"Infinite Blades+1","floor":39},{"not_picked":["Acrobatics+1","Poison Darts+1"],"picked":"Cloak And Dagger+1","floor":42},{"not_picked":["Sucker Punch","Deflect+1","ReplayTheSpireMod:Exploit Weakness+1"],"picked":"SKIP","floor":45},{"not_picked":["Bane+1","Dagger Spray","Terror+1"],"picked":"SKIP","floor":46}],"player_experience":225253,"relics_obtained":[{"floor":2.0,"key":"Meat on the Bone"},{"floor":6.0,"key":"Gremlin Horn"},{"floor":8.0,"key":"Bronze Scales"},{"floor":9.0,"key":"Bag of Marbles"},{"floor":14.0,"key":"Bag of Preparation"},{"floor":23,"key":"Strawberry"},{"floor":25,"key":"Toxic Egg 2"},{"floor":26,"key":"Oddly Smooth Stone"},{"floor":30,"key":"War Paint"},{"floor":39,"key":"Replay:Kaleidoscope"},{"floor":42,"key":"Replay:Ringing Soul"},{"floor":42,"key":"Replay:Bottled Snecko"},{"floor":43,"key":"Replay:Baseball"},{"floor":45,"key":"Old Coin"},{"floor":45,"key":"Snake Skull"}],"event_choices":[{"cards_removed":["Malaise"],"damage_healed":2.0,"max_hp_gain":10.0,"max_hp_loss":0.0,"gold_gain":0.0,"event_name":"Bonfire Elementals","player_choice":"Offered Rare","floor":3.0,"gold_loss":0.0,"damage_taken":0.0},{"damage_healed":0.0,"max_hp_gain":0.0,"max_hp_loss":0.0,"gold_gain":0.0,"event_name":"Shining Light","player_choice":"Entered Light","floor":11.0,"gold_loss":0.0,"damage_taken":16.0,"cards_upgraded":["Neutralize","Defend_G"]},{"damage_healed":0.0,"max_hp_gain":0.0,"max_hp_loss":0.0,"gold_gain":75.0,"event_name":"World of Goop","player_choice":"Gather Gold","floor":13.0,"gold_loss":0.0,"damage_taken":11.0},{"damage_healed":0,"gold_gain":0,"player_choice":"Copied","damage_taken":0,"max_hp_gain":0,"max_hp_loss":0,"event_name":"Duplicator","floor":19,"gold_loss":0,"cards_obtained":["Terror"]},{"damage_healed":0,"gold_gain":0,"player_choice":"Memory 1","damage_taken":0,"max_hp_gain":0,"max_hp_loss":0,"event_name":"SensoryStone","floor":36,"gold_loss":0},{"damage_healed":0,"gold_gain":0,"player_choice":"Upgraded","damage_taken":0,"max_hp_gain":0,"max_hp_loss":0,"event_name":"Upgrade Shrine","floor":37,"gold_loss":0,"cards_upgraded":["Accuracy"]},{"damage_healed":0,"gold_gain":0,"player_choice":"Fight","damage_taken":0,"max_hp_gain":0,"max_hp_loss":0,"event_name":"MindBloom","floor":39,"gold_loss":0},{"cards_removed":["Terror"],"damage_healed":0,"gold_gain":0,"player_choice":"Purged","damage_taken":0,"max_hp_gain":0,"max_hp_loss":0,"event_name":"Purifier","floor":44,"gold_loss":0},{"damage_healed":23,"gold_gain":0,"player_choice":"Writhe","damage_taken":0,"max_hp_gain":0,"max_hp_loss":0,"event_name":"Winding Halls","floor":47,"gold_loss":0,"cards_obtained":["Writhe"]},{"cards_removed":["Writhe"],"damage_healed":0,"gold_gain":0,"player_choice":"Removed Curses","damage_taken":0,"max_hp_gain":0,"max_hp_loss":0,"event_name":"Fountain of Cleansing","floor":48,"gold_loss":0}],"is_beta":false,"boss_relics":[{"not_picked":["Coffee Dripper","Snecko Eye"],"picked":"Runic Pyramid"},{"not_picked":["Astrolabe","Replay:Wanted Poster"],"picked":"Black Star"}],"items_purged_floors":[],"is_endless":false,"potions_floor_spawned":[1,5,18,21,29,30,31,42,45,46],"killed_by":"Awakened One","ascension_level":1}}