{"host":"Rich","time":1608410966,"event":{"mods":["AchievementEnabler","BaseMod","Highlight Path","Minty Spire (QoL Compilation)","Relic Stats"],"gold_per_floor":[112,112,262,262,273,273,304,322,373,388,411,442,69,94,94,171,171,188,56,0,15,15,15],"floor_reached":22,"playtime":666,"items_purged":["Strike_B","Zap"],"score":454,"play_id":"9dac234a-34e5-4997-a6a5-d02440cfc96f","local_time":"20201219154926","is_ascension_mode":true,"campfire_choices":[{"data":"Darkness","floor":6.0,"key":"SMITH"},{"data":"Fission","floor":15.0,"key":"SMITH"}],"circlet_count":0,"master_deck":["AscendersBane","Strike_B","Strike_B","Defend_B","Defend_B","Defend_B","Defend_B","Dualcast","Cold Snap","Defragment","Darkness+1","Redo","Double Energy","Machine Learning","Fission+1","Biased Cognition","Loop"],"relics":["Cracked Core","NeowsBlessing","Orichalcum","PreservedInsect","Odd Mushroom","Dream Catcher","Membership Card","Eternal Feather","Ancient Tea Set","Runic Dome","Blood Vial"],"acts_visited":["Exordium","TheCity"],"potions_floor_usage":[],"damage_taken":[{"damage":0.0,"enemies":"Small Slimes","floor":1.0,"turns":1.0},{"damage":0.0,"enemies":"Jaw Worm","floor":5.0,"turns":1.0},{"damage":0.0,"enemies":"3 Sentries","floor":7.0,"turns":1.0},{"damage":0.0,"enemies":"Cultist","floor":8.0,"turns":3.0},{"damage":0.0,"enemies":"Large Slime","floor":10.0,"turns":3.0},{"damage":35.0,"enemies":"The Mushroom Lair","floor":11.0,"turns":5.0},{"damage":6.0,"enemies":"Lagavulin","floor":12.0,"turns":5.0},{"damage":3.0,"enemies":"3 Sentries","floor":14.0,"turns":7.0},{"damage":23.0,"enemies":"The Guardian","floor":16.0,"turns":9.0},{"damage":29.0,"enemies":"Chosen","floor":18.0,"turns":6.0},{"damage":25,"enemies":"Shell Parasite","floor":21,"turns":5},{"damage":9,"enemies":"Centurion and Healer","floor":22,"turns":1}],"seed_played":"1874398566464100719","potions_obtained":[{"floor":5.0,"key":"Regen Potion"},{"floor":7.0,"key":"FearPotion"},{"floor":16.0,"key":"Strength Potion"}],"is_trial":false,"path_per_floor":["M","?","?","?","M","R","E","M","T","M","?","E","$","E","R","B",null,"M","$","?","M","M"],"character_chosen":"DEFECT","items_purchased":["Membership Card","Fission","Eternal Feather","Blood Vial"],"campfire_rested":0,"item_purchase_floors":[13,13,13,19],"current_hp_per_floor":[64,64,64,57,57,57,57,57,57,57,22,30,30,27,36,13,57,28,28,28,5,0,0],"gold":15,"neow_bonus":"THREE_ENEMY_KILL","is_daily":false,"chose_seed":false,"campfire_upgraded":2,"win_rate":0.0,"timestamp":1608410966,"path_taken":["M","?","?","?","?","R","E","?","T","M","?","E","$","E","R","BOSS","M","$","?","M","M"],"items_purchased_type":["Relic","Card","Relic","Relic"],"build_version":"2020-12-18","purchased_purges":2,"victory":false,"max_hp_per_floor":[71,71,71,71,71,71,71,71,71,71,71,71,71,71,71,71,71,71,71,71,71,71,71],"relic_stats":{"Blood Vial":4,"Dream Catcher":0,"counters":[12,47],"Eternal Feather":9,"PreservedInsect":61,"Orichalcum":[96],"obtain_stats":[{"Blood Vial":19,"Runic Dome":17,"Dream Catcher":12,"NeowsBlessing":0,"Eternal Feather":13,"PreservedInsect":9,"Membership Card":13,"Orichalcum":7,"Odd Mushroom":11,"Cracked Core":0,"Ancient Tea Set":14},{"Blood Vial":10,"Runic Dome":9,"Dream Catcher":7,"NeowsBlessing":0,"Eternal Feather":7,"PreservedInsect":4,"Membership Card":7,"Orichalcum":3,"Odd Mushroom":6,"Cracked Core":0,"Ancient Tea Set":8},{"Blood Vial":41,"Runic Dome":35,"Dream Catcher":19,"NeowsBlessing":0,"Eternal Feather":19,"PreservedInsect":6,"Membership Card":19,"Orichalcum":3,"Odd Mushroom":14,"Cracked Core":0,"Ancient Tea Set":26}]},"card_choices":[{"not_picked":["Redo","Steam"],"picked":"Cold Snap","floor":1.0},{"not_picked":["Sunder","Leap"],"picked":"Darkness","floor":5.0},{"not_picked":["Leap","Conserve Battery"],"picked":"Redo","floor":7.0},{"not_picked":["Blizzard","Scrape","Ball Lightning"],"picked":"SKIP","floor":8.0},{"not_picked":["Auto Shields","Steam","Barrage"],"picked":"SKIP","floor":10.0},{"not_picked":["Beam Cell","Fusion"],"picked":"Double Energy","floor":11.0},{"not_picked":["Creative AI","Amplify"],"picked":"Machine Learning","floor":12.0},{"not_picked":["Hologram","Go for the Eyes","Ball Lightning"],"picked":"SKIP","floor":14.0},{"not_picked":["Creative AI","Buffer"],"picked":"Biased Cognition","floor":16.0},{"not_picked":["Streamline+1","Turbo","Chaos"],"picked":"SKIP","floor":18.0},{"not_picked":["Coolheaded","Rebound"],"picked":"Loop","floor":21}],"player_experience":1919436,"relics_obtained":[{"floor":7.0,"key":"Orichalcum"},{"floor":9.0,"key":"PreservedInsect"},{"floor":11.0,"key":"Odd Mushroom"},{"floor":12.0,"key":"Dream Catcher"},{"floor":14.0,"key":"Ancient Tea Set"}],"event_choices":[{"damage_healed":0.0,"max_hp_gain":0.0,"max_hp_loss":0.0,"gold_gain":0.0,"cards_transformed":["Strike_B"],"event_name":"Living Wall","player_choice":"Change","floor":2.0,"gold_loss":0.0,"damage_taken":0.0,"cards_obtained":["Defragment"]},{"damage_healed":0.0,"max_hp_gain":0.0,"max_hp_loss":0.0,"gold_gain":150.0,"event_name":"Liars Game","player_choice":"AGREE","floor":3.0,"gold_loss":0.0,"damage_taken":0.0,"cards_obtained":["Doubt"]},{"cards_removed":["Doubt"],"damage_healed":0.0,"max_hp_gain":0.0,"max_hp_loss":0.0,"gold_gain":0.0,"event_name":"Golden Wing","player_choice":"Card Removal","floor":4.0,"gold_loss":0.0,"damage_taken":7.0},{"damage_healed":0.0,"max_hp_gain":0.0,"max_hp_loss":0.0,"gold_gain":0.0,"event_name":"Mushrooms","player_choice":"Fought Mushrooms","floor":11.0,"gold_loss":0.0,"damage_taken":0.0},{"damage_healed":0,"gold_gain":0,"player_choice":"Paid Fearfully","damage_taken":0,"max_hp_gain":0,"max_hp_loss":0,"event_name":"Masked Bandits","floor":20,"gold_loss":56}],"is_beta":true,"boss_relics":[{"not_picked":["Pandora\u0027s Box","Philosopher\u0027s Stone"],"picked":"Runic Dome"}],"items_purged_floors":[13,19],"is_endless":false,"potions_floor_spawned":[5,7,11,16],"killed_by":"Centurion and Healer","ascension_level":20}}