{"host":"r6jigiblrojhp6xe","time":1608420664,"event":{"mods":["AchievementEnabler","BaseMod","DeckTracker","Minty Spire (QoL Compilation)","Quick Restart","Rare Cards Sparkle","Relic Stats","StSLib","SuperFastMode","The Cursed","everything is the same but u backflip on backflip"],"gold_per_floor":[112,112,37,54,54,81,81,93,93,119,133,133,153,67,67,140,140,157,157,0,0,0,0,28,45,45,60,60,78,78,104,104,179,179,193,209,234,247,114,114,114,114,114,14,14,14,27,27,27,27,27,27],"floor_reached":51,"playtime":1652,"items_purged":["Strike_G","Strike_G"],"score":1312,"play_id":"13a39929-481e-4f21-a20f-aa846229ce69","local_time":"20201220083104","is_ascension_mode":true,"campfire_choices":[{"data":"Neutralize","floor":7.0,"key":"SMITH"},{"data":"Blade Dance","floor":12.0,"key":"SMITH"},{"data":"Infinite Blades","floor":15.0,"key":"SMITH"},{"data":"Terror","floor":23.0,"key":"SMITH"},{"floor":30.0,"key":"REST"},{"data":"Cloak And Dagger","floor":32.0,"key":"SMITH"},{"data":"A Thousand Cuts","floor":40,"key":"SMITH"},{"data":"Blade Dance","floor":41,"key":"SMITH"},{"data":"Adrenaline","floor":42,"key":"SMITH"},{"data":"Infinite Blades","floor":45,"key":"SMITH"},{"data":"Blade Dance","floor":49,"key":"SMITH"}],"circlet_count":0,"master_deck":["AscendersBane","Strike_G","Defend_G","Defend_G","Defend_G","Defend_G","Survivor","Neutralize+1","Flying Knee","Blade Dance+1","Terror+1","Deflect","Infinite Blades+1","Adrenaline+1","Infinite Blades+1","Cloak And Dagger+1","Malaise","A Thousand Cuts+1","Dodge and Roll+1","PiercingWail+1","Deflect+1","Blade Dance+1","Blade Dance+1"],"relics":["Ring of the Snake","NeowsBlessing","Kunai","Snake Skull","Oddly Smooth Stone","Odd Mushroom","Cursed Key","Nunchaku","Pear","Eternal Feather","Runic Pyramid","WingedGreaves"],"acts_visited":["Exordium","TheCity","TheBeyond"],"potions_floor_usage":[33,36,36],"damage_taken":[{"damage":0.0,"enemies":"Cultist","floor":1.0,"turns":1.0},{"damage":0.0,"enemies":"2 Louse","floor":4.0,"turns":1.0},{"damage":0.0,"enemies":"3 Sentries","floor":6.0,"turns":1.0},{"damage":0.0,"enemies":"Jaw Worm","floor":8.0,"turns":4.0},{"damage":0.0,"enemies":"The Mushroom Lair","floor":10.0,"turns":5.0},{"damage":5.0,"enemies":"Large Slime","floor":11.0,"turns":6.0},{"damage":1.0,"enemies":"Blue Slaver","floor":13.0,"turns":5.0},{"damage":11.0,"enemies":"Hexaghost","floor":16.0,"turns":11.0},{"damage":1.0,"enemies":"3 Byrds","floor":18.0,"turns":6.0},{"damage":5.0,"enemies":"Book of Stabbing","floor":24.0,"turns":6.0},{"damage":6.0,"enemies":"Spheric Guardian","floor":25.0,"turns":4.0},{"damage":13.0,"enemies":"Snecko","floor":27.0,"turns":5.0},{"damage":12.0,"enemies":"Snake Plant","floor":29.0,"turns":6.0},{"damage":8.0,"enemies":"Slavers","floor":31.0,"turns":8.0},{"damage":17,"enemies":"Collector","floor":33,"turns":22},{"damage":9,"enemies":"Orb Walker","floor":35,"turns":4},{"damage":41,"enemies":"3 Darklings","floor":36,"turns":5},{"damage":0,"enemies":"Mind Bloom Boss Battle","floor":37,"turns":7},{"damage":9,"enemies":"Sphere and 2 Shapes","floor":38,"turns":6},{"damage":5,"enemies":"Writhing Mass","floor":47,"turns":7},{"damage":34,"enemies":"Donu and Deca","floor":50,"turns":13},{"damage":0,"enemies":"Time Eater","floor":51,"turns":1}],"seed_played":"-866547682414942749","potions_obtained":[{"floor":1.0,"key":"SkillPotion"},{"floor":10.0,"key":"Fire Potion"},{"floor":11.0,"key":"Weak Potion"},{"floor":31.0,"key":"ColorlessPotion"},{"floor":33,"key":"FairyPotion"},{"floor":35,"key":"EntropicBrew"}],"is_trial":false,"path_per_floor":["M","?","?","M","?","E","R","M","T","?","M","R","M","$","R","B",null,"M","?","$","?","?","R","E","M","T","M","T","M","R","E","R","B",null,"M","M","?","M","$","R","R","R","T","$","R","?","M","?","R","B","B"],"character_chosen":"THE_SILENT","items_purchased":["Infinite Blades","Nunchaku","Blade Dance"],"campfire_rested":1,"item_purchase_floors":[14,20,39],"current_hp_per_floor":[59,41,41,41,34,34,34,34,34,34,29,29,28,28,28,17,54,53,53,53,53,53,53,58,52,52,39,39,27,49,41,53,36,66,57,16,16,7,7,19,31,43,43,43,55,55,50,50,62,28,28,28],"gold":27,"neow_bonus":"THREE_ENEMY_KILL","is_daily":false,"chose_seed":false,"campfire_upgraded":10,"win_rate":0.0,"timestamp":1608420664,"path_taken":["M","?","?","M","?","E","R","M","T","?","M","R","M","$","R","BOSS","M","?","$","?","?","R","E","M","T","M","?","M","R","E","R","BOSS","M","M","?","M","$","R","R","R","T","$","R","?","M","?","R","BOSS","BOSS"],"items_purchased_type":["Card","Relic","Card"],"build_version":"2020-12-13","purchased_purges":2,"victory":false,"max_hp_per_floor":[66,66,66,66,66,66,66,66,66,66,66,66,66,66,66,66,66,66,66,66,66,66,66,76,76,76,76,76,76,76,76,76,76,76,76,76,76,76,76,76,76,76,76,76,76,76,76,76,76,76,76,76],"relic_stats":{"Nunchaku":[49],"counters":[22,134],"Eternal Feather":72,"Snake Skull":[0],"Kunai":[161],"Cursed Key":0,"obtain_stats":[{"Nunchaku":20,"Pear":24,"NeowsBlessing":0,"Oddly Smooth Stone":9,"Eternal Feather":31,"Snake Skull":6,"WingedGreaves":37,"Kunai":2,"Odd Mushroom":10,"Cursed Key":17,"Ring of the Snake":0,"Runic Pyramid":34},{"Nunchaku":9,"Pear":10,"NeowsBlessing":0,"Oddly Smooth Stone":4,"Eternal Feather":14,"Snake Skull":3,"WingedGreaves":18,"Kunai":1,"Odd Mushroom":5,"Cursed Key":8,"Ring of the Snake":0,"Runic Pyramid":15},{"Nunchaku":40,"Pear":46,"NeowsBlessing":0,"Oddly Smooth Stone":7,"Eternal Feather":69,"Snake Skull":3,"WingedGreaves":107,"Kunai":1,"Odd Mushroom":12,"Cursed Key":34,"Ring of the Snake":0,"Runic Pyramid":91}],"Ring of the Snake":[44]},"card_choices":[{"not_picked":["Deflect","Finisher"],"picked":"Flying Knee","floor":1.0},{"not_picked":["Expertise","Dagger Throw"],"picked":"Blade Dance","floor":4.0},{"not_picked":["Deadly Poison","Concentrate"],"picked":"Well Laid Plans","floor":6.0},{"not_picked":["Cloak And Dagger","Backstab"],"picked":"Terror","floor":8.0},{"not_picked":["Poisoned Stab","Dash"],"picked":"Deflect","floor":10.0},{"not_picked":["Dagger Throw","Dash","Slice"],"picked":"SKIP","floor":11.0},{"not_picked":["Outmaneuver","Predator","Quick Slash"],"picked":"SKIP","floor":13.0},{"not_picked":["Bullet Time","Night Terror"],"picked":"Adrenaline","floor":16.0},{"not_picked":["Bane","Terror","Riddle With Holes+1"],"picked":"SKIP","floor":18.0},{"not_picked":["Skewer","Dagger Throw","Outmaneuver"],"picked":"SKIP","floor":24.0},{"not_picked":["Skewer","Cloak And Dagger"],"picked":"Infinite Blades","floor":25.0},{"not_picked":["Concentrate","Footwork"],"picked":"Cloak And Dagger","floor":27.0},{"not_picked":["Dash","Poisoned Stab","Flying Knee+1"],"picked":"SKIP","floor":29.0},{"not_picked":["Riddle With Holes","Deadly Poison"],"picked":"Malaise","floor":31.0},{"not_picked":["After Image","Die Die Die"],"picked":"A Thousand Cuts","floor":33},{"not_picked":["Backstab","Predator","Dodge and Roll+1"],"picked":"SKIP","floor":35},{"not_picked":["Backstab","Predator"],"picked":"Dodge and Roll+1","floor":35},{"not_picked":["Dagger Spray","Expertise+1"],"picked":"PiercingWail+1","floor":36},{"not_picked":["Slice","Prepared"],"picked":"Deflect+1","floor":38},{"not_picked":["Corpse Explosion","Distraction"],"picked":"Blade Dance","floor":47}],"player_experience":533130,"relics_obtained":[{"floor":6.0,"key":"Snake Skull"},{"floor":9.0,"key":"Oddly Smooth Stone"},{"floor":10.0,"key":"Odd Mushroom"},{"floor":24.0,"key":"Pear"},{"floor":31.0,"key":"Eternal Feather"},{"floor":37,"key":"WingedGreaves"}],"event_choices":[{"damage_healed":0.0,"max_hp_gain":0.0,"max_hp_loss":0.0,"gold_gain":0.0,"event_name":"Scrap Ooze","player_choice":"Success","floor":2.0,"gold_loss":0.0,"damage_taken":18.0,"relics_obtained":["Kunai"]},{"cards_removed":["Defend_G"],"damage_healed":0.0,"max_hp_gain":0.0,"max_hp_loss":0.0,"gold_gain":0.0,"event_name":"The Cleric","player_choice":"Card Removal","floor":3.0,"gold_loss":75.0,"damage_taken":0.0},{"cards_removed":["Strike_G"],"damage_healed":0.0,"max_hp_gain":0.0,"max_hp_loss":0.0,"gold_gain":0.0,"event_name":"Golden Wing","player_choice":"Card Removal","floor":5.0,"gold_loss":0.0,"damage_taken":7.0},{"damage_healed":0.0,"max_hp_gain":0.0,"max_hp_loss":0.0,"gold_gain":0.0,"event_name":"Mushrooms","player_choice":"Fought Mushrooms","floor":10.0,"gold_loss":0.0,"damage_taken":0.0},{"cards_removed":["Strike_G"],"damage_healed":0.0,"max_hp_gain":0.0,"max_hp_loss":0.0,"gold_gain":0.0,"event_name":"Back to Basics","player_choice":"Elegance","floor":19.0,"gold_loss":0.0,"damage_taken":0.0},{"damage_healed":0.0,"max_hp_gain":0.0,"max_hp_loss":0.0,"gold_gain":0.0,"event_name":"Cursed Tome","player_choice":"Ignored","floor":22.0,"gold_loss":0.0,"damage_taken":0.0},{"damage_healed":0,"gold_gain":0,"player_choice":"Fight","damage_taken":0,"max_hp_gain":0,"max_hp_loss":0,"event_name":"MindBloom","floor":37,"gold_loss":0},{"cards_removed":["Well Laid Plans"],"damage_healed":0,"gold_gain":0,"player_choice":"Removed Power","damage_taken":0,"max_hp_gain":0,"max_hp_loss":0,"event_name":"Falling","floor":46,"gold_loss":0},{"damage_healed":0,"gold_gain":0,"player_choice":"Ignored","damage_taken":0,"max_hp_gain":0,"max_hp_loss":0,"event_name":"SecretPortal","floor":48,"gold_loss":0}],"is_beta":false,"boss_relics":[{"not_picked":["Empty Cage","Philosopher\u0027s Stone"],"picked":"Cursed Key"},{"not_picked":["SacredBark","Busted Crown"],"picked":"Runic Pyramid"}],"items_purged_floors":[39,44],"is_endless":false,"potions_floor_spawned":[1,10,11,18,25,31,33,35],"killed_by":"Time Eater","ascension_level":20}}