{"host":"5f8ute538gzudddu","time":1608361427,"event":{"mods":["BaseMod","Highlight Path","Minty Spire (QoL Compilation)","Relic Stats","StSLib"],"gold_per_floor":[119,136,33,43,54,54,72,106,106,106,106,141,88,117,117,196,196,211,136,146,164,181,181,216,216,216],"floor_reached":25,"playtime":1354,"items_purged":["Pain"],"score":536,"play_id":"1c8e31e6-c1a4-4770-b144-bb1a41e2a745","local_time":"20201218230347","is_ascension_mode":true,"campfire_choices":[{"data":"Blasphemy","floor":6.0,"key":"SMITH"},{"floor":10.0,"key":"REST"},{"data":"BowlingBash","floor":15.0,"key":"SMITH"},{"floor":23.0,"key":"REST"}],"circlet_count":0,"master_deck":["AscendersBane","Eruption","Vigilance","Blasphemy+1","BowlingBash+1","EmptyFist","FlyingSleeves","ThirdEye","ConjureBlade","DeceiveReality","DeusExMachina","Crescendo","JustLucky","ForeignInfluence","DevaForm","LikeWater","Judgement","FollowUp","ThirdEye","Evaluate+1","ThirdEye+1","Conclude"],"relics":["PureWater","Calipers","Bottled Flame","CaptainsWheel","Shuriken","Pandora\u0027s Box","Smiling Mask"],"acts_visited":["Exordium","TheCity"],"potions_floor_usage":[],"damage_taken":[{"damage":7.0,"enemies":"2 Louse","floor":1.0,"turns":3.0},{"damage":9.0,"enemies":"Small Slimes","floor":2.0,"turns":5.0},{"damage":0.0,"enemies":"Cultist","floor":4.0,"turns":2.0},{"damage":9.0,"enemies":"Lots of Slimes","floor":5.0,"turns":4.0},{"damage":1.0,"enemies":"2 Fungi Beasts","floor":7.0,"turns":3.0},{"damage":25.0,"enemies":"3 Sentries","floor":8.0,"turns":5.0},{"damage":6.0,"enemies":"Gremlin Nob","floor":12.0,"turns":3.0},{"damage":0.0,"enemies":"Lagavulin","floor":14.0,"turns":4.0},{"damage":12.0,"enemies":"Hexaghost","floor":16.0,"turns":9.0},{"damage":16.0,"enemies":"Shell Parasite","floor":18.0,"turns":5.0},{"damage":22.0,"enemies":"2 Thieves","floor":20.0,"turns":4.0},{"damage":21.0,"enemies":"Shelled Parasite and Fungi","floor":21.0,"turns":4.0},{"damage":0.0,"enemies":"Centurion and Healer","floor":22.0,"turns":5.0},{"damage":26.0,"enemies":"Book of Stabbing","floor":24.0,"turns":6.0},{"damage":12,"enemies":"Chosen and Byrds","floor":25,"turns":2}],"seed_played":"2233303048790219939","potions_obtained":[{"floor":1.0,"key":"BottledMiracle"},{"floor":5.0,"key":"FearPotion"},{"floor":8.0,"key":"Strength Potion"},{"floor":18.0,"key":"Fruit Juice"},{"floor":21.0,"key":"AttackPotion"}],"is_trial":false,"path_per_floor":["M","M","$","M","M","R","M","E","T","R","?","E","$","E","R","B",null,"M","?","M","M","M","R","E","M"],"character_chosen":"WATCHER","items_purchased":["FlyingSleeves","Weak Potion"],"campfire_rested":2,"item_purchase_floors":[3,13],"current_hp_per_floor":[54,45,45,45,36,36,35,10,10,30,35,29,29,29,29,17,59,48,48,26,5,5,28,2,0,0],"gold":216,"neow_bonus":"THREE_RARE_CARDS","is_daily":false,"chose_seed":false,"campfire_upgraded":2,"win_rate":0.0,"timestamp":1608361427,"path_taken":["M","M","$","M","M","R","M","E","T","R","?","E","$","E","R","BOSS","M","?","M","M","M","R","E","M"],"items_purchased_type":["Card","Potion"],"build_version":"2020-12-13","purchased_purges":1,"victory":false,"max_hp_per_floor":[68,68,68,68,68,68,68,68,68,68,73,73,73,73,73,73,73,78,78,78,78,78,78,78,78,78],"relic_stats":{"counters":[15,64],"Shuriken":[6],"Pandora\u0027s Box":["Crescendo","JustLucky","ForeignInfluence","DevaForm","Nirvana","LikeWater","Judgement","FollowUp"],"Smiling Mask":0,"obtain_stats":[{"Bottled Flame":9,"CaptainsWheel":12,"Calipers":8,"Shuriken":14,"Pandora\u0027s Box":17,"PureWater":0,"Smiling Mask":24},{"Bottled Flame":6,"CaptainsWheel":7,"Calipers":6,"Shuriken":8,"Pandora\u0027s Box":9,"PureWater":0,"Smiling Mask":14},{"Bottled Flame":22,"CaptainsWheel":25,"Calipers":22,"Shuriken":29,"Pandora\u0027s Box":38,"PureWater":0,"Smiling Mask":62}]},"card_choices":[{"not_picked":["Omniscience","DevaForm"],"picked":"Blasphemy","floor":0.0},{"not_picked":["SashWhip","Halt"],"picked":"BowlingBash","floor":1.0},{"not_picked":["Nirvana","ThirdEye"],"picked":"EmptyFist","floor":2.0},{"not_picked":["PathToVictory","Nirvana","Consecrate"],"picked":"SKIP","floor":4.0},{"not_picked":["FollowUp","ClearTheMind"],"picked":"ThirdEye","floor":5.0},{"not_picked":["Protect","EmptyBody","Prostrate"],"picked":"SKIP","floor":7.0},{"not_picked":["Adaptation","MentalFortress"],"picked":"ConjureBlade","floor":8.0},{"not_picked":["WheelKick","EmptyBody","ClearTheMind"],"picked":"SKIP","floor":12.0},{"not_picked":["Crescendo","EmptyMind"],"picked":"DeceiveReality","floor":14.0},{"not_picked":["Vault","Wish"],"picked":"DeusExMachina","floor":16.0},{"not_picked":["Halt","BattleHymn"],"picked":"ThirdEye","floor":18.0},{"not_picked":["Consecrate","FlurryOfBlows"],"picked":"Evaluate+1","floor":20.0},{"not_picked":["Evaluate","Vengeance"],"picked":"ThirdEye+1","floor":21.0},{"not_picked":["Protect","Halt","EmptyBody"],"picked":"SKIP","floor":22.0},{"not_picked":["SandsOfTime","Protect"],"picked":"Conclude","floor":24.0}],"player_experience":884203,"relics_obtained":[{"floor":8.0,"key":"Calipers"},{"floor":9.0,"key":"Bottled Flame"},{"floor":12.0,"key":"CaptainsWheel"},{"floor":14.0,"key":"Shuriken"},{"floor":24.0,"key":"Smiling Mask"}],"event_choices":[{"damage_healed":0.0,"max_hp_gain":5.0,"max_hp_loss":0.0,"gold_gain":0.0,"event_name":"Big Fish","player_choice":"Donut","floor":11.0,"gold_loss":0.0,"damage_taken":0.0},{"cards_removed":["Nirvana"],"damage_healed":0.0,"max_hp_gain":0.0,"max_hp_loss":0.0,"gold_gain":0.0,"event_name":"Beggar","player_choice":"Gave Gold","floor":19.0,"gold_loss":75.0,"damage_taken":0.0}],"is_beta":false,"boss_relics":[{"not_picked":["Empty Cage","Busted Crown"],"picked":"Pandora\u0027s Box"}],"items_purged_floors":[3],"is_endless":false,"potions_floor_spawned":[1,5,8,18,21],"killed_by":"Chosen and Byrds","ascension_level":20}}