{"host":"cc187","time":1608336269,"event":{"mods":["AchievementEnabler","BaseMod","Bestiary","Colored Map","Colored Powertips","Highlight Path","Keyboard Shortcuts","Minty Spire (QoL Compilation)","Quick Restart","Rare Cards Sparkle","Relic Stats","StSLib","SuperFastMode","Synergy Search"],"gold_per_floor":[117,30,47,57,70,70,89,118,164,192,219,219,219,219,219,295,295,312,312,357,357,357,386,278,278,301,334,344,359,359,379,379,455,455,466,466,512,512,186,221,221,72,97,125,140,168,168,198,198,198],"floor_reached":51,"playtime":3243,"items_purged":["Strike_G","Strike_G"],"score":1402,"play_id":"27fea341-2f18-4129-a846-6aa8be548168","local_time":"20201219000429","is_ascension_mode":true,"campfire_choices":[{"data":"Cloak And Dagger","floor":13,"key":"SMITH"},{"floor":15,"key":"REST"},{"data":"Cloak And Dagger","floor":25,"key":"SMITH"},{"data":"Burst","floor":30,"key":"SMITH"},{"data":"Adrenaline","floor":32,"key":"SMITH"},{"data":"Venomology","floor":41,"key":"SMITH"},{"data":"Malaise","floor":47,"key":"SMITH"},{"data":"Finisher","floor":49,"key":"SMITH"}],"circlet_count":0,"master_deck":["AscendersBane","Strike_G","Defend_G","Defend_G+1","Defend_G","Defend_G","Survivor+1","Neutralize","CurseOfTheBell","Blade Dance","Flash of Steel","Burst+1","Cloak And Dagger+1","Cloak And Dagger+1","All Out Attack","Adrenaline+1","After Image+1","Malaise+1","Cloak And Dagger","Blade Dance","Footwork+1","Finisher+1","Finisher+1","Venomology+1","Backstab+1","Caltrops+1","PiercingWail+1","Burst+1","Accuracy+1","Wraith Form v2+1","Envenom+1","Catalyst"],"relics":["Calling Bell","Tiny Chest","Shuriken","Du-Vu Doll","Kunai","Pen Nib","Frozen Egg 2","Juzu Bracelet","WristBlade","Toy Ornithopter","MutagenicStrength","Strawberry","Red Mask","Astrolabe","CaptainsWheel","Thread and Needle","War Paint","Peace Pipe","Lantern","Letter Opener","Orichalcum","Art of War"],"acts_visited":["Exordium","TheCity","TheBeyond"],"potions_floor_usage":[5,8,8,23,27,33,33,37,40,44,46,46,50,50,50,50,50],"damage_taken":[{"damage":7,"enemies":"Cultist","floor":1,"turns":4},{"damage":0,"enemies":"Jaw Worm","floor":3,"turns":2},{"damage":0,"enemies":"2 Louse","floor":4,"turns":3},{"damage":0,"enemies":"2 Fungi Beasts","floor":5,"turns":3},{"damage":2,"enemies":"Blue Slaver","floor":7,"turns":3},{"damage":8,"enemies":"Lagavulin","floor":8,"turns":4},{"damage":23,"enemies":"Gremlin Nob","floor":10,"turns":4},{"damage":4,"enemies":"Hexaghost","floor":16,"turns":7},{"damage":0,"enemies":"Chosen","floor":18,"turns":4},{"damage":16,"enemies":"Gremlin Leader","floor":23,"turns":7},{"damage":0,"enemies":"Masked Bandits","floor":27,"turns":3},{"damage":0,"enemies":"Shell Parasite","floor":28,"turns":2},{"damage":15,"enemies":"Snake Plant","floor":29,"turns":3},{"damage":0,"enemies":"Snecko","floor":31,"turns":2},{"damage":22,"enemies":"Automaton","floor":33,"turns":8},{"damage":1,"enemies":"3 Darklings","floor":35,"turns":4},{"damage":2,"enemies":"2 Orb Walkers","floor":37,"turns":4},{"damage":0,"enemies":"Nemesis","floor":40,"turns":5},{"damage":6,"enemies":"Reptomancer","floor":44,"turns":6},{"damage":0,"enemies":"Orb Walker","floor":45,"turns":2},{"damage":15,"enemies":"Nemesis","floor":46,"turns":7},{"damage":0,"enemies":"Giant Head","floor":48,"turns":5},{"damage":24,"enemies":"Time Eater","floor":50,"turns":7}],"seed_played":"-1344793594319008265","potions_obtained":[{"floor":1,"key":"DistilledChaos"},{"floor":4,"key":"Poison Potion"},{"floor":7,"key":"Poison Potion"},{"floor":10,"key":"Energy Potion"},{"floor":16,"key":"CultistPotion"},{"floor":23,"key":"AttackPotion"},{"floor":28,"key":"SpeedPotion"},{"floor":35,"key":"Block Potion"}],"is_trial":false,"path_per_floor":["M","$","M","M","M","?","M","E","T","E","T","?","R","?","R","B",null,"M","?","T","?","?","E","$","R","T","?","M","M","R","M","R","B",null,"M","T","?","?","$","E","R","$","T","E","M","E","R","E","R","B",null],"character_chosen":"THE_SILENT","items_purchased":["Flash of Steel","Footwork+1","Accuracy+1","War Paint","Wraith Form v2+1"],"campfire_rested":1,"item_purchase_floors":[2,24,39,39,42],"current_hp_per_floor":[52,52,52,52,52,52,50,42,42,19,19,24,24,24,45,41,64,64,64,64,64,64,60,60,60,60,65,65,50,50,50,50,38,68,67,67,70,70,70,75,75,75,75,72,72,66,66,66,66,67],"gold":198,"neow_bonus":"BOSS_RELIC","is_daily":false,"chose_seed":false,"campfire_upgraded":7,"win_rate":0.0,"timestamp":1608336269,"path_taken":["M","?","M","M","?","?","M","E","T","E","?","?","R","?","R","BOSS","M","?","?","?","?","E","$","R","T","?","M","M","R","M","R","BOSS","M","?","?","?","$","E","R","$","T","E","M","E","R","E","R","BOSS"],"items_purchased_type":["Card","Card","Card","Relic","Card"],"build_version":"2020-12-17","purchased_purges":2,"victory":true,"max_hp_per_floor":[66,66,66,66,66,66,66,66,66,66,66,71,71,71,71,71,71,71,71,71,71,71,78,78,78,78,78,78,78,78,78,78,78,78,78,78,78,78,78,78,78,78,78,78,78,78,78,78,78,78],"relic_stats":{"counters":[23,99],"Astrolabe":["Backstab","Caltrops","PiercingWail"],"Pen Nib":[26],"Juzu Bracelet":3,"Letter Opener":[37],"War Paint":["Defend_G","Survivor"],"Orichalcum":[0],"Peace Pipe":0,"Shuriken":[72],"Tiny Chest":3,"Art of War":[2],"Kunai":[63],"obtain_stats":[{"Lantern":43,"Astrolabe":34,"Thread and Needle":37,"Pen Nib":9,"Juzu Bracelet":11,"Letter Opener":44,"Frozen Egg 2":10,"War Paint":39,"Orichalcum":46,"Calling Bell":0,"Du-Vu Doll":0,"Peace Pipe":40,"CaptainsWheel":36,"WristBlade":17,"Shuriken":0,"MutagenicStrength":21,"Strawberry":23,"Tiny Chest":0,"Red Mask":27,"Art of War":48,"Kunai":8,"Toy Ornithopter":20,"Ring of the Snake":0},{"Lantern":18,"Astrolabe":15,"Thread and Needle":17,"Pen Nib":6,"Juzu Bracelet":7,"Letter Opener":19,"Frozen Egg 2":7,"War Paint":17,"Orichalcum":21,"Calling Bell":0,"Du-Vu Doll":0,"Peace Pipe":18,"CaptainsWheel":16,"WristBlade":8,"Shuriken":0,"MutagenicStrength":9,"Strawberry":10,"Tiny Chest":0,"Red Mask":11,"Art of War":22,"Kunai":6,"Toy Ornithopter":9,"Ring of the Snake":0},{"Lantern":72,"Astrolabe":59,"Thread and Needle":67,"Pen Nib":19,"Juzu Bracelet":23,"Letter Opener":78,"Frozen Egg 2":23,"War Paint":67,"Orichalcum":87,"Calling Bell":0,"Du-Vu Doll":0,"Peace Pipe":72,"CaptainsWheel":63,"WristBlade":30,"Shuriken":0,"MutagenicStrength":34,"Strawberry":41,"Tiny Chest":0,"Red Mask":44,"Art of War":92,"Kunai":19,"Toy Ornithopter":34,"Ring of the Snake":0}],"Toy Ornithopter":67},"card_choices":[{"not_picked":["Underhanded Strike","Heel Hook"],"picked":"Blade Dance","floor":1},{"not_picked":["Deadly Poison","PiercingWail"],"picked":"Burst","floor":3},{"not_picked":["PiercingWail","Reflex"],"picked":"Cloak And Dagger","floor":4},{"not_picked":["Escape Plan","Distraction","Quick Slash"],"picked":"SKIP","floor":5},{"not_picked":["Deadly Poison","Concentrate"],"picked":"Cloak And Dagger","floor":7},{"not_picked":["Poisoned Stab","Deadly Poison"],"picked":"All Out Attack","floor":8},{"not_picked":["Dagger Throw","Dash"],"picked":"Adrenaline","floor":10},{"not_picked":["Unload","Glass Knife"],"picked":"Malaise","floor":16},{"not_picked":["Infinite Blades+1","Deflect"],"picked":"Cloak And Dagger","floor":18},{"not_picked":["Prepared","Concentrate"],"picked":"Blade Dance","floor":23},{"not_picked":["Bane","Poisoned Stab"],"picked":"Finisher","floor":27},{"not_picked":["Crippling Poison","Sucker Punch"],"picked":"Finisher+1","floor":28},{"not_picked":["Sucker Punch","Blade Dance","Underhanded Strike"],"picked":"SKIP","floor":29},{"not_picked":["Outmaneuver","Deadly Poison","Deflect+1"],"picked":"SKIP","floor":31},{"not_picked":["A Thousand Cuts+1","Night Terror"],"picked":"Venomology","floor":33},{"not_picked":["Dagger Throw+1","Slice","Bane"],"picked":"SKIP","floor":35},{"not_picked":["Prepared","Bouncing Flask+1","Reflex"],"picked":"SKIP","floor":40},{"not_picked":["Bane","Slice","Terror"],"picked":"SKIP","floor":44},{"not_picked":["Deflect","Deadly Poison+1"],"picked":"Envenom+1","floor":45},{"not_picked":["Slice","Cloak And Dagger"],"picked":"Catalyst","floor":46},{"not_picked":["Sucker Punch+1","Underhanded Strike+1","Escape Plan"],"picked":"SKIP","floor":48}],"player_experience":768141,"relics_obtained":[{"floor":0,"key":"Tiny Chest"},{"floor":0,"key":"Shuriken"},{"floor":0,"key":"Du-Vu Doll"},{"floor":8,"key":"Kunai"},{"floor":9,"key":"Pen Nib"},{"floor":10,"key":"Frozen Egg 2"},{"floor":11,"key":"Juzu Bracelet"},{"floor":20,"key":"Toy Ornithopter"},{"floor":23,"key":"Strawberry"},{"floor":27,"key":"Red Mask"},{"floor":36,"key":"CaptainsWheel"},{"floor":37,"key":"Thread and Needle"},{"floor":40,"key":"Peace Pipe"},{"floor":43,"key":"Lantern"},{"floor":44,"key":"Letter Opener"},{"floor":46,"key":"Orichalcum"},{"floor":48,"key":"Art of War"}],"event_choices":[{"damage_healed":0,"gold_gain":0,"player_choice":"Ignored","damage_taken":0,"max_hp_gain":0,"max_hp_loss":0,"event_name":"Shining Light","floor":6,"gold_loss":0},{"damage_healed":0,"gold_gain":0,"player_choice":"Donut","damage_taken":0,"max_hp_gain":5,"max_hp_loss":0,"event_name":"Big Fish","floor":12,"gold_loss":0},{"damage_healed":0,"gold_gain":0,"player_choice":"1 cards matched","damage_taken":0,"max_hp_gain":0,"max_hp_loss":0,"event_name":"Match and Keep!","floor":14,"gold_loss":0,"cards_obtained":["After Image"]},{"damage_healed":0,"gold_gain":0,"player_choice":"Got Potions","damage_taken":0,"max_hp_gain":0,"max_hp_loss":0,"event_name":"Lab","floor":19,"gold_loss":0},{"damage_healed":0,"gold_gain":0,"player_choice":"Inject Mutagens","damage_taken":0,"relics_obtained":["MutagenicStrength"],"max_hp_gain":0,"max_hp_loss":0,"event_name":"Drug Dealer","floor":21,"gold_loss":0},{"damage_healed":0,"gold_gain":0,"player_choice":"Ignored","damage_taken":0,"max_hp_gain":0,"max_hp_loss":0,"event_name":"Ghosts","floor":22,"gold_loss":0},{"damage_healed":0,"gold_gain":0,"player_choice":"Fought Bandits","damage_taken":0,"max_hp_gain":0,"max_hp_loss":0,"event_name":"Masked Bandits","floor":27,"gold_loss":0},{"damage_healed":0,"gold_gain":0,"player_choice":"Fight","damage_taken":0,"max_hp_gain":0,"max_hp_loss":0,"event_name":"Mysterious Sphere","floor":37,"gold_loss":0},{"damage_healed":0,"gold_gain":0,"player_choice":"Copied","damage_taken":0,"max_hp_gain":0,"max_hp_loss":0,"event_name":"Duplicator","floor":38,"gold_loss":0,"cards_obtained":["Burst"]}],"is_beta":true,"boss_relics":[{"not_picked":["SlaversCollar","Busted Crown"],"picked":"WristBlade"},{"not_picked":["Runic Dome","Velvet Choker"],"picked":"Astrolabe"}],"items_purged_floors":[24,39],"is_endless":false,"potions_floor_spawned":[1,4,7,10,16,23,28,35,37],"ascension_level":15}}