{"host":"jwbw4f4imxd0v0b0","time":1608381583,"event":{"mods":["BaseMod","Colored Map","Highlight Path","Minty Spire (QoL Compilation)","Relic Stats","StSLib"],"gold_per_floor":[17,37,37,37,51,82,99,128,180,180,223,243,267,278,278,385,385,411,456,381,381,400,435,37,68,116,141,164,205,205,221,221,329,329,347,369,378,407,427,453,487,531,555,596,596,611,624,650,650,650,650,650,48,88,88],"floor_reached":56,"playtime":3232,"items_purged":[],"score":1603,"play_id":"ba1ba419-964d-483f-8403-672d455fd9c1","local_time":"20201219063943","is_ascension_mode":false,"campfire_choices":[{"data":"BowlingBash","floor":10.0,"key":"SMITH"},{"data":"Tantrum","floor":15.0,"key":"SMITH"},{"data":"Ghostly","floor":30.0,"key":"SMITH"},{"data":"Ghostly","floor":32.0,"key":"SMITH"},{"data":"Ghostly","floor":45,"key":"SMITH"},{"floor":49,"key":"RECALL"},{"data":"Vigilance","floor":52,"key":"SMITH"}],"circlet_count":0,"master_deck":["Strike_P","Strike_P","Defend_P","Defend_P","Defend_P+1","Defend_P","Eruption+1","Vigilance+1","PathToVictory+1","Halt","EmptyMind","Weave+1","Weave","BowlingBash+1","ThirdEye","FlurryOfBlows","Tantrum+1","WheelKick","Vault","PathToVictory","Ghostly+1","Ghostly+1","Ghostly+1","Ghostly+1","Ghostly","FlurryOfBlows","Panache+1","MentalFortress+1","CutThroughFate","Adaptation+1","Scrawl","Wallop+1","Ghostly+1","Halt+1","LikeWater+1","LikeWater+1","DevaForm+1","Weave","Wireheading+1","Perseverance","Evaluate+1"],"relics":["HolyWater","WingedGreaves","Frozen Egg 2","Letter Opener","Vajra","CeramicFish","Turnip","Orichalcum","Ornamental Fan","Darkstone Periapt","Art of War","Bag of Marbles","Coffee Dripper","InkBottle","Whetstone","Bottled Lightning","Bottled Tornado","TheAbacus","Toy Ornithopter","War Paint","Pocketwatch"],"acts_visited":["Exordium","TheCity","TheBeyond","TheEnding"],"potions_floor_usage":[42,46,55,55,55],"damage_taken":[{"damage":0.0,"enemies":"Jaw Worm","floor":1.0,"turns":3.0},{"damage":0.0,"enemies":"2 Louse","floor":2.0,"turns":2.0},{"damage":0.0,"enemies":"Cultist","floor":5.0,"turns":3.0},{"damage":11.0,"enemies":"Lagavulin","floor":6.0,"turns":5.0},{"damage":0.0,"enemies":"3 Louse","floor":7.0,"turns":2.0},{"damage":26.0,"enemies":"3 Sentries","floor":8.0,"turns":12.0},{"damage":6.0,"enemies":"Gremlin Nob","floor":11.0,"turns":3.0},{"damage":0.0,"enemies":"Blue Slaver","floor":12.0,"turns":3.0},{"damage":0.0,"enemies":"Lots of Slimes","floor":13.0,"turns":3.0},{"damage":1.0,"enemies":"Gremlin Gang","floor":14.0,"turns":3.0},{"damage":20.0,"enemies":"The Guardian","floor":16.0,"turns":10.0},{"damage":0.0,"enemies":"2 Thieves","floor":18.0,"turns":2.0},{"damage":0.0,"enemies":"Chosen","floor":22.0,"turns":4.0},{"damage":3.0,"enemies":"Slavers","floor":23.0,"turns":4.0},{"damage":0.0,"enemies":"Gremlin Leader","floor":25.0,"turns":5.0},{"damage":0.0,"enemies":"Snake Plant","floor":27.0,"turns":4.0},{"damage":0.0,"enemies":"3 Cultists","floor":28.0,"turns":4.0},{"damage":0.0,"enemies":"Slavers","floor":29.0,"turns":4.0},{"damage":7.0,"enemies":"Snecko","floor":31.0,"turns":4.0},{"damage":0.0,"enemies":"Champ","floor":33.0,"turns":9.0},{"damage":0.0,"enemies":"3 Shapes","floor":35.0,"turns":5.0},{"damage":0.0,"enemies":"Orb Walker","floor":36.0,"turns":3.0},{"damage":0.0,"enemies":"Transient","floor":38.0,"turns":5.0},{"damage":0.0,"enemies":"3 Darklings","floor":39.0,"turns":3.0},{"damage":0.0,"enemies":"Giant Head","floor":40.0,"turns":7.0},{"damage":0.0,"enemies":"Reptomancer","floor":41.0,"turns":4.0},{"damage":0,"enemies":"Giant Head","floor":42,"turns":6},{"damage":0,"enemies":"Reptomancer","floor":44,"turns":3},{"damage":4,"enemies":"Sphere and 2 Shapes","floor":46,"turns":5},{"damage":0,"enemies":"4 Shapes","floor":47,"turns":6},{"damage":0,"enemies":"Writhing Mass","floor":48,"turns":6},{"damage":12,"enemies":"Donu and Deca","floor":50,"turns":7},{"damage":0,"enemies":"Shield and Spear","floor":54,"turns":5},{"damage":10,"enemies":"The Heart","floor":55,"turns":8}],"seed_played":"3288629577901837700","potions_obtained":[{"floor":5.0,"key":"Fire Potion"},{"floor":8.0,"key":"AttackPotion"},{"floor":12.0,"key":"GamblersBrew"},{"floor":14.0,"key":"Explosive Potion"},{"floor":23.0,"key":"Weak Potion"},{"floor":25.0,"key":"Block Potion"},{"floor":27.0,"key":"EssenceOfSteel"},{"floor":29.0,"key":"Fruit Juice"},{"floor":31.0,"key":"Strength Potion"},{"floor":39.0,"key":"FearPotion"},{"floor":42,"key":"GamblersBrew"},{"floor":47,"key":"Energy Potion"},{"floor":54,"key":"LiquidBronze"}],"is_trial":false,"path_per_floor":["M","M","?","?","M","E","M","E","T","R","E","M","M","M","R","B",null,"M","?","?","T","M","E","$","E","T","M","M","E","R","M","R","B",null,"M","M","?","M","M","E","E","E","T","E","R","M","M","M","R","B",null,"R","$","E","B",null],"character_chosen":"WATCHER","items_purchased":["Panache+1","Ornamental Fan","TheAbacus","Toy Ornithopter","War Paint","Perseverance","PowerPotion","Ancient Potion"],"campfire_rested":0,"item_purchase_floors":[24,24,53,53,53,53,53,53],"current_hp_per_floor":[72,72,72,72,72,61,61,35,35,35,29,29,29,28,28,8,72,72,36,36,36,36,33,33,33,33,33,33,33,33,31,31,31,41,41,41,41,41,41,41,41,41,41,41,41,37,37,37,37,25,41,41,41,41,31],"gold":88,"neow_bonus":"ONE_RARE_RELIC","is_daily":false,"chose_seed":false,"campfire_upgraded":6,"win_rate":0.0,"timestamp":1608381583,"path_taken":["M","M","?","?","?","E","M","E","T","R","E","M","M","M","R","BOSS","M","?","?","?","M","E","$","E","T","?","M","E","R","M","R","BOSS","M","?","?","M","M","E","E","E","T","E","R","?","M","M","R","BOSS","R","$","E","BOSS"],"items_purchased_type":["Card","Relic","Relic","Relic","Relic","Card","Potion","Potion"],"build_version":"2020-12-13","purchased_purges":0,"victory":true,"max_hp_per_floor":[72,72,72,72,72,72,72,72,72,72,72,72,72,72,72,72,72,72,36,36,36,36,36,36,36,36,36,36,36,36,41,41,41,41,41,41,41,41,41,41,41,41,41,41,41,41,41,41,41,41,41,41,41,41,41],"relic_stats":{"Darkstone Periapt":0,"counters":[34,162],"CeramicFish":234,"Letter Opener":[464],"Whetstone":["Weave","Eruption"],"Orichalcum":[120],"War Paint":["Ghostly","Defend_P"],"TheAbacus":[6],"Ornamental Fan":[240],"Turnip":[11],"Art of War":[11],"obtain_stats":[{"Darkstone Periapt":25,"CeramicFish":11,"Vajra":9,"Letter Opener":8,"Whetstone":41,"Frozen Egg 2":6,"Orichalcum":23,"Bottled Tornado":44,"War Paint":53,"TheAbacus":53,"Ornamental Fan":24,"HolyWater":17,"WingedGreaves":0,"Turnip":21,"Art of War":26,"Bag of Marbles":29,"Coffee Dripper":34,"Bottled Lightning":42,"PureWater":0,"InkBottle":40,"Toy Ornithopter":53,"Pocketwatch":54},{"Darkstone Periapt":15,"CeramicFish":7,"Vajra":6,"Letter Opener":6,"Whetstone":26,"Frozen Egg 2":4,"Orichalcum":14,"Bottled Tornado":28,"War Paint":32,"TheAbacus":32,"Ornamental Fan":14,"HolyWater":11,"WingedGreaves":0,"Turnip":12,"Art of War":15,"Bag of Marbles":18,"Coffee Dripper":20,"Bottled Lightning":27,"PureWater":0,"InkBottle":25,"Toy Ornithopter":32,"Pocketwatch":33},{"Darkstone Periapt":64,"CeramicFish":30,"Vajra":27,"Letter Opener":27,"Whetstone":116,"Frozen Egg 2":13,"Orichalcum":59,"Bottled Tornado":125,"War Paint":149,"TheAbacus":149,"Ornamental Fan":59,"HolyWater":49,"WingedGreaves":0,"Turnip":51,"Art of War":64,"Bag of Marbles":76,"Coffee Dripper":89,"Bottled Lightning":122,"PureWater":0,"InkBottle":112,"Toy Ornithopter":149,"Pocketwatch":154}],"InkBottle":[31],"Toy Ornithopter":0,"Pocketwatch":[0]},"card_choices":[{"not_picked":["EmptyBody","JustLucky"],"picked":"PathToVictory","floor":1.0},{"not_picked":["SashWhip","CrushJoints"],"picked":"Halt","floor":2.0},{"not_picked":["BattleHymn","Prostrate"],"picked":"Weave","floor":5.0},{"not_picked":["Vengeance","SandsOfTime"],"picked":"Weave","floor":6.0},{"not_picked":["Crescendo","FlyingSleeves"],"picked":"BowlingBash","floor":7.0},{"not_picked":["Prostrate","Blasphemy"],"picked":"ThirdEye","floor":8.0},{"not_picked":["Consecrate","CrushJoints"],"picked":"FlurryOfBlows","floor":11.0},{"not_picked":["EmptyMind","Swivel"],"picked":"Tantrum","floor":12.0},{"not_picked":["CrushJoints","FlyingSleeves"],"picked":"WheelKick","floor":13.0},{"not_picked":["Evaluate","DeceiveReality","ClearTheMind"],"picked":"SKIP","floor":14.0},{"not_picked":["LessonLearned","Omniscience"],"picked":"Vault","floor":16.0},{"not_picked":["FlurryOfBlows+1","Consecrate"],"picked":"PathToVictory","floor":18.0},{"not_picked":["Nirvana+1","ThirdEye"],"picked":"FlurryOfBlows","floor":22.0},{"not_picked":["Evaluate","EmptyMind","Devotion+1"],"picked":"SKIP","floor":23.0},{"not_picked":["EmptyFist","WheelKick+1","BattleHymn+1"],"picked":"SKIP","floor":25.0},{"not_picked":["Protect","WheelKick+1"],"picked":"MentalFortress+1","floor":27.0},{"not_picked":["SignatureMove+1","SandsOfTime"],"picked":"CutThroughFate","floor":28.0},{"not_picked":["JustLucky+1","FlyingSleeves"],"picked":"Adaptation+1","floor":29.0},{"not_picked":["FollowUp+1","EmptyFist+1","Prostrate"],"picked":"SKIP","floor":31.0},{"not_picked":["Judgement","Establishment+1"],"picked":"Scrawl","floor":33.0},{"not_picked":["Protect","WheelKick","SashWhip"],"picked":"SKIP","floor":35.0},{"not_picked":["JustLucky","Weave+1"],"picked":"Wallop+1","floor":36.0},{"not_picked":["ForeignInfluence+1","Prostrate"],"picked":"Halt+1","floor":38.0},{"not_picked":["ForeignInfluence","Worship"],"picked":"LikeWater+1","floor":39.0},{"not_picked":["SignatureMove+1","Evaluate","Collect+1"],"picked":"SKIP","floor":40.0},{"not_picked":["Evaluate","CrushJoints+1"],"picked":"LikeWater+1","floor":41.0},{"not_picked":["WindmillStrike","InnerPeace+1"],"picked":"DevaForm+1","floor":42},{"not_picked":["Wallop+1","ClearTheMind"],"picked":"Weave","floor":44},{"not_picked":["BattleHymn+1","Prostrate+1","FollowUp"],"picked":"SKIP","floor":46},{"not_picked":["Crescendo","SignatureMove+1","JustLucky"],"picked":"SKIP","floor":47},{"not_picked":["Adaptation+1","ForeignInfluence+1"],"picked":"Wireheading+1","floor":48},{"not_picked":["Conclude+1","Halt+1"],"picked":"Evaluate+1","floor":54}],"player_experience":942926,"relics_obtained":[{"floor":6.0,"key":"Frozen Egg 2"},{"floor":8.0,"key":"Letter Opener"},{"floor":9.0,"key":"Vajra"},{"floor":11.0,"key":"CeramicFish"},{"floor":21.0,"key":"Turnip"},{"floor":23.0,"key":"Orichalcum"},{"floor":25.0,"key":"Darkstone Periapt"},{"floor":26.0,"key":"Art of War"},{"floor":29.0,"key":"Bag of Marbles"},{"floor":40.0,"key":"InkBottle"},{"floor":41.0,"key":"Whetstone"},{"floor":42,"key":"Bottled Lightning"},{"floor":44,"key":"Bottled Tornado"},{"floor":54,"key":"Pocketwatch"}],"event_choices":[{"damage_healed":0.0,"max_hp_gain":0.0,"max_hp_loss":0.0,"gold_gain":0.0,"event_name":"Living Wall","player_choice":"Grow","floor":3.0,"gold_loss":0.0,"damage_taken":0.0,"cards_upgraded":["PathToVictory"]},{"damage_healed":0.0,"max_hp_gain":0.0,"max_hp_loss":0.0,"gold_gain":0.0,"cards_transformed":["Strike_P"],"event_name":"Transmorgrifier","player_choice":"Transformed","floor":4.0,"gold_loss":0.0,"damage_taken":0.0,"cards_obtained":["EmptyMind"]},{"damage_healed":0.0,"max_hp_gain":0.0,"max_hp_loss":36.0,"gold_gain":0.0,"event_name":"Ghosts","player_choice":"Became a Ghost","floor":19.0,"gold_loss":0.0,"damage_taken":0.0,"cards_obtained":["Ghostly","Ghostly","Ghostly","Ghostly","Ghostly"]},{"cards_removed":["Strike_P"],"damage_healed":0.0,"max_hp_gain":0.0,"max_hp_loss":0.0,"gold_gain":0.0,"event_name":"Beggar","player_choice":"Gave Gold","floor":20.0,"gold_loss":75.0,"damage_taken":0.0},{"damage_healed":0.0,"max_hp_gain":0.0,"max_hp_loss":0.0,"gold_gain":0.0,"event_name":"Duplicator","player_choice":"Copied","floor":37.0,"gold_loss":0.0,"damage_taken":0.0,"cards_obtained":["Ghostly"]}],"is_beta":false,"boss_relics":[{"not_picked":["Busted Crown","Tiny House"],"picked":"HolyWater"},{"not_picked":["SlaversCollar","Fusion Hammer"],"picked":"Coffee Dripper"}],"items_purged_floors":[],"is_endless":false,"potions_floor_spawned":[5,8,12,14,23,25,27,29,31,39,40,41,42,47,48,54],"ascension_level":0}}