{"host":"Tuck","time":1608336236,"event":{"mods":["BaseMod","Minty Spire (QoL Compilation)","StSLib"],"gold_per_floor":[117,117,131,131,149,149,149,162,162,200,214,258,258,298,310,445,457,488,531,543,555,586,638,671,714,726,776,803,855,334,334,334,459,459,478,393,409,429,429,463,463,463,463,486,531,603,655,434,434,434,434,434,65,109,109],"floor_reached":56,"playtime":3789,"items_purged":["Strike_B+1","Strike_B+1"],"score":1745,"play_id":"7a7bbdea-6ff3-4788-89e8-04427871fa2b","local_time":"20201218170356","is_ascension_mode":true,"campfire_choices":[{"data":"Streamline","floor":6,"key":"SMITH"},{"data":"Streamline","floor":13,"key":"SMITH"},{"data":"Capacitor","floor":15,"key":"SMITH"},{"data":"Biased Cognition","floor":32,"key":"SMITH"},{"data":"Loop","floor":41,"key":"SMITH"},{"data":"Gash","floor":42,"key":"SMITH"},{"floor":49,"key":"RECALL"},{"data":"Echo Form","floor":52,"key":"SMITH"}],"circlet_count":0,"master_deck":["Defend_B+1","Defend_B+1","Defend_B+1","Defend_B+1","Dualcast+1","Gash+1","Cold Snap","Streamline+1","Sunder","Streamline+1","Gash+1","Leap+1","Capacitor+1","Biased Cognition+1","Loop+1","Hologram+1","Barrage+1","Reinforced Body+1","Turbo+1","Recycle+1","Coolheaded+1","Multi-Cast+1","Echo Form+1","Cold Snap+1","Gash+1","Recycle+1","Skim+1","Coolheaded+1","Gash+1","Multi-Cast+1","Steam Power+1","Flash of Steel+1","Recycle+1"],"relics":["Runic Pyramid","Golden Idol","Vajra","Matryoshka","MealTicket","MawBank","OrangePellets","Black Star","Red Mask","FaceOfCleric","Smiling Mask","Torii","Blood Vial","Lizard Tail","Toxic Egg 2","Orichalcum","Art of War","WingedGreaves","Blue Candle","StrikeDummy","Chemical X","HornCleat","Empty Cage","Shuriken","Kunai","Omamori","CeramicFish","Molten Egg 2","Lantern","Happy Flower","Du-Vu Doll","Regal Pillow","Potion Belt","Mummified Hand","Thread and Needle","Pear"],"acts_visited":["Exordium","TheCity","TheBeyond","TheEnding"],"potions_floor_usage":[46,55,55,55,55,55,55,55,55,55,55],"damage_taken":[{"damage":0,"enemies":"Small Slimes","floor":1,"turns":4},{"damage":2,"enemies":"2 Louse","floor":3,"turns":2},{"damage":6,"enemies":"Jaw Worm","floor":5,"turns":2},{"damage":5,"enemies":"Looter","floor":8,"turns":3},{"damage":0,"enemies":"Gremlin Nob","floor":10,"turns":2},{"damage":0,"enemies":"3 Louse","floor":11,"turns":2},{"damage":8,"enemies":"3 Sentries","floor":12,"turns":4},{"damage":12,"enemies":"Gremlin Nob","floor":14,"turns":3},{"damage":0,"enemies":"Slime Boss","floor":16,"turns":5},{"damage":5,"enemies":"2 Thieves","floor":18,"turns":3},{"damage":1,"enemies":"Masked Bandits","floor":19,"turns":3},{"damage":5,"enemies":"Shell Parasite","floor":22,"turns":5},{"damage":0,"enemies":"Slavers","floor":23,"turns":4},{"damage":2,"enemies":"Snake Plant","floor":24,"turns":3},{"damage":8,"enemies":"Book of Stabbing","floor":25,"turns":7},{"damage":0,"enemies":"Slavers","floor":27,"turns":4},{"damage":3,"enemies":"Centurion and Healer","floor":28,"turns":6},{"damage":1,"enemies":"Book of Stabbing","floor":29,"turns":5},{"damage":11,"enemies":"Collector","floor":33,"turns":10},{"damage":0,"enemies":"Orb Walker","floor":35,"turns":3},{"damage":1,"enemies":"3 Darklings","floor":37,"turns":4},{"damage":0,"enemies":"Sphere and 2 Shapes","floor":38,"turns":6},{"damage":0,"enemies":"Giant Head","floor":40,"turns":8},{"damage":0,"enemies":"4 Shapes","floor":44,"turns":9},{"damage":0,"enemies":"Nemesis","floor":45,"turns":9},{"damage":19,"enemies":"Mind Bloom Boss Battle","floor":46,"turns":8},{"damage":0,"enemies":"Giant Head","floor":47,"turns":7},{"damage":0,"enemies":"Awakened One","floor":50,"turns":10},{"damage":0,"enemies":"Shield and Spear","floor":54,"turns":6},{"damage":5,"enemies":"The Heart","floor":55,"turns":9}],"seed_played":"3761403441044298809","potions_obtained":[{"floor":5,"key":"SteroidPotion"},{"floor":8,"key":"Fire Potion"},{"floor":12,"key":"FocusPotion"},{"floor":22,"key":"PowerPotion"},{"floor":47,"key":"BlessingOfTheForge"}],"is_trial":false,"path_per_floor":["M","?","M","?","M","R","?","M","T","E","M","E","R","E","R","B",null,"M","?","?","?","M","E","M","E","T","E","M","E","$","?","R","B",null,"M","?","M","M","?","E","R","R","T","M","E","?","E","$","R","B",null,"R","$","E","B",null],"character_chosen":"DEFECT","items_purchased":["Chemical X","HornCleat","Multi-Cast+1","Flash of Steel+1","SkillPotion","SpeedPotion","Mummified Hand","Recycle+1","EntropicBrew"],"campfire_rested":0,"item_purchase_floors":[30,30,30,48,48,48,53,53,53],"current_hp_per_floor":[75,60,58,63,57,57,37,32,32,32,32,24,24,12,12,12,80,75,74,74,74,70,71,70,63,63,66,66,68,83,66,66,58,93,94,94,94,96,96,97,97,97,97,98,99,81,84,99,99,102,102,102,102,113,109],"gold":109,"neow_bonus":"BOSS_RELIC","is_daily":false,"chose_seed":false,"campfire_upgraded":7,"win_rate":0.0,"timestamp":1608336236,"path_taken":["M","?","M","?","M","R","?","?","T","E","M","E","R","E","R","BOSS","M","?","?","?","M","E","M","E","T","E","?","E","$","?","R","BOSS","M","?","M","?","?","E","R","R","T","M","E","?","E","?","R","BOSS","R","$","E","BOSS"],"items_purchased_type":["Relic","Relic","Card","Card","Potion","Potion","Relic","Card","Potion"],"build_version":"2020-12-17","purchased_purges":2,"victory":true,"max_hp_per_floor":[75,75,75,80,80,80,80,80,80,80,80,80,80,80,80,80,80,80,80,80,80,81,82,83,84,84,85,86,87,87,92,92,93,93,94,94,95,96,96,97,97,97,97,98,99,100,101,101,101,102,102,102,102,113,114],"card_choices":[{"not_picked":["Go for the Eyes","Force Field"],"picked":"Gash","floor":1},{"not_picked":["Ball Lightning","Consume"],"picked":"Cold Snap","floor":3},{"not_picked":["Compile Driver","Reinforced Body"],"picked":"Streamline","floor":5},{"not_picked":["Blizzard","Stack"],"picked":"Sunder","floor":8},{"not_picked":["Steam Power","Turbo"],"picked":"Streamline","floor":10},{"not_picked":["Hyperbeam","Cold Snap"],"picked":"Gash","floor":11},{"not_picked":["Sweeping Beam","Storm"],"picked":"Leap","floor":12},{"not_picked":["Conserve Battery","Hologram"],"picked":"Capacitor","floor":14},{"not_picked":["Buffer","Rainbow"],"picked":"Biased Cognition","floor":16},{"not_picked":["Chaos","Hologram+1"],"picked":"Loop","floor":18},{"not_picked":["Steam","Rebound"],"picked":"Hologram","floor":19},{"not_picked":["Hologram","Leap"],"picked":"Barrage","floor":22},{"not_picked":["Redo+1","Stack","Sweeping Beam"],"picked":"SKIP","floor":23},{"not_picked":["Barrage","Hello World+1"],"picked":"Reinforced Body","floor":24},{"not_picked":["Beam Cell+1","Storm","Thunder Strike"],"picked":"SKIP","floor":25},{"not_picked":["Sunder","Hologram+1"],"picked":"Turbo+1","floor":27},{"not_picked":["Steam+1","Barrage","Sweeping Beam"],"picked":"SKIP","floor":28},{"not_picked":["Conserve Battery+1","Go for the Eyes"],"picked":"Coolheaded+1","floor":29},{"not_picked":["Reboot+1","All For One"],"picked":"Echo Form","floor":33},{"not_picked":["Beam Cell","Rebound+1","Barrage+1"],"picked":"SKIP","floor":35},{"not_picked":["Steam Power+1","Stack+1"],"picked":"Cold Snap+1","floor":37},{"not_picked":["Stack+1","Doom and Gloom+1"],"picked":"Gash+1","floor":38},{"not_picked":["Stack+1","Leap+1"],"picked":"Recycle+1","floor":40},{"not_picked":["Steam+1","Consume+1"],"picked":"Coolheaded+1","floor":44},{"not_picked":["Sunder+1","Compile Driver+1"],"picked":"Gash+1","floor":45},{"not_picked":["Redo+1","Genetic Algorithm+1"],"picked":"Multi-Cast+1","floor":46},{"not_picked":["Barrage+1","Conserve Battery+1"],"picked":"Steam Power+1","floor":47},{"not_picked":["Multi-Cast+1","Turbo+1","Compile Driver+1"],"picked":"SKIP","floor":54}],"player_experience":2208328,"relics_obtained":[{"floor":9,"key":"Vajra"},{"floor":10,"key":"Matryoshka"},{"floor":12,"key":"MealTicket"},{"floor":14,"key":"MawBank"},{"floor":19,"key":"Red Mask"},{"floor":23,"key":"Smiling Mask"},{"floor":23,"key":"Torii"},{"floor":25,"key":"Blood Vial"},{"floor":25,"key":"Lizard Tail"},{"floor":26,"key":"Toxic Egg 2"},{"floor":27,"key":"Orichalcum"},{"floor":27,"key":"Art of War"},{"floor":29,"key":"Blue Candle"},{"floor":29,"key":"StrikeDummy"},{"floor":40,"key":"Omamori"},{"floor":43,"key":"CeramicFish"},{"floor":43,"key":"Molten Egg 2"},{"floor":45,"key":"Lantern"},{"floor":45,"key":"Happy Flower"},{"floor":46,"key":"Du-Vu Doll"},{"floor":47,"key":"Regal Pillow"},{"floor":47,"key":"Potion Belt"},{"floor":54,"key":"Thread and Needle"},{"floor":54,"key":"Pear"}],"event_choices":[{"damage_healed":0,"gold_gain":0,"player_choice":"Entered Light","damage_taken":15,"max_hp_gain":0,"max_hp_loss":0,"event_name":"Shining Light","floor":2,"gold_loss":0,"cards_upgraded":["Zap","Dualcast"]},{"damage_healed":0,"gold_gain":0,"player_choice":"Donut","damage_taken":0,"max_hp_gain":5,"max_hp_loss":0,"event_name":"Big Fish","floor":4,"gold_loss":0},{"damage_healed":0,"gold_gain":0,"player_choice":"Take Damage","damage_taken":20,"relics_obtained":["Golden Idol"],"max_hp_gain":0,"max_hp_loss":0,"event_name":"Golden Idol","floor":7,"gold_loss":0},{"damage_healed":0,"gold_gain":0,"player_choice":"Fought Bandits","damage_taken":0,"max_hp_gain":0,"max_hp_loss":0,"event_name":"Masked Bandits","floor":19,"gold_loss":0},{"damage_healed":0,"gold_gain":0,"player_choice":"Simplicity","damage_taken":0,"max_hp_gain":0,"max_hp_loss":0,"event_name":"Back to Basics","floor":20,"gold_loss":0,"cards_upgraded":["Strike_B","Strike_B","Strike_B","Strike_B","Defend_B","Defend_B","Defend_B","Defend_B"]},{"damage_healed":0,"gold_gain":0,"player_choice":"Trade","damage_taken":0,"relics_obtained":["FaceOfCleric"],"max_hp_gain":0,"max_hp_loss":0,"event_name":"FaceTrader","floor":21,"gold_loss":0},{"damage_healed":0,"gold_gain":0,"player_choice":"Shed Blood","damage_taken":22,"max_hp_gain":5,"max_hp_loss":0,"event_name":"Forgotten Altar","floor":31,"gold_loss":0},{"damage_healed":0,"gold_gain":0,"player_choice":"Paid Gold","damage_taken":0,"relics_obtained":["WingedGreaves"],"max_hp_gain":0,"max_hp_loss":0,"event_name":"WeMeetAgain","floor":36,"gold_loss":85},{"cards_removed":["Zap"],"damage_healed":0,"gold_gain":0,"player_choice":"Removed Skill","damage_taken":0,"max_hp_gain":0,"max_hp_loss":0,"event_name":"Falling","floor":39,"gold_loss":0},{"damage_healed":0,"gold_gain":0,"player_choice":"Fight","damage_taken":0,"max_hp_gain":0,"max_hp_loss":0,"event_name":"MindBloom","floor":46,"gold_loss":0}],"is_beta":true,"boss_relics":[{"not_picked":["Snecko Eye","Runic Dome"],"picked":"Black Star"},{"not_picked":["SacredBark","Cursed Key"],"picked":"Empty Cage"}],"items_purged_floors":[30,48],"is_endless":false,"potions_floor_spawned":[5,8,12,22,23,27,33,38,45,47],"ascension_level":1}}