{"host":"wkcoec525dnrk4jw","time":1608343267,"event":{"mods":["BaseMod","Minty Spire (QoL Compilation)","Quick Restart","Replay The Spire","Shop Mod","StSLib","TestMod","The Bug Knight","The Cursed","[IsaacMod]ÒÔÈö¼âËþ"],"gold_per_floor":[112,125,4,23,34,67,67,98,121,71,91,109,109,121,121,216,216,231,261,361,276,286,286,315,315,315,344,360,12,28,41,41,140,140,151,169,169,186,5,5,20,46,46,46,73,73,104,114,114,114],"floor_reached":51,"playtime":2226,"items_purged":["Strike_R","Strike_R"],"score":1133,"play_id":"c46f5bd8-f5b1-49e9-8eb6-6a518cf51b15","local_time":"20201219100107","is_ascension_mode":true,"campfire_choices":[{"data":"EpicFetus","floor":7,"key":"SMITH"},{"data":"Immolate","floor":13,"key":"SMITH"},{"floor":15,"key":"REST"},{"data":"Combust","floor":23,"key":"SMITH"},{"data":"Flame Barrier","floor":25,"key":"SMITH"},{"data":"Feed","floor":32,"key":"SMITH"},{"floor":40,"key":"REST"},{"data":"Mayhem","floor":44,"key":"SMITH"},{"floor":46,"key":"REST"},{"data":"Bludgeon","floor":49,"key":"SMITH"}],"circlet_count":0,"master_deck":["Strike_R","Strike_R","Defend_R","Defend_R","Defend_R","Defend_R","Bash","EpicFetus+1","Pommel Strike","Inflame","Wild Strike","Cleave","Heavy Blade","Clothesline","Immolate+1","Inflame","Thunderclap","Twin Strike","Feed+1","ReplayTheSpireMod:Stacked","Flex","Shrug It Off","Entrench+1","Combust+1","Flame Barrier+1","Body Slam","Rupture","Flex+1","Feel No Pain","Immolate","Infernal Blade","Havoc+1","ReplayTheSpireMod:Trickstab","Mayhem+1","The Bomb","Twin Strike+1","Power Through","Dark Embrace+1","Hemokinesis","Bludgeon+1","Havoc+1","Run Through+1"],"relics":["Burning Blood","HushsDoor","testmod-TestBox","GuppysHead","testmod-SaigiyounoYou","Leech","testmod-AssaultLearning","PreservedInsect","Runic Pyramid","MyShadow","Boot","HollowMod:LifeEnderRelic","BookofShadows","Ice Cream","Bottled Tornado","Ooze Armor","SteamSale","Blue Doll","Pantograph","StoneCalendar","Letter Opener"],"acts_visited":["Exordium","TheCity","TheBeyond"],"potions_floor_usage":[19,50,50],"damage_taken":[{"damage":6,"enemies":"Cultist","floor":1,"turns":3},{"damage":10,"enemies":"Small Slimes","floor":2,"turns":2},{"damage":12,"enemies":"Jaw Worm","floor":4,"turns":2},{"damage":18,"enemies":"Lots of Slimes","floor":5,"turns":2},{"damage":16,"enemies":"Gremlin Nob","floor":6,"turns":3},{"damage":35,"enemies":"Lagavulin","floor":8,"turns":4},{"damage":0,"enemies":"2 Fungi Beasts","floor":11,"turns":1},{"damage":10,"enemies":"Red Slaver","floor":12,"turns":2},{"damage":11,"enemies":"Looter","floor":14,"turns":2},{"damage":0,"enemies":"Slime Boss","floor":16,"turns":4},{"damage":11,"enemies":"Spheric Guardian","floor":18,"turns":3},{"damage":4,"enemies":"3 Byrds","floor":22,"turns":2},{"damage":0,"enemies":"Slavers","floor":24,"turns":1},{"damage":6,"enemies":"Replay:Snechameleon","floor":27,"turns":4},{"damage":0,"enemies":"Snake Plant","floor":28,"turns":3},{"damage":13,"enemies":"Centurion and Healer","floor":30,"turns":3},{"damage":9,"enemies":"3 Cultists","floor":31,"turns":3},{"damage":39,"enemies":"Automaton","floor":33,"turns":8},{"damage":9,"enemies":"Orb Walker","floor":35,"turns":3},{"damage":21,"enemies":"3 Darklings","floor":36,"turns":3},{"damage":23,"enemies":"Sphere and 2 Shapes","floor":38,"turns":3},{"damage":5,"enemies":"Maw","floor":41,"turns":4},{"damage":19,"enemies":"Giant Head","floor":42,"turns":6},{"damage":34,"enemies":"Reptomancer","floor":45,"turns":3},{"damage":18,"enemies":"Giant Head","floor":47,"turns":5},{"damage":1,"enemies":"3 Darklings","floor":48,"turns":2},{"damage":19,"enemies":"Donu and Deca","floor":50,"turns":5}],"seed_played":"6048570401222080222","potions_obtained":[{"floor":1,"key":"Elixir"},{"floor":5,"key":"BloodPotion"},{"floor":12,"key":"BlessingOfTheForge"},{"floor":16,"key":"AttackPotion"},{"floor":19,"key":"FairyPotion"},{"floor":36,"key":"LiquidMemories"}],"is_trial":false,"path_per_floor":["M","M","$","M","M","E","R","E","T","?","M","M","R","M","R","B",null,"M","?","?","?","M","R","E","R","T","E","M","$","M","M","R","B",null,"M","M","?","M","$","R","M","E","T","R","E","R","E","M","R","B",null],"character_chosen":"IRONCLAD","items_purchased":["Wild Strike","MyShadow","ReplayTheSpireMod:Stacked","Bottled Tornado","SteamSale","Power Through"],"campfire_rested":3,"item_purchase_floors":[3,17,17,29,39,39],"current_hp_per_floor":[86,87,87,84,81,77,77,56,56,56,66,66,66,66,88,88,74,73,58,58,58,70,70,77,77,77,80,80,80,77,80,80,55,74,79,71,61,55,55,81,88,86,86,86,70,92,92,92,92,92],"gold":114,"neow_bonus":"TEN_PERCENT_HP_BONUS","is_daily":false,"chose_seed":false,"campfire_upgraded":7,"win_rate":0.0,"timestamp":1608343267,"path_taken":["M","M","?","M","M","E","R","E","T","?","M","M","R","?","R","BOSS","M","?","?","?","M","R","E","R","T","E","M","$","M","M","R","BOSS","M","?","?","M","$","R","M","E","T","R","E","R","E","M","R","BOSS"],"items_purchased_type":["Card","Relic","Card","Relic","Relic","Card"],"build_version":"2020-12-13","purchased_purges":2,"victory":true,"max_hp_per_floor":[88,88,88,88,88,88,88,88,88,88,88,88,88,88,88,88,74,77,77,77,77,77,77,77,77,77,80,80,80,80,80,80,80,80,84,84,84,88,88,88,88,92,92,92,92,92,92,92,92,92],"card_choices":[{"not_picked":[],"picked":"EpicFetus","floor":0},{"not_picked":["Perfected Strike","Clothesline"],"picked":"Pommel Strike","floor":1},{"not_picked":["ReplayTheSpireMod:Strike From Hell","Twin Strike"],"picked":"Inflame","floor":2},{"not_picked":["Thunderclap","Disarm"],"picked":"Cleave","floor":4},{"not_picked":["Disarm","Clash"],"picked":"Heavy Blade","floor":5},{"not_picked":["Clash","Burning Pact"],"picked":"Clothesline","floor":6},{"not_picked":["Iron Wave","Sever Soul"],"picked":"Immolate","floor":8},{"not_picked":["Cleave","Shrug It Off"],"picked":"Inflame","floor":11},{"not_picked":["Body Slam","Shrug It Off"],"picked":"Thunderclap","floor":12},{"not_picked":["Armaments","Dual Wield"],"picked":"Twin Strike","floor":14},{"not_picked":["Berserk","Demonic Infusion"],"picked":"Feed","floor":16},{"not_picked":["Run Through","Iron Wave+1"],"picked":"Flex","floor":18},{"not_picked":["Disarm+1","Iron Wave"],"picked":"Shrug It Off","floor":19},{"not_picked":["Clothesline","ReplayTheSpireMod:Corrosion Curse"],"picked":"Entrench+1","floor":20},{"not_picked":["Clothesline","Heavy Blade"],"picked":"Combust","floor":22},{"not_picked":["ReplayTheSpireMod:LeadingStrike","Berserk"],"picked":"Flame Barrier","floor":24},{"not_picked":["Battle Trance","Headbutt"],"picked":"Body Slam","floor":27},{"not_picked":["Body Slam","Iron Wave+1"],"picked":"Rupture","floor":28},{"not_picked":["Twin Strike","Body Slam"],"picked":"Flex+1","floor":30},{"not_picked":["Thunderclap","Defy Death"],"picked":"Feel No Pain","floor":31},{"not_picked":["Berserk","Offering"],"picked":"Immolate","floor":33},{"not_picked":["Metallicize","Dual Wield"],"picked":"Infernal Blade","floor":35},{"not_picked":["Cleave","ReplayTheSpireMod:Strike From Hell"],"picked":"Havoc+1","floor":36},{"not_picked":["testmod-PocketStoneCalender","testmod-LimitFlipper"],"picked":"ReplayTheSpireMod:Trickstab","floor":37},{"not_picked":["testmod-TemporaryDeletion","testmod-DeathImprint"],"picked":"Mayhem","floor":37},{"not_picked":["Replay:Sssssssssstrike","Bomb"],"picked":"The Bomb","floor":37},{"not_picked":["Cleave","Body Slam+1"],"picked":"Twin Strike+1","floor":38},{"not_picked":["ReplayTheSpireMod:Strike From Hell","Headbutt"],"picked":"Dark Embrace+1","floor":41},{"not_picked":["Headbutt","Flame Barrier"],"picked":"Hemokinesis","floor":42},{"not_picked":["Headbutt+1","Uppercut+1"],"picked":"Bludgeon","floor":45},{"not_picked":["Feed","Sword Boomerang"],"picked":"Havoc+1","floor":47},{"not_picked":["Heavy Blade","Sentinel+1"],"picked":"Run Through+1","floor":48}],"player_experience":120347,"relics_obtained":[{"floor":6,"key":"Leech"},{"floor":8,"key":"testmod-AssaultLearning"},{"floor":9,"key":"PreservedInsect"},{"floor":24,"key":"HollowMod:LifeEnderRelic"},{"floor":26,"key":"BookofShadows"},{"floor":27,"key":"Ice Cream"},{"floor":42,"key":"Blue Doll"},{"floor":43,"key":"Pantograph"},{"floor":45,"key":"StoneCalendar"},{"floor":47,"key":"Letter Opener"}],"event_choices":[{"cards_removed":["Strike_R"],"damage_healed":0,"gold_gain":0,"player_choice":"Card Removal","damage_taken":0,"max_hp_gain":0,"max_hp_loss":0,"event_name":"The Cleric","floor":10,"gold_loss":50},{"damage_healed":0,"gold_gain":0,"player_choice":"Obtained Relic","damage_taken":0,"relics_obtained":["Boot"],"max_hp_gain":0,"max_hp_loss":0,"event_name":"Addict","floor":21,"gold_loss":85},{"damage_healed":0,"gold_gain":0,"player_choice":"Memory 3","damage_taken":10,"max_hp_gain":0,"max_hp_loss":0,"event_name":"SensoryStone","floor":37,"gold_loss":0}],"is_beta":false,"boss_relics":[{"not_picked":["testmod-BloodSacrificeSpiritualization","ReplayTheSpireMod:DimensionalGlitch"],"picked":"Runic Pyramid"},{"not_picked":[]},{"not_picked":["SacredBark","Replay:Drink Me"],"picked":"Ooze Armor"},{"not_picked":[]}],"items_purged_floors":[3,29],"is_endless":false,"potions_floor_spawned":[1,5,12,16,24,27,30,36,38,42,45,48],"ascension_level":6}}