{"host":"zftkeu5v9gqs3wr3","time":1608381354,"event":{"mods":["Act Like it!","Bard","BaseMod","CapriCore","Curses Come First","Elementarium","Gensokyo","Hermit","Hero for Fun","Jorbs\u0027s Wanderer Trilogy","Mad Scientist","Minty Spire (QoL Compilation)","Potionbrewer","Rare Cards Sparkle","Shade Mod","StSLib","The Cursed","The Immortal","The Runesmith","TheSwordswoman"],"gold_per_floor":[20,34,34,34,106,131,141,316,316,316,332,391,421,440,440,541,591,606,617,636,656,675,707,707,720,720,733,751,751,765,765,765,868,868,868,868,868,887,898,915,933,946,946,961,961,971,987,1014,1014,1014],"floor_reached":51,"playtime":2303,"items_purged":[],"score":1196,"play_id":"c14fd0bf-e8f9-43f4-98ec-807acdb39161","local_time":"20201219123554","is_ascension_mode":false,"campfire_choices":[{"data":"Normal_Punch","floor":10,"key":"SMITH"},{"data":"Toss_Stone","floor":15,"key":"SMITH"},{"data":"Terrifying_Presence","floor":29,"key":"SMITH"},{"data":"Consecutive_Normal_Punch","floor":32,"key":"SMITH"},{"data":"Toss_Stone","floor":49,"key":"SMITH"}],"circlet_count":0,"master_deck":["Strike_Y+1","Strike_Y+1","Strike_Y+1","Strike_Y+1","Strike_Y+1","Defend_Y+1","Defend_Y+1","Defend_Y+1","Defend_Y+1","Defend_Y+1","Normal_Punch+1","Consecutive_Normal_Punch+1","Side_Hop+1","Do_Nothing+1","Doubt","Toss_Stone+1","Oh+1","Toss_Stone+1","Terrifying_Presence+1","Wear_Disguise+1","Yawn+1","Slap+1","Toss_Stone+1","Slap+1","Ignore+1","Hip_Strike+1","Hop+1","Consecutive_Normal_Punch+1","Slap+1","Hop+1","Ghostly+1","Ghostly+1","Ghostly+1","Ghostly+1","Ghostly+1","Get_Hopes_Up+1","Wear_Disguise+1","Decay","Hop","Slap+1","Ignore+1","Side_Hop","Toss_Stone+1","Consecutive_Normal_Punch+1","Side_Hop+1","Slap","Hop+1","Slap+1"],"relics":["Cape","Pear","Meat on the Bone","MealTicket","Runesmith:AutoHammer","Tiny House","Anchor","Mercury Hourglass","Coffee Dripper","Mark of the Bloom","Darkstone Periapt","Pantograph"],"acts_visited":["Exordium","TheCity","TheBeyond"],"potions_floor_usage":[38],"damage_taken":[{"damage":0,"enemies":"Jaw Worm","floor":1,"turns":1},{"damage":0,"enemies":"Cultist","floor":2,"turns":1},{"damage":0,"enemies":"Gremlin Nob","floor":6,"turns":1},{"damage":0,"enemies":"Small Slimes","floor":7,"turns":1},{"damage":0,"enemies":"Blue Slaver","floor":11,"turns":1},{"damage":0,"enemies":"Lagavulin","floor":13,"turns":1},{"damage":0,"enemies":"3 Louse","floor":14,"turns":1},{"damage":0,"enemies":"The Guardian","floor":16,"turns":1},{"damage":0,"enemies":"2 Thieves","floor":18,"turns":1},{"damage":0,"enemies":"Spheric Guardian","floor":19,"turns":1},{"damage":0,"enemies":"Cultist and Chosen","floor":20,"turns":3},{"damage":0,"enemies":"Snake Plant","floor":21,"turns":1},{"damage":0,"enemies":"Shelled Parasite and Fungi","floor":22,"turns":1},{"damage":0,"enemies":"Book of Stabbing","floor":23,"turns":1},{"damage":0,"enemies":"Sentry and Sphere","floor":25,"turns":1},{"damage":0,"enemies":"Chosen and Byrds","floor":27,"turns":2},{"damage":0,"enemies":"Snecko","floor":28,"turns":1},{"damage":0,"enemies":"3 Cultists","floor":30,"turns":1},{"damage":0,"enemies":"Champ","floor":33,"turns":1},{"damage":0,"enemies":"Orb Walker","floor":35,"turns":1},{"damage":0,"enemies":"3 Darklings","floor":38,"turns":2},{"damage":0,"enemies":"Transient","floor":39,"turns":1},{"damage":0,"enemies":"Sphere and 2 Shapes","floor":40,"turns":2},{"damage":0,"enemies":"4 Shapes","floor":41,"turns":2},{"damage":0,"enemies":"Jaw Worm Horde","floor":42,"turns":2},{"damage":0,"enemies":"Transient","floor":44,"turns":1},{"damage":0,"enemies":"Writhing Mass","floor":46,"turns":1},{"damage":0,"enemies":"Maw","floor":47,"turns":1},{"damage":0,"enemies":"Reptomancer","floor":48,"turns":1},{"damage":0,"enemies":"Time Eater","floor":50,"turns":1}],"seed_played":"-548471849096190042","potions_obtained":[{"floor":1,"key":"potionbrewer:BarricadePotion"},{"floor":2,"key":"potionbrewer:SplittingPotion"},{"floor":13,"key":"DistilledChaos"},{"floor":39,"key":"potionbrewer:BoundlessPotion"}],"is_trial":false,"path_per_floor":["M","M","?","$","T","E","M","?","T","R","M","?","E","M","R","B",null,"M","M","M","M","M","E","?","M","T","M","M","R","M","?","R","B",null,"M","?","?","M","M","M","M","M","T","M","?","M","M","E","R","B",null],"character_chosen":"OPM","items_purchased":[],"campfire_rested":0,"item_purchase_floors":[],"current_hp_per_floor":[1098,1098,1098,1098,1108,1108,1108,1108,1108,1108,1108,1108,1108,1108,1108,1108,1113,1113,1113,1113,1113,1113,1113,1113,1113,1113,1113,1113,1113,1113,556,556,556,556,556,556,556,556,556,556,556,556,556,556,556,556,556,556,556,556],"gold":1014,"neow_bonus":"TEN_PERCENT_HP_BONUS","is_daily":false,"chose_seed":false,"campfire_upgraded":5,"win_rate":0.0,"timestamp":1608381354,"path_taken":["M","M","?","?","?","E","?","?","T","R","M","?","E","M","R","BOSS","M","M","M","M","M","E","?","M","T","M","M","R","M","?","R","BOSS","M","?","?","M","M","?","M","M","T","M","?","?","M","E","R","BOSS"],"items_purchased_type":[],"build_version":"2020-12-13","purchased_purges":0,"victory":true,"max_hp_per_floor":[1098,1098,1098,1098,1108,1108,1108,1108,1108,1108,1108,1108,1108,1108,1108,1108,1113,1113,1113,1113,1113,1113,1113,1113,1113,1113,1113,1113,1113,1113,556,556,556,556,556,556,556,556,556,556,556,556,556,556,556,556,556,556,556,556],"card_choices":[{"not_picked":["Yawn","Wear_Disguise"],"picked":"Normal_Punch","floor":1},{"not_picked":["Ignore","Side_Hop"],"picked":"Consecutive_Normal_Punch","floor":2},{"not_picked":["Normal_Punch","Consecutive_Normal_Punch"],"picked":"Side_Hop","floor":6},{"not_picked":["Ignore","Slap"],"picked":"Do_Nothing","floor":7},{"not_picked":["Wear_Disguise","Side_Hop"],"picked":"Toss_Stone","floor":11},{"not_picked":["Ignore","Hop"],"picked":"Oh","floor":13},{"not_picked":["Wear_Disguise","Side_Hop"],"picked":"Toss_Stone","floor":14},{"not_picked":["Oh","Serious_Side_Hops"],"picked":"Terrifying_Presence","floor":16},{"not_picked":["Do_Nothing","Side_Hop"],"picked":"Wear_Disguise","floor":17},{"not_picked":["Wear_Disguise","Normal_Punch"],"picked":"Yawn+1","floor":18},{"not_picked":["Ignore","Yawn"],"picked":"Slap+1","floor":19},{"not_picked":["Normal_Punch","Ignore"],"picked":"Toss_Stone+1","floor":20},{"not_picked":["Normal_Punch","Consecutive_Normal_Punch"],"picked":"Slap+1","floor":21},{"not_picked":["Normal_Punch","Oh"],"picked":"Ignore+1","floor":22},{"not_picked":["Normal_Punch","Yawn"],"picked":"Hip_Strike","floor":23},{"not_picked":["Do_Nothing+1","Wear_Disguise"],"picked":"Hop","floor":25},{"not_picked":["Do_Nothing","Normal_Punch"],"picked":"Consecutive_Normal_Punch","floor":27},{"not_picked":["Side_Hop","Yawn"],"picked":"Slap","floor":28},{"not_picked":["Do_Nothing+1","Ignore"],"picked":"Hop","floor":30},{"not_picked":["Hip_Strike","Terrifying_Presence"],"picked":"Get_Hopes_Up","floor":33},{"not_picked":["Slap+1","Consecutive_Normal_Punch"],"picked":"Wear_Disguise+1","floor":35},{"not_picked":["Wear_Disguise","Hop+1"],"picked":"Slap+1","floor":38},{"not_picked":["Yawn+1","Hop+1"],"picked":"Ignore+1","floor":39},{"not_picked":["Wear_Disguise","Do_Nothing"],"picked":"Side_Hop","floor":40},{"not_picked":["Yawn","Side_Hop"],"picked":"Toss_Stone","floor":41},{"not_picked":["Normal_Punch","Do_Nothing"],"picked":"Consecutive_Normal_Punch+1","floor":42},{"not_picked":["Yawn+1","Ignore"],"picked":"Side_Hop+1","floor":44},{"not_picked":["Toss_Stone+1","Do_Nothing+1"],"picked":"Slap","floor":46},{"not_picked":["Side_Hop","Do_Nothing+1"],"picked":"Hop+1","floor":47},{"not_picked":["Ignore+1","Yawn"],"picked":"Slap+1","floor":48}],"player_experience":97886,"relics_obtained":[{"floor":5,"key":"Pear"},{"floor":6,"key":"Meat on the Bone"},{"floor":9,"key":"MealTicket"},{"floor":13,"key":"Runesmith:AutoHammer"},{"floor":23,"key":"Anchor"},{"floor":26,"key":"Mercury Hourglass"},{"floor":43,"key":"Darkstone Periapt"},{"floor":48,"key":"Pantograph"}],"event_choices":[{"damage_healed":0,"gold_gain":0,"player_choice":"Upgraded","damage_taken":0,"max_hp_gain":0,"max_hp_loss":0,"event_name":"Upgrade Shrine","floor":3,"gold_loss":0,"cards_upgraded":["Consecutive_Normal_Punch"]},{"damage_healed":0,"gold_gain":175,"player_choice":"AGREE","damage_taken":0,"max_hp_gain":0,"max_hp_loss":0,"event_name":"Liars Game","floor":8,"gold_loss":0,"cards_obtained":["Doubt"]},{"damage_healed":0,"gold_gain":59,"player_choice":"Gained Gold","damage_taken":0,"max_hp_gain":0,"max_hp_loss":0,"event_name":"Golden Wing","floor":12,"gold_loss":0},{"damage_healed":0,"gold_gain":0,"player_choice":"Stopped","damage_taken":9,"max_hp_gain":0,"max_hp_loss":0,"event_name":"Cursed Tome","floor":24,"gold_loss":0},{"damage_healed":0,"gold_gain":0,"player_choice":"Became a Ghost","damage_taken":0,"max_hp_gain":0,"max_hp_loss":557,"event_name":"Ghosts","floor":31,"gold_loss":0,"cards_obtained":["Ghostly","Ghostly","Ghostly","Ghostly","Ghostly"]},{"damage_healed":0,"gold_gain":0,"player_choice":"Upgrade","damage_taken":0,"relics_obtained":["Mark of the Bloom"],"max_hp_gain":0,"max_hp_loss":0,"event_name":"MindBloom","floor":36,"gold_loss":0,"cards_upgraded":["Strike_Y","Strike_Y","Strike_Y","Strike_Y","Defend_Y","Defend_Y","Defend_Y","Defend_Y","Defend_Y","Side_Hop","Do_Nothing","Toss_Stone","Oh","Wear_Disguise","Hip_Strike","Hop","Slap","Hop","Ghostly","Ghostly","Ghostly","Ghostly","Ghostly","Get_Hopes_Up"]},{"damage_healed":0,"gold_gain":0,"player_choice":"2 cards matched","damage_taken":0,"max_hp_gain":0,"max_hp_loss":0,"event_name":"Match and Keep!","floor":37,"gold_loss":0,"cards_obtained":["Decay","Hop"]},{"damage_healed":0,"gold_gain":0,"player_choice":"Ignored","damage_taken":0,"max_hp_gain":0,"max_hp_loss":0,"event_name":"NoteForYourself","floor":45,"gold_loss":0}],"is_beta":false,"boss_relics":[{"not_picked":["SlaversCollar","SacredBark"],"picked":"Tiny House"},{"not_picked":["Snecko Eye","Busted Crown"],"picked":"Coffee Dripper"}],"items_purged_floors":[],"is_endless":false,"potions_floor_spawned":[1,2,13,16,20,21,22,25,33,39,40,44,46,48],"ascension_level":0}}