{"host":"usewcu4ohw2wtmxk","time":1608356533,"event":{"mods":["AchievementEnabler","BaseMod","Colored Powertips","Minty Spire (QoL Compilation)","Permanent Neow","Quick Restart","Relic Stats","StSLib"],"gold_per_floor":[112,387,407,407,161,194,208,222,222,238,256,256,270,281,281,353,353,370,285,310,329,347,347,347,347,395,427,442,442,442],"floor_reached":29,"playtime":677,"items_purged":["Strike_R"],"score":547,"play_id":"a77a9399-212a-434d-aff5-502e6dbf5fbd","local_time":"20201219134213","is_ascension_mode":true,"campfire_choices":[{"data":"Armaments","floor":12.0,"key":"SMITH"},{"data":"Pommel Strike","floor":15.0,"key":"SMITH"},{"data":"Brilliance","floor":23,"key":"SMITH"},{"floor":25,"key":"RECALL"}],"circlet_count":0,"master_deck":["AscendersBane","Strike_R","Strike_R","Strike_R","Strike_R","Defend_R","Defend_R","Defend_R","Defend_R","Bash","Hemokinesis","Calculated Gamble","Armaments+1","Pommel Strike+1","Brilliance+1","Chill","Infinite Blades","BattleHymn"],"relics":["Burning Blood","NeowsBlessing","Spirit Poop","PrismaticShard","Kunai","StrikeDummy","Coffee Dripper","Letter Opener","Red Mask","Potion Belt","Nunchaku"],"acts_visited":["Exordium","TheCity"],"potions_floor_usage":[22,27],"damage_taken":[{"damage":0.0,"enemies":"2 Louse","floor":1.0,"turns":1.0},{"damage":0.0,"enemies":"Cultist","floor":3.0,"turns":1.0},{"damage":0.0,"enemies":"Gremlin Nob","floor":6.0,"turns":1.0},{"damage":8.0,"enemies":"Jaw Worm","floor":7.0,"turns":4.0},{"damage":14.0,"enemies":"Large Slime","floor":8.0,"turns":4.0},{"damage":1.0,"enemies":"2 Fungi Beasts","floor":10.0,"turns":3.0},{"damage":8.0,"enemies":"Exordium Wildlife","floor":11.0,"turns":4.0},{"damage":4.0,"enemies":"Large Slime","floor":13.0,"turns":5.0},{"damage":10.0,"enemies":"Blue Slaver","floor":14.0,"turns":3.0},{"damage":39.0,"enemies":"Slime Boss","floor":16.0,"turns":8.0},{"damage":2.0,"enemies":"Chosen","floor":18.0,"turns":3.0},{"damage":25.0,"enemies":"Masked Bandits","floor":20.0,"turns":5.0},{"damage":15.0,"enemies":"2 Thieves","floor":21.0,"turns":4.0},{"damage":2,"enemies":"Centurion and Healer","floor":22,"turns":5},{"damage":32,"enemies":"Gremlin Leader","floor":27,"turns":6},{"damage":14,"enemies":"3 Cultists","floor":28,"turns":5},{"damage":28,"enemies":"Snecko","floor":29,"turns":3}],"seed_played":"6809924277782841831","potions_obtained":[{"floor":3.0,"key":"Dexterity Potion"},{"floor":6.0,"key":"CultistPotion"},{"floor":16.0,"key":"Strength Potion"},{"floor":22,"key":"Fruit Juice"},{"floor":27,"key":"ElixirPotion"}],"is_trial":false,"path_per_floor":["M","?","M","?","$","E","M","M","T","M","M","R","M","M","R","B",null,"M","?","?","M","M","R","?","R","T","E","M","M"],"character_chosen":"IRONCLAD","items_purchased":["PrismaticShard"],"campfire_rested":0,"item_purchase_floors":[5],"current_hp_per_floor":[74,74,75,75,75,75,73,65,65,70,68,68,70,66,66,33,65,69,69,50,41,50,50,50,50,50,24,16,0,0],"gold":442,"neow_bonus":"THREE_ENEMY_KILL","is_daily":false,"chose_seed":false,"campfire_upgraded":3,"win_rate":0.0,"timestamp":1608356533,"path_taken":["M","?","?","?","?","E","M","M","T","M","M","R","M","M","R","BOSS","M","?","?","M","M","R","?","R","T","E","M","M"],"items_purchased_type":["Relic"],"build_version":"2020-12-13","purchased_purges":1,"victory":false,"max_hp_per_floor":[75,75,75,75,75,75,75,75,75,75,75,75,75,75,75,75,75,75,75,75,75,80,80,80,80,80,80,80,80,80],"relic_stats":{"Nunchaku":[2],"counters":[17,65],"Kunai":[26],"Letter Opener":[20],"obtain_stats":[{"Potion Belt":26,"Nunchaku":27,"NeowsBlessing":0,"Spirit Poop":4,"Coffee Dripper":17,"Red Mask":20,"Kunai":6,"Letter Opener":19,"PrismaticShard":5,"StrikeDummy":9,"Burning Blood":0},{"Potion Belt":14,"Nunchaku":15,"NeowsBlessing":0,"Spirit Poop":2,"Coffee Dripper":10,"Red Mask":12,"Kunai":3,"Letter Opener":11,"PrismaticShard":2,"StrikeDummy":5,"Burning Blood":0},{"Potion Belt":51,"Nunchaku":57,"NeowsBlessing":0,"Spirit Poop":2,"Coffee Dripper":34,"Red Mask":42,"Kunai":3,"Letter Opener":37,"PrismaticShard":2,"StrikeDummy":11,"Burning Blood":0}],"Burning Blood":85},"card_choices":[{"not_picked":["Clash","Uppercut","Sword Boomerang"],"picked":"SKIP","floor":1.0},{"not_picked":["Pommel Strike","Entrench"],"picked":"Hemokinesis","floor":3.0},{"not_picked":["Ball Lightning","Perfected Strike","Havoc"],"picked":"SKIP","floor":6.0},{"not_picked":["JustLucky","Fasting2"],"picked":"Calculated Gamble","floor":7.0},{"not_picked":["Bane","Double Energy","Heavy Blade"],"picked":"SKIP","floor":8.0},{"not_picked":["Force Field","PathToVictory"],"picked":"Armaments","floor":10.0},{"not_picked":["SashWhip","Endless Agony"],"picked":"Pommel Strike","floor":11.0},{"not_picked":["Halt","Pommel Strike"],"picked":"Brilliance","floor":13.0},{"not_picked":["Prostrate","Ghostly Armor"],"picked":"Chill","floor":14.0},{"not_picked":["Ghostly Armor","Consume+1","Flash of Steel"],"picked":"SKIP","floor":18.0},{"not_picked":["Carnage","Shrug It Off"],"picked":"Infinite Blades","floor":21},{"not_picked":["Hello World","JustLucky","Poisoned Stab"],"picked":"SKIP","floor":22},{"not_picked":["Consecrate","Heavy Blade","Twin Strike"],"picked":"SKIP","floor":27},{"not_picked":["Loop+1","Thunderclap"],"picked":"BattleHymn","floor":28}],"player_experience":219162,"relics_obtained":[{"floor":6.0,"key":"Kunai"},{"floor":9.0,"key":"StrikeDummy"},{"floor":20.0,"key":"Red Mask"},{"floor":26,"key":"Potion Belt"},{"floor":27,"key":"Nunchaku"}],"event_choices":[{"damage_healed":0.0,"max_hp_gain":0.0,"max_hp_loss":0.0,"gold_gain":275.0,"event_name":"Golden Shrine","player_choice":"Desecrate","floor":2.0,"gold_loss":0.0,"damage_taken":0.0,"cards_obtained":["Regret"]},{"cards_removed":["Regret"],"damage_healed":0.0,"max_hp_gain":0.0,"max_hp_loss":0.0,"gold_gain":0.0,"event_name":"Bonfire Elementals","player_choice":"Offered Curse","floor":4.0,"gold_loss":0.0,"damage_taken":0.0,"relics_obtained":["Spirit Poop"]},{"damage_healed":0.0,"max_hp_gain":0.0,"max_hp_loss":0.0,"gold_gain":0.0,"event_name":"Addict","player_choice":"Obtained Relic","floor":19.0,"gold_loss":85.0,"damage_taken":0.0,"relics_obtained":["Letter Opener"]},{"damage_healed":0.0,"max_hp_gain":0.0,"max_hp_loss":0.0,"gold_gain":0.0,"event_name":"Masked Bandits","player_choice":"Fought Bandits","floor":20.0,"gold_loss":0.0,"damage_taken":0.0},{"damage_healed":0,"gold_gain":0,"player_choice":"Ignored","damage_taken":0,"max_hp_gain":0,"max_hp_loss":0,"event_name":"Vampires","floor":24,"gold_loss":0}],"is_beta":false,"boss_relics":[{"not_picked":["SlaversCollar","Black Star"],"picked":"Coffee Dripper"}],"items_purged_floors":[5],"is_endless":false,"potions_floor_spawned":[3,6,11,13,16,21,22,27],"killed_by":"Snecko","ascension_level":20}}