{"host":"cyh4fejqtcjbfr7k","time":1608348057,"event":{"mods":["2.2 Compatiblity","AchievementEnabler","BaseMod","Colored Map","Colored Powertips","DeckTracker","Downfall","Googly Eyes","Hubris","Infinite Spire","Minty Spire (QoL Compilation)","Replay The Spire","Shop Mod","StSLib","SuperFastMode","Unceasing Turn Reminder"],"gold_per_floor":[109,109,125,125,125,152,152,187,187,198,214,229,242,242,242],"floor_reached":14,"playtime":335,"items_purged":[],"score":146,"play_id":"88310307-94ce-4757-964d-71b34ef74437","local_time":"20201218202057","is_ascension_mode":true,"campfire_choices":[],"circlet_count":0,"master_deck":["Strike_G","Strike_G","Strike_G","Strike_G","Strike_G","Defend_G","Defend_G","Defend_G","Defend_G","Defend_G","Survivor","Neutralize","Flying Knee","Bouncing Flask","Flying Knee+1","Dagger Spray+1","Noxious Fumes","Blade Dance","Glass Knife+1"],"relics":["Ring of the Snake","NeowsBlessing","Molten Egg 2","Replay:Rubber Ducky","Replay:Bottled Flurry"],"acts_visited":["Exordium"],"potions_floor_usage":[12,13,14],"damage_taken":[{"damage":0,"enemies":"Jaw Worm","floor":1,"turns":1},{"damage":0,"enemies":"Small Slimes","floor":3,"turns":1},{"damage":0,"enemies":"3 Sentries","floor":6,"turns":1},{"damage":50,"enemies":"Lagavulin","floor":8,"turns":7},{"damage":0,"enemies":"Cultist","floor":10,"turns":3},{"damage":3,"enemies":"Blue Slaver","floor":11,"turns":4},{"damage":6,"enemies":"Exordium Wildlife","floor":12,"turns":2},{"damage":9,"enemies":"Lots of Slimes","floor":13,"turns":3},{"damage":2,"enemies":"3 Sentries","floor":14,"turns":1}],"seed_played":"-8564175713099925639","potions_obtained":[{"floor":8,"key":"CunningPotion"},{"floor":10,"key":"Reflective Coating"},{"floor":11,"key":"SneckoOil"}],"is_trial":false,"path_per_floor":["M","?","M","?","$","E","$","E","T","M","M","M","M","E"],"character_chosen":"THE_SILENT","items_purchased":[],"campfire_rested":0,"item_purchase_floors":[],"current_hp_per_floor":[70,70,70,70,70,70,70,20,20,20,17,11,2,0,0],"gold":242,"neow_bonus":"THREE_ENEMY_KILL","is_daily":false,"chose_seed":false,"campfire_upgraded":0,"win_rate":0.0,"timestamp":1608348057,"path_taken":["M","?","M","?","?","E","$","E","T","?","M","M","M","E"],"items_purchased_type":[],"build_version":"2020-12-13","purchased_purges":0,"victory":false,"max_hp_per_floor":[70,70,70,70,70,70,70,70,70,70,70,70,70,70,70],"card_choices":[{"not_picked":["ReplayTheSpireMod:Exploit Weakness","Underhanded Strike"],"picked":"Flying Knee","floor":1},{"not_picked":["Prepared","hubris:SlightOfHand","Dagger Throw"],"picked":"SKIP","floor":3},{"not_picked":["Sucker Punch+1","Dodge and Roll"],"picked":"Bouncing Flask","floor":6},{"not_picked":["Replay:Poison Smokescreen","Draining Mist"],"picked":"Flying Knee+1","floor":8},{"not_picked":["Acrobatics","Dodge and Roll"],"picked":"Dagger Spray+1","floor":10},{"not_picked":["Sucker Punch+1","Quick Slash+1"],"picked":"Noxious Fumes","floor":11},{"not_picked":["Dash+1","Fluid Movement"],"picked":"Blade Dance","floor":12},{"not_picked":["Reflex","PiercingWail"],"picked":"Glass Knife+1","floor":13}],"player_experience":579653,"relics_obtained":[{"floor":6,"key":"Molten Egg 2"},{"floor":8,"key":"Replay:Rubber Ducky"},{"floor":9,"key":"Replay:Bottled Flurry"}],"event_choices":[],"is_beta":false,"boss_relics":[],"items_purged_floors":[],"is_endless":false,"potions_floor_spawned":[8,10,11],"killed_by":"3 Sentries","ascension_level":3}}