{"host":"9q5mrbx0edvw6ayb","time":1608357626,"event":{"mods":["BaseMod","Conspire","Googly Eyes","Minty Spire (QoL Compilation)","Replay The Spire","StSLib"],"gold_per_floor":[118,118,133,153,153,153,164,164,191,216,226,135,150,167,167,167,167],"floor_reached":16,"playtime":1545,"items_purged":[],"score":104,"play_id":"57d84ffe-2c9c-4f81-820a-2f699d1eabf3","local_time":"20201219010026","is_ascension_mode":false,"campfire_choices":[{"data":"Backflip","floor":6,"key":"SMITH"},{"floor":8,"key":"REST"},{"floor":15,"key":"REST"}],"circlet_count":0,"master_deck":["Strike_G","Strike_G+1","Strike_G","Strike_G","Strike_G","Defend_G","Defend_G","Defend_G","Defend_G","Survivor","Neutralize","Acrobatics+1","Sucker Punch","Backflip+1","Prepared","Hidden Blade","Backflip","Sucker Punch","Sucker Punch"],"relics":["Ring of the Snake","NeowsBlessing","Gremlin Food","Bag of Marbles","Byrd Skull","Divine Protection"],"acts_visited":["Exordium"],"potions_floor_usage":[10,11,11,14,16],"damage_taken":[{"damage":0,"enemies":"2 Louse","floor":1,"turns":1},{"damage":2,"enemies":"conspire:RoseBush","floor":3,"turns":1},{"damage":0,"enemies":"Cultist","floor":4,"turns":1},{"damage":14,"enemies":"2 Fungi Beasts","floor":7,"turns":5},{"damage":24,"enemies":"Gremlin Nob","floor":10,"turns":5},{"damage":5,"enemies":"Lots of Slimes","floor":11,"turns":6},{"damage":0,"enemies":"Looter","floor":13,"turns":4},{"damage":1,"enemies":"Exordium Thugs","floor":14,"turns":4},{"damage":59,"enemies":"Hexaghost","floor":16,"turns":17}],"seed_played":"1532658916498205854","potions_obtained":[{"floor":1,"key":"Dexterity Potion"},{"floor":3,"key":"Energy Potion"},{"floor":10,"key":"Reflective Coating"},{"floor":13,"key":"Explosive Potion"},{"floor":14,"key":"ColorlessPotion"}],"is_trial":false,"path_per_floor":["M","?","M","M","?","R","M","R","T","E","M","?","M","M","R","B"],"character_chosen":"THE_SILENT","items_purchased":[],"campfire_rested":2,"item_purchase_floors":[],"current_hp_per_floor":[70,63,61,61,61,61,47,68,68,44,39,39,39,38,59,0,0],"gold":167,"neow_bonus":"THREE_ENEMY_KILL","is_daily":false,"chose_seed":false,"campfire_upgraded":1,"win_rate":0.0,"timestamp":1608357626,"path_taken":["M","?","M","M","?","R","M","R","T","E","M","?","M","?","R","BOSS"],"items_purchased_type":[],"build_version":"2020-12-13","purchased_purges":0,"victory":false,"max_hp_per_floor":[70,70,70,70,70,70,70,70,70,70,70,70,70,70,70,70,70],"card_choices":[{"not_picked":["ReplayTheSpireMod:Scrap Shanks","Choke"],"picked":"Acrobatics","floor":1},{"not_picked":["Deadly Poison","Bane"],"picked":"Sucker Punch","floor":3},{"not_picked":["Prepared","Skewer"],"picked":"Backflip","floor":4},{"not_picked":["Deflect","Replay:Poison Smokescreen"],"picked":"Prepared","floor":7},{"not_picked":["Heel Hook","Dagger Spray"],"picked":"Hidden Blade","floor":10},{"not_picked":["Crippling Poison","Slice"],"picked":"Backflip","floor":11},{"not_picked":["Bouncing Flask","Dodge and Roll"],"picked":"Sucker Punch","floor":13},{"not_picked":["Predator","Dagger Spray"],"picked":"Sucker Punch","floor":14}],"player_experience":10270,"relics_obtained":[{"floor":9,"key":"Bag of Marbles"},{"floor":10,"key":"Byrd Skull"}],"event_choices":[{"damage_healed":0,"gold_gain":0,"player_choice":"Success","damage_taken":7,"relics_obtained":["Gremlin Food"],"max_hp_gain":0,"max_hp_loss":0,"event_name":"Scrap Ooze","floor":2,"gold_loss":0},{"damage_healed":0,"gold_gain":0,"player_choice":"Paid Gold","damage_taken":0,"relics_obtained":["Divine Protection"],"max_hp_gain":0,"max_hp_loss":0,"event_name":"WeMeetAgain","floor":12,"gold_loss":91}],"is_beta":false,"boss_relics":[],"items_purged_floors":[],"is_endless":false,"potions_floor_spawned":[1,3,10,13,14],"killed_by":"Hexaghost","ascension_level":0}}