{"host":"l3hv6ps9z6xmpxdg","time":1608387980,"event":{"mods":["AchievementEnabler","Act Like it!","BaseMod","Beaked The Cultist","Better Altar","Better Third Choice","BetterRewards","Card Forge","Colored Map","Conspire","Downfall","Hallownest","Hermit","Hubris","Infinite Spire","Lobotomy","Minty Spire (QoL Compilation)","Rare Cards Sparkle","Replay The Spire","Spicy Shops","Spikes Relics","StSLib","The Bug Knight","The Hierophant"],"gold_per_floor":[360,535,535,545,560,560,590,278,303,335,148,148,162,162,162,162,162,259,259,273,273,273,273,292,292,292],"floor_reached":25,"playtime":1115,"items_purged":["Doubt"],"score":293,"play_id":"e841899c-f0dd-4316-97ce-fb5684b84007","local_time":"20201219092620","is_ascension_mode":true,"campfire_choices":[{"data":"Bash","floor":6,"key":"SMITH"},{"floor":17,"key":"REST"}],"circlet_count":0,"master_deck":["Defend_R","Defend_R","Defend_R","Defend_R","Bash+1","Clothesline","Replay:Undeath\u0027s Touch","Headbutt","Spot Weakness","Replay:Undeath\u0027s Touch","Reaper","Metallicize","Bite","Bite","Bite","Bite","Bite"],"relics":["Burning Blood","Hammer of Thor","Seething Fire","Anvil of the Gods","Spirit Poop","Akabeko","ClockworkSouvenir","hubris:OldNail","Bottled Flame","hubris:Towel","White Beast Statue","hubris:ScarierMask","CultistMask"],"acts_visited":["Exordium","TheCity"],"potions_floor_usage":[7,7,13,20,25,25],"damage_taken":[{"damage":15,"enemies":"Jaw Worm","floor":1,"turns":5},{"damage":16,"enemies":"Small Slimes","floor":4,"turns":6},{"damage":4,"enemies":"Cultist","floor":5,"turns":3},{"damage":40,"enemies":"3 Sentries","floor":7,"turns":9},{"damage":18,"enemies":"Gremlin Nob","floor":10,"turns":4},{"damage":8,"enemies":"Gremlin Gang","floor":13,"turns":8},{"damage":60,"enemies":"Fading Forest","floor":18,"turns":11},{"damage":47,"enemies":"Spheric Guardian","floor":20,"turns":8},{"damage":2,"enemies":"3 Byrds","floor":24,"turns":3},{"damage":69,"enemies":"Snecko","floor":25,"turns":7}],"seed_played":"-4451090037456476415","potions_obtained":[{"floor":4,"key":"Strength Potion"},{"floor":5,"key":"sneckomod:MuddlingPotion"},{"floor":10,"key":"Weak Potion"},{"floor":18,"key":"Adrenaline Potion"},{"floor":20,"key":"DuplicationPotion"},{"floor":24,"key":"Elixir"}],"is_trial":false,"path_per_floor":["M","?","?","M","M","R","E","$","T","E","$","?","M","PTL","PTL","?","R","B",null,"M","AVR","?","?","M","M"],"character_chosen":"IRONCLAD","items_purchased":["ClockworkSouvenir","Spot Weakness","Reaper"],"campfire_rested":1,"item_purchase_floors":[8,8,11],"current_hp_per_floor":[63,63,63,53,55,55,21,21,21,9,9,9,20,20,20,20,44,12,63,22,22,22,22,36,0,0],"gold":292,"neow_bonus":"TWO_FIFTY_GOLD","is_daily":false,"chose_seed":false,"campfire_upgraded":1,"win_rate":0.0,"timestamp":1608387980,"path_taken":["M","?","?","?","?","R","E","$","T","E","$","?","M","PTL","PTL","?","R","BOSS","M","AVR","?","?","M","M"],"items_purchased_type":["Relic","Card","Card"],"build_version":"2020-12-13","purchased_purges":1,"victory":false,"max_hp_per_floor":[80,80,80,80,80,80,80,80,80,80,80,80,80,80,80,80,80,80,80,80,80,56,56,56,56,56],"card_choices":[{"not_picked":["Dropkick","Searing Blow"],"picked":"Clothesline","floor":1},{"not_picked":["Body Slam","ReplayReversal"],"picked":"Replay:Undeath\u0027s Touch","floor":4},{"not_picked":["Evolve","Anger"],"picked":"Headbutt","floor":5},{"not_picked":["Berserk","Rage","conspire:ExplosiveBarrier"],"picked":"SKIP","floor":7},{"not_picked":["Havoc","Sword Boomerang"],"picked":"Replay:Undeath\u0027s Touch","floor":10},{"not_picked":["Invigoration","ReplayTheSpireMod:Strike From Hell"],"picked":"Metallicize","floor":13},{"not_picked":["Perfected Strike+1","Anger","Bloodletting+1"],"picked":"SKIP","floor":20},{"not_picked":["Thunderclap+1","ReplayReversal","Demonic Infusion"],"picked":"SKIP","floor":24}],"player_experience":157437,"relics_obtained":[{"floor":7,"key":"Akabeko"},{"floor":9,"key":"hubris:OldNail"},{"floor":10,"key":"Bottled Flame"},{"floor":16,"key":"White Beast Statue"}],"event_choices":[{"damage_healed":0,"gold_gain":175,"player_choice":"AGREE","damage_taken":360,"max_hp_gain":0,"max_hp_loss":0,"event_name":"betterThird:BetterSerpent","floor":2,"gold_loss":0},{"cards_removed":["Regret"],"damage_healed":0,"gold_gain":0,"player_choice":"Offered Curse","damage_taken":0,"relics_obtained":["Spirit Poop"],"max_hp_gain":0,"max_hp_loss":0,"event_name":"Bonfire Elementals","floor":3,"gold_loss":0},{"damage_healed":0,"gold_gain":0,"player_choice":"Became a vampire","damage_taken":0,"max_hp_gain":0,"max_hp_loss":24,"event_name":"Vampires","floor":22,"gold_loss":0,"cards_obtained":["Bite","Bite","Bite","Bite","Bite"]},{"damage_healed":0,"gold_gain":0,"player_choice":"Trade","damage_taken":0,"relics_obtained":["CultistMask"],"max_hp_gain":0,"max_hp_loss":0,"event_name":"FaceTrader","floor":23,"gold_loss":0}],"is_beta":false,"boss_relics":[{"not_picked":["ReplayTheSpireMod:DimensionalGlitch","Coffee Dripper"],"picked":"hubris:ScarierMask"}],"items_purged_floors":[8],"is_endless":false,"potions_floor_spawned":[4,5,10,18,20,24],"killed_by":"Snecko","ascension_level":6}}