{"host":"95i1gxnztdrdyvhi","time":1608398114,"event":{"mods":["AchievementEnabler","Act Like it!","BaseMod","Downfall","Minty Spire (QoL Compilation)","Quick Restart","StSLib"],"gold_per_floor":[99,110,285,285,317,317,317,332,363,25,47,66,80,80,98,203,203,128,128,159,171,181,181,181,198,48,76,86,86,171,56,66,164,164,164,164,24,44,44,44,76,76,111,111,204,554,566,577,577,577,609,143,143,143],"floor_reached":55,"playtime":4352,"items_purged":["Doubt","champ:Defend","champ:Defend","champ:Strike","champ:Strike"],"score":1296,"play_id":"27f9a740-7902-4b62-9879-bca61efa5f18","local_time":"20201219171514","is_ascension_mode":false,"campfire_choices":[{"data":"champ:Taunt","floor":1.0,"key":"SMITH"},{"data":"champ:DefensiveShout","floor":6.0,"key":"SMITH"},{"data":"champ:Improvising","floor":18,"key":"SMITH"},{"floor":23,"key":"RECALL"},{"data":"champ:Improvising","floor":26,"key":"SMITH"},{"data":"champ:FocusedDefense","floor":35,"key":"SMITH"},{"data":"champ:EnGarde","floor":42,"key":"SMITH"},{"data":"champ:TornadoPunch","floor":53,"key":"SMITH"}],"circlet_count":0,"master_deck":["champ:Strike","champ:Strike","champ:Execute","champ:Taunt+1","champ:VampiricStrike","champ:ShieldSigil","champ:DefensiveShout+1","champ:Circumvent+1","champ:DefensiveShout","champ:Improvising+1","champ:TornadoPunch+1","champ:BringItOn","champ:Improvising+1","champ:ShieldWall","champ:ShieldSigil+1","champ:VampiricStrike","champ:FocusedDefense+1","champ:ShieldSlam","champ:Lariat+1","champ:EnGarde+1","expansioncontent:Collect","expansioncontent:TimeRipple","champ:EnchantShield","champ:Circumvent+1","champ:Duel+1"],"relics":["champ:ChampionCrown","StrikeDummy","hexamod:BolsterEngine","Orichalcum","Guardian:GemstoneGun","Question Card","Odd Mushroom","Bottled Flame","Black Star","downfall:HeartBlessingGreen","Bird Faced Urn","downfall:HeartBlessingRed","downfall:HeartBlessingBlue","Matryoshka","champ:GladiatorsBookOfMartialProwess","downfall:RedIOU","Empty Cage","downfall:TeleportStone","White Beast Statue","Bottled Lightning","Mango","champ:DefensiveTrainingManual","Letter Opener","Happy Flower","Old Coin","War Paint","champ:SpectersHand","Frozen Eye","Pen Nib"],"acts_visited":["Exordium","TheCity","TheBeyond","TheEnding"],"potions_floor_usage":[27,37],"damage_taken":[{"damage":11.0,"enemies":"Jaw Worm","floor":2.0,"turns":3.0},{"damage":21.0,"enemies":"Gremlin Nob","floor":5.0,"turns":4.0},{"damage":5.0,"enemies":"2 Louse","floor":8.0,"turns":3.0},{"damage":18.0,"enemies":"Lagavulin","floor":9.0,"turns":7.0},{"damage":0.0,"enemies":"downfall:FleeingMerchant","floor":10.0,"turns":4.0},{"damage":12.0,"enemies":"The Mushroom Lair","floor":11.0,"turns":4.0},{"damage":6.0,"enemies":"Small Slimes","floor":12.0,"turns":2.0},{"damage":8.0,"enemies":"2 Fungi Beasts","floor":13.0,"turns":4.0},{"damage":11.0,"enemies":"Blue Slaver","floor":15.0,"turns":2.0},{"damage":35.0,"enemies":"downfall:Silent","floor":16.0,"turns":6.0},{"damage":1,"enemies":"Slavers","floor":20,"turns":4},{"damage":5,"enemies":"Spheric Guardian","floor":21,"turns":3},{"damage":23,"enemies":"Cultist and Chosen","floor":22,"turns":7},{"damage":15,"enemies":"Snake Plant","floor":25,"turns":3},{"damage":6,"enemies":"Book of Stabbing","floor":27,"turns":4},{"damage":5,"enemies":"Centurion and Healer","floor":28,"turns":3},{"damage":5,"enemies":"downfall:FleeingMerchant","floor":31,"turns":4},{"damage":7,"enemies":"Snecko","floor":32,"turns":3},{"damage":11,"enemies":"downfall:Watcher","floor":33,"turns":7},{"damage":14,"enemies":"downfall:FleeingMerchant","floor":37,"turns":4},{"damage":0,"enemies":"3 Darklings","floor":38,"turns":4},{"damage":41,"enemies":"Nemesis","floor":41,"turns":5},{"damage":7,"enemies":"Giant Head","floor":43,"turns":5},{"damage":0,"enemies":"downfall:FleeingMerchant","floor":45,"turns":1},{"damage":34,"enemies":"Mind Bloom Boss Battle","floor":46,"turns":7},{"damage":14,"enemies":"3 Shapes","floor":47,"turns":3},{"damage":22,"enemies":"Jaw Worm Horde","floor":48,"turns":3},{"damage":34,"enemies":"downfall:Defect","floor":49,"turns":6},{"damage":24,"enemies":"downfall:CharBossMerchant","floor":51,"turns":5},{"damage":27,"enemies":"downfall:NeowBoss","floor":54,"turns":22}],"seed_played":"-2254007448781115965","potions_obtained":[{"floor":8.0,"key":"Strength Potion"},{"floor":9.0,"key":"Guardian:BlockOnCardUsePotion"},{"floor":12.0,"key":"Explosive Potion"},{"floor":27,"key":"champ:OpenerPotion"},{"floor":41,"key":"champ:CounterPotion"}],"is_trial":false,"path_per_floor":["R","M","?","?","E","R","T","M","E","$","?","M","M","T","M","B",null,"R","?","E","M","M","R","T","M","R","E","M","?","?","$","M","B",null,"R","?","$","M","?","T","E","R","E","?","$","?","M","M","B",null,"E","$","R","B",null],"character_chosen":"THE_CHAMP","items_purchased":["Question Card","EntropicBrew","Frozen Eye","Pen Nib"],"campfire_rested":0,"item_purchase_floors":[10,45,52,52],"current_hp_per_floor":[90,90,90,90,90,90,90,90,89,90,90,89,86,86,80,55,90,90,90,89,89,76,76,76,75,85,98,100,100,82,100,100,100,100,100,100,100,100,90,90,75,75,114,114,114,80,108,94,87,114,106,106,106,94],"gold":143,"neow_bonus":"ONE_RANDOM_RARE_CARD","is_daily":false,"chose_seed":false,"campfire_upgraded":7,"win_rate":0.0,"timestamp":1608398114,"path_taken":["R","M","?","?","E","R","T","M","E","?","?","M","M","?","M","BOSS","R","?","E","M","M","R","T","M","R","E","M","?","?","$","M","BOSS","R","?","?","M","?","T","E","R","E","?","$","?","?","M","BOSS","E","$","R","BOSS"],"items_purchased_type":["Relic","Potion","Relic","Relic"],"build_version":"2020-12-13","purchased_purges":5,"victory":true,"max_hp_per_floor":[90,90,90,90,90,90,90,90,90,90,90,90,90,90,90,90,90,90,90,90,90,90,90,90,90,100,100,100,100,100,100,100,100,100,100,100,100,100,100,100,114,114,114,114,114,114,114,114,114,114,114,114,114,114],"card_choices":[{"not_picked":["champ:Haymaker","champ:GladiatorsShout"],"picked":"champ:ShieldSigil","floor":2.0},{"not_picked":["champ:TornadoPunch","champ:CrookedStrike"],"picked":"champ:DefensiveShout","floor":5.0},{"not_picked":["champ:GutPunch","champ:CrookedStrike"],"picked":"champ:Circumvent","floor":8.0},{"not_picked":["champ:FaceSlap","champ:PerfectForm"],"picked":"champ:DefensiveShout","floor":9.0},{"not_picked":["champ:EnGarde","champ:GladiatorStyle"],"picked":"champ:Improvising","floor":10.0},{"not_picked":["champ:FightOn","champ:ViciousMockery","champ:CrookedStrike","champ:ArenaPreparation"],"picked":"SKIP","floor":12.0},{"not_picked":["champ:StanceDance","champ:AdrenalArmor","champ:Control"],"picked":"champ:TornadoPunch","floor":13.0},{"not_picked":["champ:Encircle","champ:Circumvent","champ:ShieldSigil"],"picked":"champ:BringItOn","floor":15.0},{"not_picked":["champ:Devastate","champ:EnchantSword","champ:CrownThrow"],"picked":"champ:Improvising","floor":16.0},{"not_picked":["champ:BladeFlurry","champ:AdrenalArmor+1","champ:Backstep","champ:Riposte"],"picked":"SKIP","floor":20},{"not_picked":["champ:FightOn","champ:BringItOn","champ:TornadoPunch","champ:RecklessLeap"],"picked":"SKIP","floor":21},{"not_picked":["champ:CalledShot","champ:PerfectedStrike","champ:DefensiveShout+1"],"picked":"champ:ShieldWall","floor":22},{"not_picked":["champ:PerfectedStrike+1","champ:EndlessRage","champ:AdrenalArmor+1"],"picked":"champ:ShieldSigil","floor":25},{"not_picked":["champ:RisingSlash","champ:FlashCut","champ:Encircle","champ:BringItOn"],"picked":"SKIP","floor":27},{"not_picked":["champ:IronFortress","champ:Backstep","champ:Encircle","champ:ArenaPreparation"],"picked":"SKIP","floor":28},{"not_picked":["champ:GladiatorsShout","champ:AdrenalArmor","champ:Riposte"],"picked":"champ:VampiricStrike","floor":31},{"not_picked":["champ:ShieldSigil","champ:BringItOn","champ:BladeFlurry+1"],"picked":"champ:FocusedDefense","floor":32},{"not_picked":["champ:StrikeOfGenius","champ:CrownThrow","champ:EnchantSword"],"picked":"champ:ShieldSlam","floor":33},{"not_picked":["champ:Haymaker","champ:PerfectedStrike","champ:StanceDance"],"picked":"champ:Lariat+1","floor":37},{"not_picked":["champ:SwordSigil+1","champ:AdrenalArmor","champ:ViciousMockery+1"],"picked":"champ:EnGarde","floor":38},{"not_picked":["expansioncontent:SlimeTackle","expansioncontent:TimeRipple","expansioncontent:BronzeBeam"],"picked":"expansioncontent:Collect","floor":39},{"not_picked":["expansioncontent:BronzeBeam","expansioncontent:Torchfire","expansioncontent:Sear"],"picked":"expansioncontent:TimeRipple","floor":39},{"not_picked":["champ:FanOfKnives+1","champ:DefensiveStyle","champ:Lariat+1"],"picked":"champ:EnchantShield","floor":41},{"not_picked":["champ:FaceSlap+1","champ:Control","champ:StanceDance+1","champ:Aggression+1"],"picked":"SKIP","floor":43},{"not_picked":["champ:SwordSigil+1","champ:FocusedBerserking+1","champ:BringItOn+1","champ:CrookedStrike+1"],"picked":"SKIP","floor":45},{"not_picked":["champ:GladiatorsShout+1","champ:BerserkersShout","champ:FanOfKnives+1"],"picked":"champ:Circumvent+1","floor":46},{"not_picked":["champ:ViciousMockery","champ:StanceDance","champ:RageSigil"],"picked":"champ:Duel+1","floor":47},{"not_picked":["champ:PerfectedStrike","champ:FaceSlap+1","champ:ViciousMockery+1","champ:TornadoPunch"],"picked":"SKIP","floor":48},{"not_picked":["champ:Shatter","champ:DeathBlow","champ:Devastate","champ:ShieldWall+1"],"picked":"SKIP","floor":51}],"player_experience":770577,"relics_obtained":[{"floor":5.0,"key":"hexamod:BolsterEngine"},{"floor":7.0,"key":"Orichalcum"},{"floor":9.0,"key":"Guardian:GemstoneGun"},{"floor":11.0,"key":"Odd Mushroom"},{"floor":14.0,"key":"Bottled Flame"},{"floor":20,"key":"Regal Pillow"},{"floor":20,"key":"Bird Faced Urn"},{"floor":27,"key":"Matryoshka"},{"floor":27,"key":"champ:GladiatorsBookOfMartialProwess"},{"floor":40,"key":"White Beast Statue"},{"floor":40,"key":"Bottled Lightning"},{"floor":41,"key":"Mango"},{"floor":41,"key":"champ:DefensiveTrainingManual"},{"floor":43,"key":"Letter Opener"},{"floor":43,"key":"Happy Flower"},{"floor":46,"key":"Old Coin"},{"floor":51,"key":"War Paint"},{"floor":51,"key":"champ:SpectersHand"}],"event_choices":[{"damage_healed":0.0,"max_hp_gain":0.0,"max_hp_loss":0.0,"gold_gain":0.0,"event_name":"Mushrooms","player_choice":"Fought Mushrooms","floor":11.0,"gold_loss":0.0,"damage_taken":0.0},{"damage_healed":0,"gold_gain":0,"player_choice":"Ignored","damage_taken":0,"max_hp_gain":0,"max_hp_loss":0,"event_name":"Ghosts","floor":19,"gold_loss":0}],"is_beta":false,"boss_relics":[{"not_picked":["Sozu","Snecko Eye"],"picked":"Black Star"},{"not_picked":["Runic Pyramid","Coffee Dripper"],"picked":"Empty Cage"}],"items_purged_floors":[10,31,37,45,52],"is_endless":false,"potions_floor_spawned":[8,9,12,15,21,25,27,41,43,45,46,47,48,51],"ascension_level":0}}