{"host":"0lnx88jdgcrh6gmr","time":1608416135,"event":{"mods":["2.2 Compatiblity","AchievementEnabler","BaseMod","Beaked The Cultist","Better Note","Better Skull","Better Third Choice","Block Reminder","Colored Map","Displayed Cursed Tome","Glutton Mod","Googly Eyes","Hermit","Highlight Path","Minty Spire (QoL Compilation)","Rare Cards Sparkle","Relic Stats","Shade Mod","Spicy Shops","StSLib","The Construct","The Cursed","The Disciple","The Mystic","The Servant 0.9.4","Unceasing Turn Reminder","everything is the same but u backflip on backflip","slay the spire mod where everything is the same but ironclad has a cowboy hat"],"gold_per_floor":[116,0,0,19,32,32,50,84,157,171,24,99,99,113,113,215,215,225,85,85,104,116,116,116,116,116,116,29,29,41,41,41,137,187,202,24,44,44,64,64,80,80,80,80,80,43,55,72,72,72,72,72,72,101,101,101],"floor_reached":55,"playtime":2622,"items_purged":[],"score":742,"play_id":"cd291299-2679-40a5-a0bb-f5833a9d88e1","local_time":"20201219151535","is_ascension_mode":false,"campfire_choices":[{"data":"Blur","floor":6.0,"key":"SMITH"},{"floor":15.0,"key":"REST"},{"floor":23,"key":"RECALL"},{"floor":25,"key":"REST"},{"data":"Deflect","floor":27,"key":"SMITH"},{"floor":32,"key":"REST"},{"floor":40,"key":"REST"},{"data":"Backflip","floor":45,"key":"SMITH"},{"floor":49,"key":"REST"},{"data":"Leg Sweep","floor":52,"key":"SMITH"}],"circlet_count":0,"master_deck":["Strike_G","Strike_G","Strike_G","Strike_G","Strike_G","Defend_G","Defend_G","Defend_G","Defend_G","Defend_G+1","Survivor","Neutralize","Noxious Fumes","Footwork","Blur+1","Enlightenment","Poisoned Stab","Deflect+1","Slice","Corpse Explosion","Quick Slash","Deadly Poison","Backflip+1","Bane","All Out Attack+1","Bouncing Flask","Poisoned Stab","Footwork","Deflect","Sucker Punch+1","Caltrops+1","Escape Plan","Catalyst+1","Bane","Deflect+1","Escape Plan","Leg Sweep+1","Underhanded Strike+1"],"relics":["Ring of the Serpent","WingedGreaves","Paper Crane","StoneCalendar","InkBottle","Bag of Preparation","Tiny House","Regal Pillow","Bronze Scales"],"acts_visited":["Exordium","TheCity","TheBeyond","TheEnding"],"potions_floor_usage":[18,20,20,33,39,55,55],"damage_taken":[{"damage":6.0,"enemies":"Cultist","floor":1.0,"turns":5.0},{"damage":0.0,"enemies":"Small Slimes","floor":4.0,"turns":5.0},{"damage":2.0,"enemies":"Jaw Worm","floor":5.0,"turns":6.0},{"damage":5.0,"enemies":"Looter","floor":7.0,"turns":4.0},{"damage":19.0,"enemies":"Lagavulin","floor":8.0,"turns":8.0},{"damage":6.0,"enemies":"2 Fungi Beasts","floor":10.0,"turns":4.0},{"damage":0.0,"enemies":"Blue Slaver","floor":14.0,"turns":5.0},{"damage":15.0,"enemies":"Slime Boss","floor":16.0,"turns":10.0},{"damage":18,"enemies":"3 Byrds","floor":18,"turns":6},{"damage":1,"enemies":"Chosen","floor":21,"turns":6},{"damage":9,"enemies":"Centurion and Healer","floor":22,"turns":6},{"damage":13,"enemies":"Shelled Parasite and Fungi","floor":30,"turns":6},{"damage":62,"enemies":"Collector","floor":33,"turns":7},{"damage":7,"enemies":"3 Shapes","floor":35,"turns":4},{"damage":10,"enemies":"3 Darklings","floor":37,"turns":5},{"damage":57,"enemies":"4 Shapes","floor":39,"turns":7},{"damage":21,"enemies":"Jaw Worm Horde","floor":41,"turns":3},{"damage":11,"enemies":"3 Darklings","floor":47,"turns":4},{"damage":9,"enemies":"Spire Growth","floor":48,"turns":7},{"damage":49,"enemies":"Donu and Deca","floor":50,"turns":7},{"damage":68,"enemies":"Shield and Spear","floor":54,"turns":7},{"damage":50,"enemies":"The Heart","floor":55,"turns":3}],"seed_played":"-6536452290759757245","potions_obtained":[{"floor":1.0,"key":"SteroidPotion"},{"floor":8.0,"key":"Strength Potion"},{"floor":10.0,"key":"CunningPotion"},{"floor":16.0,"key":"SpeedPotion"},{"floor":20,"key":"Fruit Juice"},{"floor":20,"key":"Fruit Juice"},{"floor":20,"key":"CunningPotion"},{"floor":21,"key":"CultistPotion"},{"floor":34,"key":"SneckoOil"},{"floor":39,"key":"SteroidPotion"},{"floor":47,"key":"ColorlessPotion"},{"floor":54,"key":"FearPotion"}],"is_trial":false,"path_per_floor":["M","$","?","M","M","R","M","E","T","M","$","?","?","M","R","B",null,"M","$","?","M","M","R","?","R","T","R","$","?","M","$","R","B",null,"M","$","M","?","M","R","M","?","T","?","R","$","M","M","R","B",null,"R","$","E","B"],"character_chosen":"THE_SILENT","items_purchased":["Footwork","Blur","Corpse Explosion","StoneCalendar","Backflip","Bouncing Flask","Poisoned Stab","Regal Pillow","Escape Plan","Escape Plan"],"campfire_rested":5,"item_purchase_floors":[2,2,11,19,19,28,28,36,36,46],"current_hp_per_floor":[71,71,77,77,75,75,70,51,51,45,45,34,34,34,58,43,83,65,65,75,74,65,65,65,92,92,92,92,92,79,79,93,31,98,91,91,81,81,24,68,47,47,47,108,108,108,97,88,108,59,108,108,108,40,0,0],"gold":101,"neow_bonus":"TEN_PERCENT_HP_BONUS","is_daily":false,"chose_seed":false,"campfire_upgraded":4,"win_rate":0.0,"timestamp":1608416135,"path_taken":["M","?","?","M","M","R","M","E","T","M","?","?","?","?","R","BOSS","M","?","?","M","M","R","?","R","T","R","?","?","M","?","R","BOSS","M","$","M","?","M","R","M","?","T","?","R","$","M","?","R","BOSS","R","$","E","BOSS"],"items_purchased_type":["Card","Card","Card","Relic","Card","Card","Card","Relic","Card","Card"],"build_version":"2020-12-13","purchased_purges":0,"victory":false,"max_hp_per_floor":[77,77,83,83,83,83,83,83,83,83,83,83,83,83,83,83,83,83,83,93,93,93,93,93,93,93,93,93,93,93,93,93,93,98,98,98,98,98,98,98,98,98,98,108,108,108,108,108,108,108,108,108,108,108,108,108],"relic_stats":{"Regal Pillow":15,"counters":[22,125],"Bronze Scales":[36],"StoneCalendar":[303],"Bag of Preparation":[22],"obtain_stats":[{"Regal Pillow":36,"Tiny House":34,"Bronze Scales":54,"StoneCalendar":19,"WingedGreaves":8,"Bag of Preparation":26,"Paper Crane":9,"Ring of the Serpent":17,"InkBottle":24,"Ring of the Snake":0},{"Regal Pillow":14,"Tiny House":13,"Bronze Scales":21,"StoneCalendar":9,"WingedGreaves":5,"Bag of Preparation":11,"Paper Crane":5,"Ring of the Serpent":8,"InkBottle":11,"Ring of the Snake":0},{"Regal Pillow":82,"Tiny House":78,"Bronze Scales":122,"StoneCalendar":53,"WingedGreaves":28,"Bag of Preparation":65,"Paper Crane":28,"Ring of the Serpent":47,"InkBottle":65,"Ring of the Snake":0}],"InkBottle":[23]},"card_choices":[{"not_picked":["Dodge and Roll","Underhanded Strike"],"picked":"Noxious Fumes","floor":1.0},{"not_picked":["Outmaneuver","Acrobatics","Concentrate"],"picked":"SKIP","floor":4.0},{"not_picked":["Sucker Punch","Catalyst"],"picked":"Poisoned Stab","floor":5.0},{"not_picked":["Backflip","PiercingWail"],"picked":"Deflect","floor":7.0},{"not_picked":["Cloak And Dagger","Grand Finale"],"picked":"Slice","floor":8.0},{"not_picked":["Slice","Choke","Tactician"],"picked":"SKIP","floor":10.0},{"not_picked":["Dagger Throw","Outmaneuver"],"picked":"Quick Slash","floor":14.0},{"not_picked":["Malaise","A Thousand Cuts"],"picked":"Die Die Die","floor":16.0},{"not_picked":["Prepared","Setup"],"picked":"Deadly Poison","floor":18},{"not_picked":["Poisoned Stab","Calculated Gamble"],"picked":"Bane","floor":21},{"not_picked":["Heel Hook","Prepared+1"],"picked":"All Out Attack+1","floor":22},{"not_picked":["Sucker Punch","Backstab"],"picked":"Deflect","floor":30},{"not_picked":["Flying Knee","Blade Dance"],"picked":"Sucker Punch+1","floor":34},{"not_picked":["Cloak And Dagger","Prepared+1"],"picked":"Caltrops+1","floor":35},{"not_picked":["Sucker Punch+1","Poisoned Stab"],"picked":"Catalyst+1","floor":37},{"not_picked":["Crippling Poison","Quick Slash"],"picked":"Bane","floor":39},{"not_picked":["Sucker Punch","Storm of Steel"],"picked":"Deflect+1","floor":41},{"not_picked":["Endless Agony","Acrobatics+1","Cloak And Dagger+1"],"picked":"SKIP","floor":47},{"not_picked":["Cloak And Dagger","Prepared+1"],"picked":"Leg Sweep","floor":48},{"not_picked":["Backflip","Wraith Form v2"],"picked":"Underhanded Strike+1","floor":54}],"player_experience":193376,"relics_obtained":[{"floor":8.0,"key":"WingedGreaves"},{"floor":9.0,"key":"Paper Crane"},{"floor":26,"key":"Bag of Preparation"},{"floor":54,"key":"Bronze Scales"}],"event_choices":[{"damage_healed":0.0,"max_hp_gain":0.0,"max_hp_loss":0.0,"gold_gain":0.0,"event_name":"betterThird:BetterSerpent","player_choice":"RENOUNCE","floor":3.0,"gold_loss":0.0,"damage_taken":0.0,"cards_obtained":["Enlightenment"]},{"damage_healed":0.0,"max_hp_gain":0.0,"max_hp_loss":0.0,"gold_gain":75.0,"event_name":"betterThird:BetterGoop","player_choice":"Gold","floor":12.0,"gold_loss":0.0,"damage_taken":11.0},{"damage_healed":0.0,"max_hp_gain":0.0,"max_hp_loss":0.0,"gold_gain":0.0,"event_name":"Golden Idol","player_choice":"Ignored","floor":13.0,"gold_loss":0.0,"damage_taken":0.0},{"damage_healed":0,"gold_gain":0,"player_choice":"Got Potions","damage_taken":0,"max_hp_gain":0,"max_hp_loss":0,"event_name":"Lab","floor":20,"gold_loss":0},{"damage_healed":0,"gold_gain":0,"player_choice":"Gave Potion","damage_taken":0,"relics_obtained":["InkBottle"],"max_hp_gain":0,"max_hp_loss":0,"event_name":"WeMeetAgain","floor":24,"gold_loss":0},{"damage_healed":0,"gold_gain":0,"player_choice":"Copied","damage_taken":0,"max_hp_gain":0,"max_hp_loss":0,"event_name":"Duplicator","floor":29,"gold_loss":0,"cards_obtained":["Footwork"]},{"damage_healed":0,"gold_gain":0,"player_choice":"Ignored","damage_taken":0,"max_hp_gain":0,"max_hp_loss":0,"event_name":"Mysterious Sphere","floor":38,"gold_loss":0},{"damage_healed":0,"gold_gain":0,"player_choice":"Ignored","damage_taken":0,"max_hp_gain":0,"max_hp_loss":0,"event_name":"The Moai Head","floor":42,"gold_loss":0},{"cards_removed":["Die Die Die"],"damage_healed":51,"gold_gain":0,"player_choice":"Offered Rare","damage_taken":0,"max_hp_gain":10,"max_hp_loss":0,"event_name":"Bonfire Elementals","floor":44,"gold_loss":0}],"is_beta":false,"boss_relics":[{"not_picked":["beaked:MawFillet","SlaversCollar"],"picked":"Ring of the Serpent"},{"not_picked":["Busted Crown","construct:ClawGrip"],"picked":"Tiny House"}],"items_purged_floors":[],"is_endless":false,"potions_floor_spawned":[1,8,10,16,21,39,47,48,54],"killed_by":"The Heart","ascension_level":0}}