{"host":"sav7uxregyirlf69","time":1608361811,"event":{"mods":["AchievementEnabler","BaseMod","Colored Map","DeckTracker","Keyboard Shortcuts","Minty Spire (QoL Compilation)","READ ME - Guardian Mod","StSLib","SuperFastMode"],"gold_per_floor":[112,112,37,52,52,52,12,41,121,131,191,191,201,228,228,228,228],"floor_reached":16,"playtime":304,"items_purged":["Strike_G"],"score":266,"play_id":"e36bb5d3-52f7-419b-9264-6ab51f74160a","local_time":"20201219161011","is_ascension_mode":true,"campfire_choices":[{"data":"Neutralize","floor":6,"key":"SMITH"},{"data":"Blade Dance","floor":15,"key":"SMITH"}],"circlet_count":0,"master_deck":["AscendersBane","Strike_G","Strike_G","Strike_G","Strike_G","Defend_G","Defend_G","Defend_G","Defend_G","Defend_G","Survivor","Neutralize+1","Masterful Stab","Blade Dance+1"],"relics":["Ring of the Snake","Dead Branch","Ninja Scroll","FossilizedHelix","Singing Bowl","Akabeko","Kunai","Bird Faced Urn"],"acts_visited":["Exordium"],"potions_floor_usage":[11,16],"damage_taken":[{"damage":2,"enemies":"Jaw Worm","floor":1,"turns":6},{"damage":12,"enemies":"Small Slimes","floor":4,"turns":3},{"damage":7,"enemies":"Gremlin Nob","floor":8,"turns":4},{"damage":0,"enemies":"Cultist","floor":10,"turns":2},{"damage":35,"enemies":"Lagavulin Event","floor":11,"turns":7},{"damage":0,"enemies":"Large Slime","floor":13,"turns":1},{"damage":0,"enemies":"3 Sentries","floor":14,"turns":2},{"damage":34,"enemies":"Slime Boss","floor":16,"turns":7}],"seed_played":"7871508752183076029","potions_obtained":[{"floor":1,"key":"FearPotion"},{"floor":7,"key":"FairyPotion"},{"floor":7,"key":"CunningPotion"},{"floor":14,"key":"Energy Potion"}],"is_trial":false,"path_per_floor":["M","?","$","M","T","R","?","E","T","M","?","T","M","E","R","B"],"character_chosen":"THE_SILENT","items_purchased":[],"campfire_rested":0,"item_purchase_floors":[],"current_hp_per_floor":[42,42,42,30,30,30,30,23,23,23,21,21,23,25,25,0,0],"gold":228,"neow_bonus":"ONE_RARE_RELIC","is_daily":false,"chose_seed":false,"campfire_upgraded":2,"win_rate":0.0,"timestamp":1608361811,"path_taken":["M","?","$","M","?","R","?","E","T","?","?","?","?","E","R","BOSS"],"items_purchased_type":[],"build_version":"2020-12-13","purchased_purges":1,"victory":false,"max_hp_per_floor":[66,66,66,66,66,66,66,66,66,66,68,68,70,72,72,72,72],"card_choices":[{"not_picked":["Dagger Spray","Deadly Poison"],"picked":"Masterful Stab","floor":1},{"not_picked":["Bane","Dagger Spray","Predator"],"picked":"SKIP","floor":4},{"not_picked":["Dodge and Roll","Flying Knee","Eviscerate"],"picked":"SKIP","floor":8},{"not_picked":["Sucker Punch","Deflect"],"picked":"Blade Dance","floor":10},{"not_picked":["Slice","Catalyst","Noxious Fumes"],"picked":"Singing Bowl","floor":11},{"not_picked":["Dagger Spray","Choke","Underhanded Strike"],"picked":"Singing Bowl","floor":13},{"not_picked":["Cloak And Dagger","Crippling Poison","Distraction"],"picked":"Singing Bowl","floor":14}],"player_experience":952198,"relics_obtained":[{"floor":5,"key":"Ninja Scroll"},{"floor":8,"key":"FossilizedHelix"},{"floor":9,"key":"Singing Bowl"},{"floor":11,"key":"Akabeko"},{"floor":12,"key":"Kunai"},{"floor":14,"key":"Bird Faced Urn"}],"event_choices":[{"damage_healed":0,"gold_gain":0,"player_choice":"Ignored","damage_taken":0,"max_hp_gain":0,"max_hp_loss":0,"event_name":"Liars Game","floor":2,"gold_loss":0},{"damage_healed":0,"gold_gain":0,"player_choice":"Bought 3 Potions","damage_taken":0,"max_hp_gain":0,"max_hp_loss":0,"event_name":"The Woman in Blue","floor":7,"gold_loss":0},{"damage_healed":0,"gold_gain":0,"player_choice":"Searched \u00272\u0027 times","damage_taken":0,"max_hp_gain":0,"max_hp_loss":0,"event_name":"Dead Adventurer","floor":11,"gold_loss":0}],"is_beta":false,"boss_relics":[],"items_purged_floors":[3],"is_endless":false,"potions_floor_spawned":[1,14],"killed_by":"Slime Boss","ascension_level":20}}