{"host":"gp6kafy53r5vaktt","time":1608406773,"event":{"mods":["BaseMod","Colored Map","Highlight Path","Minty Spire (QoL Compilation)"],"gold_per_floor":[118,136,148,27,42,42,42,71,71,246,276,292,292,320,332,442,454,482,149,132,69,81,81,113,113,113,138,138,138,138],"floor_reached":29,"playtime":1694,"items_purged":["Strike_G"],"score":320,"play_id":"ddcde33e-7caf-4f86-a4c5-4efb416de008","local_time":"20201219213933","is_ascension_mode":true,"campfire_choices":[{"data":"Crippling Poison","floor":7,"key":"SMITH"},{"data":"Noxious Fumes","floor":13,"key":"SMITH"},{"data":"Footwork","floor":15,"key":"SMITH"},{"data":"Dash","floor":23,"key":"SMITH"},{"data":"Malaise","floor":25,"key":"SMITH"}],"circlet_count":0,"master_deck":["Strike_G+1","Strike_G","Defend_G+1","Defend_G","Defend_G","Defend_G","Defend_G","Survivor","Neutralize","Dagger Spray","Cloak And Dagger+1","Crippling Poison+1","Backflip","Footwork+1","Blur","All Out Attack+1","Noxious Fumes+1","Dash+1","Deadly Poison","Malaise+1","Backflip+1","Poisoned Stab","Skewer","Outmaneuver","Decay"],"relics":["HoveringKite","PreservedInsect","Pear","StoneCalendar","MawBank","Empty Cage","Whetstone","MealTicket","Juzu Bracelet","Pantograph","War Paint"],"acts_visited":["Exordium","TheCity"],"potions_floor_usage":[8,16,16,16,27,27,27],"damage_taken":[{"damage":0,"enemies":"Small Slimes","floor":1,"turns":4},{"damage":1,"enemies":"2 Louse","floor":2,"turns":4},{"damage":0,"enemies":"Cultist","floor":3,"turns":4},{"damage":5,"enemies":"Red Slaver","floor":5,"turns":5},{"damage":9,"enemies":"Lagavulin","floor":8,"turns":13},{"damage":9,"enemies":"Gremlin Nob","floor":11,"turns":4},{"damage":5,"enemies":"Blue Slaver","floor":12,"turns":5},{"damage":7,"enemies":"3 Sentries","floor":14,"turns":6},{"damage":34,"enemies":"Slime Boss","floor":16,"turns":7},{"damage":0,"enemies":"Shell Parasite","floor":18,"turns":7},{"damage":10,"enemies":"2 Thieves","floor":20,"turns":5},{"damage":28,"enemies":"Sentry and Sphere","floor":22,"turns":9},{"damage":1,"enemies":"Book of Stabbing","floor":24,"turns":7},{"damage":29,"enemies":"Slavers","floor":27,"turns":4},{"damage":17,"enemies":"Book of Stabbing","floor":29,"turns":5}],"seed_played":"1050418964532484572","potions_obtained":[{"floor":5,"key":"Weak Potion"},{"floor":11,"key":"SpeedPotion"},{"floor":12,"key":"Poison Potion"},{"floor":14,"key":"CultistPotion"},{"floor":22,"key":"PowerPotion"},{"floor":24,"key":"GamblersBrew"},{"floor":27,"key":"Fruit Juice"}],"is_trial":false,"path_per_floor":["M","M","M","$","M","?","R","E","T","?","E","M","R","E","R","B",null,"M","$","M","?","M","R","E","R","T","E","?","E"],"character_chosen":"THE_SILENT","items_purchased":["Backflip","Footwork","Whetstone","Poisoned Stab","Skewer"],"campfire_rested":0,"item_purchase_floors":[4,4,19,19,19],"current_hp_per_floor":[70,69,69,69,64,64,64,55,65,65,56,51,51,44,44,10,80,80,80,70,70,42,42,41,41,41,17,17,0,0],"gold":138,"neow_bonus":"BOSS_RELIC","is_daily":false,"chose_seed":false,"campfire_upgraded":5,"win_rate":0.0,"timestamp":1608406773,"path_taken":["M","M","M","$","M","?","R","E","T","?","E","M","R","E","R","BOSS","M","$","M","?","M","R","E","R","T","E","?","E"],"items_purchased_type":["Card","Card","Relic","Card","Card"],"build_version":"2020-12-13","purchased_purges":1,"victory":false,"max_hp_per_floor":[70,70,70,70,70,70,70,70,80,80,80,80,80,80,80,80,80,80,80,80,80,80,80,80,80,80,85,85,85,85],"card_choices":[{"not_picked":["Acrobatics","Deadly Poison"],"picked":"Dagger Spray","floor":1},{"not_picked":["Accuracy","PiercingWail"],"picked":"Cloak And Dagger","floor":2},{"not_picked":["PiercingWail","Concentrate"],"picked":"Crippling Poison","floor":3},{"not_picked":["Quick Slash","Flying Knee"],"picked":"Blur","floor":5},{"not_picked":["Bane","Setup"],"picked":"All Out Attack","floor":8},{"not_picked":["Finisher","Dash"],"picked":"Noxious Fumes","floor":11},{"not_picked":["Cloak And Dagger","Flying Knee"],"picked":"Dash","floor":12},{"not_picked":["Calculated Gamble","Finisher"],"picked":"Deadly Poison","floor":14},{"not_picked":["Night Terror","Grand Finale"],"picked":"Malaise","floor":16},{"not_picked":["Concentrate","Setup+1"],"picked":"Backflip+1","floor":18},{"not_picked":["Acrobatics","Underhanded Strike","Outmaneuver"],"picked":"SKIP","floor":20},{"not_picked":["Corpse Explosion","Endless Agony","Dagger Throw+1"],"picked":"SKIP","floor":22},{"not_picked":["Heel Hook","Quick Slash","Riddle With Holes"],"picked":"SKIP","floor":24},{"not_picked":["Caltrops","Phantasmal Killer"],"picked":"Outmaneuver","floor":27}],"player_experience":63319,"relics_obtained":[{"floor":8,"key":"PreservedInsect"},{"floor":9,"key":"Pear"},{"floor":11,"key":"StoneCalendar"},{"floor":14,"key":"MawBank"},{"floor":24,"key":"Juzu Bracelet"},{"floor":26,"key":"Pantograph"},{"floor":27,"key":"War Paint"}],"event_choices":[{"cards_removed":["Strike_G"],"damage_healed":0,"gold_gain":0,"player_choice":"Forget","damage_taken":0,"max_hp_gain":0,"max_hp_loss":0,"event_name":"Living Wall","floor":6,"gold_loss":0},{"damage_healed":0,"gold_gain":175,"player_choice":"AGREE","damage_taken":0,"max_hp_gain":0,"max_hp_loss":0,"event_name":"Liars Game","floor":10,"gold_loss":0,"cards_obtained":["Doubt"]},{"damage_healed":0,"gold_gain":0,"player_choice":"Paid Gold","damage_taken":0,"relics_obtained":["MealTicket"],"max_hp_gain":0,"max_hp_loss":0,"event_name":"WeMeetAgain","floor":21,"gold_loss":63},{"damage_healed":0,"gold_gain":0,"player_choice":"Cursed","damage_taken":0,"max_hp_gain":0,"max_hp_loss":0,"event_name":"Wheel of Change","floor":28,"gold_loss":0,"cards_obtained":["Decay"]}],"is_beta":false,"boss_relics":[{"not_picked":["Fusion Hammer","WristBlade"],"picked":"Empty Cage"}],"items_purged_floors":[19],"is_endless":false,"potions_floor_spawned":[5,11,12,14,22,24,27],"killed_by":"Book of Stabbing","ascension_level":1}}