{"host":"51dweoxrcspgw6ri","time":1608419971,"event":{"mods":["BaseMod","Colored Map","Colored Powertips","Minty Spire (QoL Compilation)","Rare Cards Sparkle","Relic Stats","StSLib","SuperFastMode","The Bug Knight"],"gold_per_floor":[11,11,21,35,52,80,80,92,92,108,283,298,316,335,335,431,431,446,446,406,422,21,21,49,49,49,49,60,60,91,107,107,204,204,214,231,43,53,66,93,103,135,135,162,162,195,195,211,211,211,211,211,8,33,33,33],"floor_reached":55,"playtime":4472,"items_purged":[],"score":933,"play_id":"3d925367-7314-4139-afee-22ef5c780511","local_time":"20201220001931","is_ascension_mode":false,"campfire_choices":[{"data":"Apotheosis","floor":7.0,"key":"SMITH"},{"floor":15.0,"key":"REST"},{"floor":23.0,"key":"REST"},{"floor":27.0,"key":"RECALL"},{"floor":32.0,"key":"REST"},{"floor":47,"key":"REST"},{"floor":49,"key":"REST"},{"floor":52,"key":"REST"}],"circlet_count":0,"master_deck":["HollowMod:NailStrikeStart","HollowMod:NailStrikeStart","HollowMod:QuickDashStart+1","HollowMod:QuickDashStart","HollowMod:QuickDashStart","HollowMod:QuickDashStart","HollowMod:FocusHealStart","HollowMod:PogoStrike","Apotheosis+1","HollowMod:VengefulVoid","HollowMod:SiblingsSouls","HollowMod:SiblingsSouls+1","HollowMod:MantisMark","HollowMod:MantisMark","HollowMod:SiblingsSouls","HollowMod:PerfectDash","HollowMod:CornifersMapStart+1","HollowMod:HuntersJournal","HollowMod:CycloneSlash+1","HollowMod:MantisMark","HollowMod:SiblingsSouls","HollowMod:ElderbugsWisdom","Secret Weapon","HollowMod:PerfectDash","HollowMod:PureVessel","Parasite","HollowMod:PerfectDash+1","HollowMod:HuntersJournal","HollowMod:ElderbugsWisdom","HollowMod:SlysStrikes","HollowMod:SiblingsSouls+1","HollowMod:NewLittleFool+1"],"relics":["HollowMod:VesselMask","Ornamental Fan","Ginger","Empty Cage","Nilry\u0027s Codex","Bottled Lightning","Sling","Molten Egg 2","Gremlin Horn","Prayer Wheel","Fusion Hammer","The Courier","Bottled Tornado","Art of War","Shuriken","Kunai"],"acts_visited":["Exordium","TheCity","TheBeyond","TheEnding"],"potions_floor_usage":[44,50,50],"damage_taken":[{"damage":1.0,"enemies":"Jaw Worm","floor":1.0,"turns":3.0},{"damage":2.0,"enemies":"2 Louse","floor":3.0,"turns":2.0},{"damage":4.0,"enemies":"Small Slimes","floor":4.0,"turns":4.0},{"damage":20.0,"enemies":"Exordium Thugs","floor":5.0,"turns":7.0},{"damage":21.0,"enemies":"3 Sentries","floor":6.0,"turns":6.0},{"damage":3.0,"enemies":"3 Louse","floor":8.0,"turns":2.0},{"damage":2.0,"enemies":"2 Fungi Beasts","floor":10.0,"turns":3.0},{"damage":0.0,"enemies":"HollowMod:HuskWarrior","floor":12.0,"turns":3.0},{"damage":0.0,"enemies":"3 Louse","floor":13.0,"turns":2.0},{"damage":10.0,"enemies":"Gremlin Gang","floor":14.0,"turns":4.0},{"damage":5.0,"enemies":"Slime Boss","floor":16.0,"turns":8.0},{"damage":0.0,"enemies":"Chosen","floor":18.0,"turns":3.0},{"damage":4.0,"enemies":"HollowMod:HuskSentry","floor":21.0,"turns":5.0},{"damage":1.0,"enemies":"Book of Stabbing","floor":24.0,"turns":5.0},{"damage":8.0,"enemies":"Centurion and Healer","floor":28.0,"turns":5.0},{"damage":5.0,"enemies":"HollowMod:Nosk","floor":30.0,"turns":5.0},{"damage":10.0,"enemies":"Shelled Parasite and Fungi","floor":31.0,"turns":4.0},{"damage":19.0,"enemies":"HollowMod:NKGrimm","floor":33.0,"turns":9.0},{"damage":1.0,"enemies":"3 Shapes","floor":35.0,"turns":2.0},{"damage":2.0,"enemies":"3 Darklings","floor":36.0,"turns":3.0},{"damage":0.0,"enemies":"Transient","floor":38.0,"turns":5.0},{"damage":0.0,"enemies":"Sphere and 2 Shapes","floor":39.0,"turns":5.0},{"damage":0.0,"enemies":"HollowMod:StalkingDevout","floor":40.0,"turns":6.0},{"damage":2.0,"enemies":"Writhing Mass","floor":41.0,"turns":5.0},{"damage":0.0,"enemies":"Reptomancer","floor":42.0,"turns":4.0},{"damage":0,"enemies":"Nemesis","floor":44,"turns":5},{"damage":0,"enemies":"Reptomancer","floor":46,"turns":5},{"damage":0,"enemies":"Spire Growth","floor":48,"turns":5},{"damage":76,"enemies":"Time Eater","floor":50,"turns":10},{"damage":0,"enemies":"Shield and Spear","floor":54,"turns":6},{"damage":88,"enemies":"The Heart","floor":55,"turns":9}],"seed_played":"-5211196519486166432","potions_obtained":[{"floor":3.0,"key":"GamblersBrew"},{"floor":8.0,"key":"DuplicationPotion"},{"floor":10.0,"key":"Dexterity Potion"},{"floor":12.0,"key":"SkillPotion"},{"floor":16.0,"key":"Swift Potion"},{"floor":18.0,"key":"Strength Potion"},{"floor":29.0,"key":"Fruit Juice"},{"floor":29.0,"key":"PowerPotion"},{"floor":29.0,"key":"Explosive Potion"},{"floor":30.0,"key":"LiquidBronze"},{"floor":33.0,"key":"GamblersBrew"},{"floor":35.0,"key":"SkillPotion"},{"floor":36.0,"key":"GamblersBrew"},{"floor":41.0,"key":"Swift Potion"},{"floor":42.0,"key":"ColorlessPotion"},{"floor":48,"key":"DuplicationPotion"},{"floor":54,"key":"Explosive Potion"}],"is_trial":false,"path_per_floor":["M","?","M","M","M","E","R","M","T","M","?","M","M","M","R","B",null,"M","?","?","M","$","R","E","?","T","R","M","?","E","M","R","B",null,"M","M","$","M","M","E","M","E","T","E","?","E","R","M","R","B",null,"R","$","E","B"],"character_chosen":"THE_BUGKNIGHT","items_purchased":["Bottled Lightning","Sling","Secret Weapon","Shuriken"],"campfire_rested":6,"item_purchase_floors":[22,22,37,53],"current_hp_per_floor":[74,74,72,74,64,53,53,50,50,48,48,48,48,38,60,65,75,75,59,59,55,55,75,74,74,74,74,72,77,72,62,80,61,80,79,77,77,80,80,80,78,78,78,80,80,80,80,80,80,10,80,80,80,80,0,0],"gold":33,"neow_bonus":"RANDOM_COLORLESS_2","is_daily":false,"chose_seed":false,"campfire_upgraded":1,"win_rate":0.0,"timestamp":1608419971,"path_taken":["M","?","M","M","M","E","R","M","T","M","?","M","M","M","R","BOSS","M","?","?","?","$","R","E","?","T","R","M","?","E","M","R","BOSS","M","M","$","?","M","E","M","E","T","E","?","E","R","?","R","BOSS","R","$","E","BOSS"],"items_purchased_type":["Relic","Relic","Card","Relic"],"build_version":"2020-12-13","purchased_purges":0,"victory":false,"max_hp_per_floor":[75,75,75,75,75,75,75,75,75,75,75,75,75,75,75,75,75,75,75,75,75,75,75,75,75,75,75,75,80,80,80,80,80,80,80,80,80,80,80,80,80,80,80,80,80,80,80,80,80,80,80,80,80,80,80,80],"relic_stats":{"Gremlin Horn":[21,21],"counters":[31,150],"Ornamental Fan":[120],"Shuriken":[2],"Prayer Wheel":7,"Art of War":[5],"Ginger":[25],"Kunai":[1],"obtain_stats":[{"Gremlin Horn":26,"Nilry\u0027s Codex":19,"HollowMod:VesselMask":0,"The Courier":40,"Ginger":9,"Bottled Tornado":44,"Empty Cage":17,"Sling":22,"Ornamental Fan":6,"Shuriken":53,"Molten Egg 2":24,"Prayer Wheel":30,"Fusion Hammer":34,"Art of War":46,"Bottled Lightning":22,"Kunai":54},{"Gremlin Horn":14,"Nilry\u0027s Codex":12,"HollowMod:VesselMask":0,"The Courier":23,"Ginger":6,"Bottled Tornado":26,"Empty Cage":11,"Sling":13,"Ornamental Fan":5,"Shuriken":29,"Molten Egg 2":14,"Prayer Wheel":16,"Fusion Hammer":18,"Art of War":27,"Bottled Lightning":13,"Kunai":30},{"Gremlin Horn":57,"Nilry\u0027s Codex":47,"HollowMod:VesselMask":0,"The Courier":101,"Ginger":24,"Bottled Tornado":115,"Empty Cage":44,"Sling":52,"Ornamental Fan":22,"Shuriken":135,"Molten Egg 2":57,"Prayer Wheel":67,"Fusion Hammer":80,"Art of War":120,"Bottled Lightning":52,"Kunai":141}]},"card_choices":[{"not_picked":["Panache","Master of Strategy"],"picked":"Apotheosis","floor":0.0},{"not_picked":["HollowMod:WraithStrike","HollowMod:HeavyBlow"],"picked":"HollowMod:VengefulVoid","floor":1.0},{"not_picked":["HollowMod:InfectedCysts","HollowMod:WraithStrike"],"picked":"HollowMod:SiblingsSouls","floor":3.0},{"not_picked":["HollowMod:Hiveblood","HollowMod:CornifersMapStart"],"picked":"HollowMod:SiblingsSouls","floor":4.0},{"not_picked":["HollowMod:CoiledNail","HollowMod:SoulStrike"],"picked":"HollowMod:MantisMark","floor":5.0},{"not_picked":["HollowMod:HeavyBlow","HollowMod:NewJinnsSoul"],"picked":"HollowMod:MantisMark","floor":6.0},{"not_picked":["HollowMod:SharpenedShadows","HollowMod:DesolateDive","HollowMod:DoubleDash"],"picked":"SKIP","floor":8.0},{"not_picked":["HollowMod:LifebloodCore","HollowMod:BaldurShell","HollowMod:AbyssShriek"],"picked":"SKIP","floor":10.0},{"not_picked":["HollowMod:BaldurShell","HollowMod:SoulStrike"],"picked":"HollowMod:SiblingsSouls","floor":12.0},{"not_picked":["HollowMod:NewJinnsSoul","HollowMod:MawleksShell"],"picked":"HollowMod:PerfectDash","floor":13.0},{"not_picked":["HollowMod:DashSlash","HollowMod:LifebloodCocoon","HollowMod:InfectedAttack"],"picked":"SKIP","floor":14.0},{"not_picked":["HollowMod:MawleksShell","HollowMod:InfectedAttack"],"picked":"HollowMod:CornifersMapStart+1","floor":18.0},{"not_picked":["HollowMod:WraithStrike","HollowMod:DescendingDark","HollowMod:NewJinnsSoul+1"],"picked":"SKIP","floor":21.0},{"not_picked":["HollowMod:ShapeofUnn","HollowMod:InfectedCysts+1"],"picked":"HollowMod:HuntersJournal","floor":24.0},{"not_picked":["HollowMod:SoulSplash","HollowMod:BlackTendrils+1"],"picked":"HollowMod:CycloneSlash+1","floor":28.0},{"not_picked":["HollowMod:VengefulSpirit+1","HollowMod:CornifersMapStart"],"picked":"HollowMod:MantisMark","floor":30.0},{"not_picked":["HollowMod:RecoilStrike+1","HollowMod:ShadowDash"],"picked":"HollowMod:SiblingsSouls","floor":31.0},{"not_picked":["HollowMod:VengefulVoid+1","HollowMod:TaintedHusks","HollowMod:ChannelNail+1"],"picked":"SKIP","floor":31.0},{"not_picked":["HollowMod:NewInfectedGuardian","HollowMod:LordofShades"],"picked":"HollowMod:ElderbugsWisdom","floor":33.0},{"not_picked":["HollowMod:DoubleDash","HollowMod:LifebloodCocoon","HollowMod:MothsMistake"],"picked":"SKIP","floor":35.0},{"not_picked":["HollowMod:CornifersMapStart","HollowMod:WraithStrike+1","HollowMod:SoulShaman+1"],"picked":"SKIP","floor":35.0},{"not_picked":["HollowMod:BrokenVessel","HollowMod:SharpenedShadows","HollowMod:TaintedHusks+1"],"picked":"SKIP","floor":36.0},{"not_picked":["HollowMod:CornifersMapStart","HollowMod:FastStrike+1","HollowMod:DoubleDash"],"picked":"SKIP","floor":36.0},{"not_picked":["HollowMod:CornifersMapStart+1","HollowMod:MothsMistake"],"picked":"HollowMod:PerfectDash","floor":38.0},{"not_picked":["HollowMod:SoulStrike+1","HollowMod:InfectedAttack+1","HollowMod:AwokenDreamNail+1"],"picked":"SKIP","floor":38.0},{"not_picked":["HollowMod:SharpenedShadows+1","HollowMod:HeavyBlow+1","HollowMod:CornifersMapStart"],"picked":"SKIP","floor":39.0},{"not_picked":["HollowMod:MothsMistake+1","HollowMod:DoubleDash","HollowMod:Hiveblood"],"picked":"SKIP","floor":39.0},{"not_picked":["HollowMod:SoulEater+1","HollowMod:NewGlowingWomb"],"picked":"HollowMod:PureVessel","floor":40.0},{"not_picked":["HollowMod:SoulStrike+1","HollowMod:SoulEater+1","HollowMod:InfectedCysts+1"],"picked":"SKIP","floor":41.0},{"not_picked":["HollowMod:NewJinnsSoul+1","HollowMod:ShadowDash","HollowMod:InfectionAssault+1"],"picked":"SKIP","floor":41.0},{"not_picked":["HollowMod:LordofShades","HollowMod:SiblingsSouls+1"],"picked":"HollowMod:PerfectDash+1","floor":42.0},{"not_picked":["HollowMod:SharpenedNail+1","HollowMod:SoulStrike+1"],"picked":"HollowMod:HuntersJournal","floor":44},{"not_picked":["HollowMod:DashSlash+1","HollowMod:VengefulSpirit+1","HollowMod:MothsMistake+1"],"picked":"SKIP","floor":46},{"not_picked":["HollowMod:SiblingsShadow","HollowMod:MantisMark"],"picked":"HollowMod:SlysStrikes","floor":48},{"not_picked":["HollowMod:SharpenedNail+1","HollowMod:RecoilStrike+1"],"picked":"HollowMod:SiblingsSouls+1","floor":48},{"not_picked":["HollowMod:TaintedHusks","HollowMod:SoulStrike+1"],"picked":"HollowMod:NewLittleFool+1","floor":54}],"player_experience":524982,"relics_obtained":[{"floor":6.0,"key":"Ornamental Fan"},{"floor":9.0,"key":"Ginger"},{"floor":19.0,"key":"Nilry\u0027s Codex"},{"floor":24.0,"key":"Molten Egg 2"},{"floor":26.0,"key":"Gremlin Horn"},{"floor":30.0,"key":"Prayer Wheel"},{"floor":40.0,"key":"The Courier"},{"floor":44,"key":"Bottled Tornado"},{"floor":46,"key":"Art of War"},{"floor":54,"key":"Kunai"}],"event_choices":[{"damage_healed":0.0,"max_hp_gain":0.0,"max_hp_loss":0.0,"gold_gain":175.0,"event_name":"Liars Game","player_choice":"AGREE","floor":11.0,"gold_loss":0.0,"damage_taken":0.0,"cards_obtained":["Doubt"]},{"damage_healed":0.0,"max_hp_gain":0.0,"max_hp_loss":0.0,"gold_gain":0.0,"event_name":"Cursed Tome","player_choice":"Obtained Book","floor":19.0,"gold_loss":0.0,"damage_taken":16.0},{"damage_healed":0.0,"max_hp_gain":0.0,"max_hp_loss":0.0,"gold_gain":0.0,"event_name":"Designer","player_choice":"Upgraded Two","floor":20.0,"gold_loss":40.0,"damage_taken":0.0,"cards_upgraded":["HollowMod:SiblingsSouls","HollowMod:QuickDashStart"]},{"cards_removed":["HollowMod:NailStrikeStart"],"damage_healed":0.0,"max_hp_gain":0.0,"max_hp_loss":0.0,"gold_gain":0.0,"event_name":"Back to Basics","player_choice":"Elegance","floor":25.0,"gold_loss":0.0,"damage_taken":0.0},{"damage_healed":0.0,"max_hp_gain":0.0,"max_hp_loss":0.0,"gold_gain":0.0,"event_name":"Lab","player_choice":"Got Potions","floor":29.0,"gold_loss":0.0,"damage_taken":0.0},{"damage_healed":0,"gold_gain":0,"player_choice":"Copied","damage_taken":0,"max_hp_gain":0,"max_hp_loss":0,"event_name":"Duplicator","floor":45,"gold_loss":0,"cards_obtained":["HollowMod:ElderbugsWisdom"]}],"is_beta":false,"boss_relics":[{"not_picked":["Sozu","Calling Bell"],"picked":"Empty Cage"},{"not_picked":["Busted Crown","Philosopher\u0027s Stone"],"picked":"Fusion Hammer"}],"items_purged_floors":[],"is_endless":false,"potions_floor_spawned":[3,8,10,12,16,18,30,33,35,36,41,42,48,54],"killed_by":"The Heart","ascension_level":0}}