{"host":"p5aq29s28win9gfx","time":1608389769,"event":{"mods":["Ascension Reborn","BaseMod","BetterRewards","CapriCore","Custom Start","Duelist Mod","GifTheSpireLib","Infinite Spire","Minty Spire (QoL Compilation)","Replay The Spire","Shop Mod","Spicy Shops","StSLib","Stuff the Spire","The Animator","The Bug Knight","The Cursed","The Death Knight","The Immortal"],"gold_per_floor":[131,161,161,161,161,177,14,59,59,59,59,71,146,146,174,186,186,283,283,270,270,270,270,284,335,335,115,141,141,55,55,74,94,94,205,205,251,300,357,394,394,394,451,284,284,102,102,132,132,167,167,288,313,337,337,337,337,366,366,394,500,579,628,691,742,828,675,675,783,808,868,928,1028,1087,1159,1159,1268,740,765,765,690,690,690],"floor_reached":82,"playtime":9366,"items_purged":["theDuelist:GravekeeperCurse","Clumsy"],"score":1281,"play_id":"480afd9d-93b2-4496-9955-afcb02a997b8","local_time":"20201219155609","is_ascension_mode":true,"campfire_choices":[{"floor":9,"key":"REST"},{"data":"animator:Mitsurugi","floor":14,"key":"SMITH"},{"floor":17,"key":"REST"},{"floor":26,"key":"RECALL"},{"data":"animator:Shalltear","floor":29,"key":"SMITH"},{"data":"animator:Hans","floor":34,"key":"SMITH"},{"floor":42,"key":"REST"},{"floor":49,"key":"REST"},{"floor":51,"key":"REST"},{"floor":59,"key":"REST"},{"floor":68,"key":"REST"},{"floor":76,"key":"REST"}],"circlet_count":0,"master_deck":["animator:Strike_Konosuba+1","animator:Defend_Konosuba+1","animator:Strike+1","animator:Strike+1","animator:Strike+1","animator:Defend+1","animator:Defend+1","animator:Defend+1","animator:Kazuma+1","animator:Aqua","animator:Vanir","animator:Lancer","animator:Mitsurugi+1","animator:Verdia","animator:Entoma+3","animator:Shalltear+1","animator:Hans+1","animator:EmiyaShirou+1","animator:Souei","animator:Megumin+14","Pot Of Greed","Pot Of Greed","animator:Aqua+1","animator:GuildGirl","Pot Of Greed","animator:GoblinSlayer","animator:Tatsumaki+1","animator:Tatsumaki+1","animator:Kira","animator:Gilgamesh+8","animator:GoblinSlayer","animator:Boros","Injury","infinitespire:Starlight+1","animator:IzunaHatsuse","Pot Of Greed","animator:Shiro","theDuelist:SummoningCurse","animator:Tatsumaki","animator:Tatsumaki","animator:Berserker","animator:Eris","infinitespire:TheBestDefense","animator:Saber","Pot Of Greed","animator:Vanir","animator:Jibril+1","animator:Ainz","animator:Aqua","animator:Aqua"],"relics":["animator:LivingPicture","StuffTheSpire:OccultApparatus","Cursed Key","Replay:Bottled Snecko","infinitespire:Lychee Nut","Grinning Jar","MerchantsRug","Toy Ornithopter","infinitespire:EvilPickle","StuffTheSpire:ModemDavis","Blue Doll","Replay:Lucky Slots","infinitespire:ShieldingShard","animator:EngravedStaff","StuffTheSpire:CocoNut","ReplayTheSpireMod:TigerMarble","Counterbalance","StuffTheSpire:DarkSteelAnvil","Fusion Hammer","Replay:Wanted Poster","infinitespire:Bottled Soul","animator:WornHelmet","Calipers","DeathKnight:SindragosasSkull"],"acts_visited":["Exordium","TheCity","TheBeyond","Exordium","TheCity"],"potions_floor_usage":[16,18,24,25,35,35,35,40,52,69],"damage_taken":[{"damage":12,"enemies":"Cultist","floor":1,"turns":7},{"damage":4,"enemies":"Jaw Worm","floor":2,"turns":4},{"damage":0,"enemies":"Small Slimes","floor":6,"turns":3},{"damage":27,"enemies":"3 Sentries","floor":8,"turns":10},{"damage":0,"enemies":"3 Louse","floor":12,"turns":5},{"damage":0,"enemies":"Blue Slaver","floor":15,"turns":3},{"damage":16,"enemies":"Gremlin Gang","floor":16,"turns":5},{"damage":52,"enemies":"Fading Forest","floor":18,"turns":11},{"damage":14,"enemies":"2 Thieves","floor":20,"turns":5},{"damage":10,"enemies":"Chosen","floor":24,"turns":7},{"damage":6,"enemies":"Nightmare","floor":25,"turns":10},{"damage":0,"enemies":"Centurion and Healer","floor":30,"turns":7},{"damage":18,"enemies":"Shelled Parasite and Fungi","floor":32,"turns":8},{"damage":15,"enemies":"Snake Plant","floor":33,"turns":4},{"damage":12,"enemies":"Pondfish","floor":35,"turns":11},{"damage":3,"enemies":"3 Shapes","floor":37,"turns":4},{"damage":12,"enemies":"3 Darklings","floor":38,"turns":4},{"damage":11,"enemies":"4 Shapes","floor":39,"turns":3},{"damage":22,"enemies":"Writhing Mass","floor":40,"turns":6},{"damage":28,"enemies":"Nemesis","floor":43,"turns":7},{"damage":29,"enemies":"Maw","floor":48,"turns":7},{"damage":20,"enemies":"3 Darklings","floor":50,"turns":4},{"damage":70,"enemies":"Donu and Deca","floor":52,"turns":6},{"damage":29,"enemies":"Small Slimes","floor":54,"turns":3},{"damage":5,"enemies":"Jaw Worm","floor":55,"turns":3},{"damage":0,"enemies":"Cultist","floor":58,"turns":3},{"damage":17,"enemies":"2 Fungi Beasts","floor":60,"turns":4},{"damage":20,"enemies":"Lots of Slimes","floor":63,"turns":2},{"damage":12,"enemies":"3 Louse","floor":64,"turns":2},{"damage":0,"enemies":"2 Fungi Beasts","floor":65,"turns":2},{"damage":26,"enemies":"Lagavulin","floor":66,"turns":6},{"damage":91,"enemies":"Fading Forest","floor":69,"turns":11},{"damage":16,"enemies":"3 Byrds","floor":71,"turns":4},{"damage":3,"enemies":"Spheric Guardian","floor":72,"turns":2},{"damage":6,"enemies":"Snecko","floor":74,"turns":4},{"damage":26,"enemies":"Snake Plant","floor":75,"turns":2},{"damage":100,"enemies":"Nightmare_Alpha","floor":77,"turns":7}],"seed_played":"-4405311773714637044","potions_obtained":[{"floor":2,"key":"Block Potion"},{"floor":6,"key":"Languid Potion"},{"floor":12,"key":"Energy Potion"},{"floor":16,"key":"Fruit Juice"},{"floor":20,"key":"DeathKnight:RimePotion"},{"floor":24,"key":"animator:FalseLifePotion"},{"floor":30,"key":"Regen Potion"},{"floor":33,"key":"Adrenaline Potion"},{"floor":35,"key":"Weak Potion"},{"floor":39,"key":"LiquidMemories"},{"floor":40,"key":"SteroidPotion"},{"floor":64,"key":"Weak Potion"},{"floor":77,"key":"EssenceOfSteel"}],"is_trial":false,"path_per_floor":["M","M","?","PTL","PTL","M","$","E","R","?","T","M","?","R","M","M","R","B",null,"M","?","AVR","?","M","NM","R","$","T","R","M","?","M","M","R","B",null,"M","M","M","M","AVR","R","E","$","T","$","?","M","R","M","R","B",null,"M","M","AVR","?","M","R","M","T","T","M","M","M","E","$","R","B",null,"M","M","AVR","M","M","R","NM","$","T","?","?","?"],"character_chosen":"THE_ANIMATOR","items_purchased":["animator:Ainz","Grinning Jar","MerchantsRug","animator:Kira","Replay:Lucky Slots","animator:Gilgamesh","animator:EngravedStaff","StuffTheSpire:DarkSteelAnvil","animator:Berserker","animator:Eris","animator:Ainz","Calipers","animator:Aqua"],"campfire_rested":8,"item_purchase_floors":[7,27,27,44,44,46,46,67,67,67,78,78,78],"current_hp_per_floor":[60,58,44,44,44,47,47,26,49,49,49,52,41,41,43,37,62,13,87,75,75,75,75,67,64,64,64,64,64,65,65,49,45,45,67,67,67,61,55,48,48,67,39,39,39,39,39,24,44,35,55,1,67,40,45,45,45,52,69,52,59,59,45,36,39,24,24,46,12,77,73,74,74,77,66,77,6,6,6,6,6,0,0],"gold":690,"neow_bonus":"TEN_PERCENT_HP_BONUS","is_daily":false,"chose_seed":false,"campfire_upgraded":3,"win_rate":0.0,"timestamp":1608389769,"path_taken":["M","M","?","PTL","PTL","M","$","E","R","?","T","M","?","R","M","M","R","BOSS","M","?","AVR","?","M","NM","R","$","T","R","?","?","M","M","R","BOSS","M","?","M","M","AVR","R","E","?","T","$","?","M","R","M","R","BOSS","M","M","AVR","?","M","R","M","?","T","M","M","M","E","$","R","BOSS","M","M","AVR","M","M","R","NM","$","T","?","?","?"],"items_purchased_type":["Card","Relic","Relic","Card","Relic","Card","Relic","Relic","Card","Card","Card","Relic","Card"],"build_version":"2020-12-13","purchased_purges":2,"victory":false,"max_hp_per_floor":[72,72,72,72,72,73,73,77,77,77,77,78,78,78,78,86,86,87,87,87,87,87,87,87,65,65,65,65,65,65,65,67,67,67,67,67,67,67,67,67,67,67,67,67,67,67,67,67,67,67,67,67,67,67,67,67,67,69,69,69,76,76,76,76,76,76,76,76,77,77,77,77,77,77,77,77,77,77,77,77,74,74,74],"card_choices":[{"not_picked":["animator:Sebas","animator:Mitsurugi"],"picked":"animator:Vanir","floor":1},{"not_picked":["animator:HighElfArcher","animator:MumenRider"],"picked":"animator:Lancer","floor":2},{"not_picked":["animator:SilverFang","animator:Lancer"],"picked":"animator:Mitsurugi","floor":6},{"not_picked":["animator:Mitsurugi","animator:Vanir"],"picked":"animator:Verdia","floor":8},{"not_picked":["animator:Illya","animator:Rider"],"picked":"animator:ShinjiMatou","floor":12},{"not_picked":["animator:Millim","animator:GuildGirl"],"picked":"animator:Entoma","floor":15},{"not_picked":["animator:Chris","animator:Vesta"],"picked":"animator:Shalltear","floor":16},{"not_picked":["animator:Wiz","animator:SwordMaiden"],"picked":"animator:Hans","floor":18},{"not_picked":["animator:DwarfShaman","animator:Archer"],"picked":"animator:EmiyaShirou+1","floor":20},{"not_picked":["animator:MumenRider+1","animator:Genos"],"picked":"animator:Souei","floor":24},{"not_picked":["animator:Chris+1","animator:DwarfShaman+1"],"picked":"animator:Megumin","floor":25},{"not_picked":["animator:Hakurou","animator:Rider"],"picked":"animator:Megumin","floor":30},{"not_picked":["animator:ShinjiMatou","animator:Sonic"],"picked":"animator:Aqua+1","floor":32},{"not_picked":["animator:Genos+1","animator:Chris+1"],"picked":"animator:GuildGirl","floor":33},{"not_picked":["animator:Rimuru","animator:Hans"],"picked":"animator:GoblinSlayer","floor":35},{"not_picked":["animator:YunYun","animator:DwarfShaman","animator:Rider"],"picked":"SKIP","floor":37},{"not_picked":["animator:Alexander+1","animator:Priestess"],"picked":"animator:Tatsumaki+1","floor":38},{"not_picked":["animator:DolaRiku","animator:Witch+1"],"picked":"animator:Tatsumaki+1","floor":39},{"not_picked":["animator:Entoma+1","animator:HighElfArcher+1","animator:DwarfShaman"],"picked":"SKIP","floor":40},{"not_picked":["animator:Rider","animator:YunYun","animator:ChlammyZell+1"],"picked":"SKIP","floor":43},{"not_picked":["animator:DwarfShaman+1","animator:Illya+1"],"picked":"animator:GoblinSlayer","floor":48},{"not_picked":["animator:Sonic+1","animator:SilverFang+1","animator:GuildGirl+1"],"picked":"SKIP","floor":50},{"not_picked":["animator:Rimuru","animator:Albedo"],"picked":"animator:Boros","floor":52},{"not_picked":["animator:Shiro","animator:Sora"],"picked":"animator:Gilgamesh","floor":53},{"not_picked":["infinitespire:FinalStrike","infinitespire:TheBestDefense"],"picked":"infinitespire:Starlight","floor":53},{"not_picked":["animator:Darkness","animator:DolaCouronne","animator:Sebas"],"picked":"SKIP","floor":54},{"not_picked":["animator:FielNirvalen","animator:Hakurou"],"picked":"animator:IzunaHatsuse","floor":55},{"not_picked":["animator:IzunaHatsuse","animator:Millim","animator:Benimaru"],"picked":"SKIP","floor":58},{"not_picked":["animator:Demiurge","animator:MumenRider"],"picked":"animator:Shiro","floor":60},{"not_picked":["animator:Vanir","animator:EmiyaShirou"],"picked":"animator:Tatsumaki","floor":63},{"not_picked":["animator:DwarfShaman","animator:Rider"],"picked":"animator:Megumin","floor":64},{"not_picked":["animator:Witch","animator:Jibril"],"picked":"animator:Tatsumaki","floor":65},{"not_picked":["animator:Alexander","animator:ShinjiMatou","animator:DolaCouronne"],"picked":"SKIP","floor":66},{"not_picked":["ReplayTheSpireMod:Echoes of Time","infinitespire:FutureSight"],"picked":"infinitespire:TheBestDefense","floor":69},{"not_picked":["animator:SwordMaiden","animator:GoblinSlayer"],"picked":"animator:Saber","floor":69},{"not_picked":["animator:DolaCouronne","animator:Alexander","animator:CowGirl+1"],"picked":"SKIP","floor":71},{"not_picked":["animator:Hakurou","animator:Vesta+1","animator:DolaSchwi"],"picked":"SKIP","floor":72},{"not_picked":["animator:Spearman+1","animator:Souei","animator:Alexander"],"picked":"SKIP","floor":74},{"not_picked":["animator:Kaijin","animator:Demiurge"],"picked":"animator:Vanir","floor":75},{"not_picked":["animator:Demiurge","animator:Archer"],"picked":"animator:Jibril+1","floor":77}],"player_experience":181674,"relics_obtained":[{"floor":8,"key":"StuffTheSpire:Rhapsscallions"},{"floor":25,"key":"infinitespire:Lychee Nut"},{"floor":28,"key":"Toy Ornithopter"},{"floor":43,"key":"Blue Doll"},{"floor":45,"key":"infinitespire:ShieldingShard"},{"floor":61,"key":"StuffTheSpire:CocoNut"},{"floor":62,"key":"ReplayTheSpireMod:TigerMarble"},{"floor":66,"key":"Counterbalance"},{"floor":77,"key":"animator:WornHelmet"},{"floor":79,"key":"DeathKnight:SindragosasSkull"}],"event_choices":[{"damage_healed":0,"gold_gain":0,"player_choice":"Entered Light","damage_taken":14,"max_hp_gain":0,"max_hp_loss":0,"event_name":"Shining Light","floor":3,"gold_loss":0,"cards_upgraded":["animator:Kazuma","animator:Strike_Konosuba"]},{"damage_healed":0,"gold_gain":75,"player_choice":"Gather Gold","damage_taken":11,"max_hp_gain":0,"max_hp_loss":0,"event_name":"World of Goop","floor":13,"gold_loss":0},{"damage_healed":0,"gold_gain":0,"player_choice":"Simplicity","damage_taken":0,"max_hp_gain":0,"max_hp_loss":0,"event_name":"Back to Basics","floor":21,"gold_loss":0,"cards_upgraded":["animator:Defend_Konosuba","animator:Strike","animator:Strike","animator:Strike","animator:Defend","animator:Defend","animator:Defend"]},{"cards_removed":["animator:ShinjiMatou"],"damage_healed":0,"gold_gain":0,"player_choice":"Card Removal","damage_taken":0,"max_hp_gain":0,"max_hp_loss":0,"event_name":"Wheel of Change","floor":23,"gold_loss":0},{"damage_healed":0,"gold_gain":0,"player_choice":"Ignored","damage_taken":0,"max_hp_gain":0,"max_hp_loss":0,"event_name":"NoteForYourself","floor":31,"gold_loss":0},{"damage_healed":0,"gold_gain":0,"player_choice":"Grow","damage_taken":0,"max_hp_gain":0,"max_hp_loss":0,"event_name":"Living Wall","floor":57,"gold_loss":0,"cards_upgraded":["infinitespire:Starlight"]},{"damage_healed":0,"gold_gain":0,"player_choice":"Ignored","damage_taken":0,"max_hp_gain":0,"max_hp_loss":0,"event_name":"Vampires","floor":80,"gold_loss":0},{"cards_removed":["Parasite"],"damage_healed":0,"gold_gain":0,"player_choice":"Gave Gold","damage_taken":0,"max_hp_gain":0,"max_hp_loss":0,"event_name":"Beggar","floor":81,"gold_loss":75}],"is_beta":false,"boss_relics":[{"not_picked":["infinitespire:Cupcake","animator:CursedBlade"],"picked":"Cursed Key"},{"not_picked":["Busted Crown","Ring of Chaos"],"picked":"StuffTheSpire:ModemDavis"},{"not_picked":["Empty Cage","StuffTheSpire:RunicHypercube"],"picked":"ReplayTheSpireMod:SealedPack"},{"not_picked":["animator:CursedBlade","Astrolabe"],"picked":"Fusion Hammer"}],"items_purged_floors":[67,78],"is_endless":true,"potions_floor_spawned":[2,6,12,16,20,24,30,33,35,39,40,50,60,64,65,77],"ascension_level":0}}