{"host":"icrrc9b69c1a6188","time":1608394261,"event":{"mods":["Act Like it!","BaseMod","Bestiary","Better Altar","Better Match","Better Note","Better Sensory Stone","Better Skull","Better Third Choice","Block Reminder","Colored Map","Colored Powertips","Curses Come First","Displayed Cursed Tome","Faster Ascension Climbing","HexUI Lib","Jorbs\u0027s Wanderer Trilogy","Minty Spire (QoL Compilation)","Quick Restart","RNG Fix","Random Character Mod","Rare Cards Sparkle","Spicy Shops","StSLib","Unceasing Turn Reminder"],"gold_per_floor":[209,57,9,9,9,9,9,38,38,38,38],"floor_reached":18,"playtime":594,"items_purged":[],"score":102,"play_id":"516b6814-827f-4a89-8ffa-010ae229d566","local_time":"20201219101101","is_ascension_mode":false,"campfire_choices":[{"data":"stsjorbsmod:CULLCard","floor":6,"key":"SMITH"},{"data":"stsjorbsmod:SpiritShield_Cull","floor":10,"key":"SMITH"},{"data":"stsjorbsmod:Poultergeist","floor":17,"key":"SMITH"}],"circlet_count":0,"master_deck":["stsjorbsmod:CULLCard+1","stsjorbsmod:Apparition_Cull","stsjorbsmod:Strike_Cull","stsjorbsmod:Strike_Cull","stsjorbsmod:Strike_Cull","stsjorbsmod:Strike_Cull","stsjorbsmod:Paralysis","stsjorbsmod:SpiritShield_Cull+1","stsjorbsmod:Exhale","stsjorbsmod:Withering","stsjorbsmod:Ritual","stsjorbsmod:Poultergeist+1","stsjorbsmod:Double"],"relics":["Philosopher\u0027s Stone","OrangePellets","stsjorbsmod:WarpedGlassRelic"],"acts_visited":["Exordium"],"potions_floor_usage":[11],"damage_taken":[{"damage":2,"enemies":"Cultist","floor":1,"turns":3},{"damage":4,"enemies":"3 Sentries","floor":11,"turns":6},{"damage":67,"enemies":"The Guardian","floor":18,"turns":8}],"seed_played":"8329942093537014910","potions_obtained":[{"floor":1,"key":"Strength Potion"},{"floor":11,"key":"Explosive Potion"}],"is_trial":false,"path_per_floor":["M","$","$","R","?","T","R","E","R","B"],"character_chosen":"CULL","items_purchased":["OrangePellets","stsjorbsmod:Poultergeist"],"campfire_rested":0,"item_purchase_floors":[4,5],"current_hp_per_floor":[66,66,66,66,71,71,71,64,64,0,0],"gold":38,"neow_bonus":"BOSS_RELIC","is_daily":false,"chose_seed":false,"campfire_upgraded":3,"win_rate":0.0,"timestamp":1608394261,"path_taken":["M","$","$","R","?","T","R","E","R","BOSS"],"items_purchased_type":["Relic","Card"],"build_version":"2020-12-13","purchased_purges":0,"victory":false,"max_hp_per_floor":[67,67,67,67,72,72,72,64,64,41,41],"card_choices":[{"not_picked":["stsjorbsmod:Feint","stsjorbsmod:Double"],"picked":"stsjorbsmod:Ritual","floor":1},{"not_picked":["stsjorbsmod:Siphon","stsjorbsmod:Pollute"],"picked":"stsjorbsmod:Double","floor":11}],"player_experience":701105,"relics_obtained":[{"floor":11,"key":"stsjorbsmod:WarpedGlassRelic"}],"event_choices":[{"damage_healed":0,"gold_gain":0,"player_choice":"Donut","damage_taken":0,"max_hp_gain":5,"max_hp_loss":0,"event_name":"Big Fish","floor":7,"gold_loss":0}],"is_beta":false,"boss_relics":[],"items_purged_floors":[],"is_endless":false,"potions_floor_spawned":[1,11],"killed_by":"The Guardian","ascension_level":0}}