{"host":"f6tqpspb2ou2a4h5","time":1608341470,"event":{"mods":["2.2 Compatiblity","Ascension Unlocker","BaseMod","Colored Map","DeckTracker","Hermit","Highlight Path","KOR Keyword Fix","Keyboard Shortcuts","Minty Spire (QoL Compilation)","Permanent Neow","Quick Restart","Random Character Button","StSLib","SuperFastMode","The Poker Player","everything is the same but u backflip on backflip"],"gold_per_floor":[111,126,8,26,26,26,52,72,121,21,33,44,44,44,44,118,118,136,148,148,148,166,166,41,41,67,67,98,144,156,184,196,208,208],"floor_reached":33,"playtime":1888,"items_purged":["Strike_G","Strike_G","Strike_G"],"score":530,"play_id":"ccae8b85-54b5-4044-b293-790c47b2bcb9","local_time":"20201219103110","is_ascension_mode":true,"campfire_choices":[{"data":"Deadly Poison","floor":6.0,"key":"SMITH"},{"floor":13.0,"key":"REST"},{"data":"Neutralize","floor":15.0,"key":"SMITH"},{"data":"Well Laid Plans","floor":23.0,"key":"SMITH"},{"data":"Noxious Fumes","floor":25.0,"key":"SMITH"},{"data":"Bouncing Flask","floor":27.0,"key":"SMITH"},{"data":"Flechettes","floor":32,"key":"SMITH"}],"circlet_count":0,"master_deck":["AscendersBane","Defend_G","Defend_G","Defend_G","Defend_G","Defend_G","Survivor","Neutralize+1","Cloak And Dagger","Dash","Footwork","Deadly Poison+1","Well Laid Plans+1","Flechettes+1","Bouncing Flask+1","Leg Sweep","Venomology","Noxious Fumes+1","Acrobatics","Blur","Bane","Blade Dance","Acrobatics+1","Reflex","Decay","PiercingWail"],"relics":["Ring of the Snake","Regal Pillow","CultistMask","Paper Crane","Pen Nib","Coffee Dripper","MealTicket","MawBank","Red Mask"],"acts_visited":["Exordium","TheCity"],"potions_floor_usage":[28,28,29,31,33,33,33],"damage_taken":[{"damage":2.0,"enemies":"Small Slimes","floor":1.0,"turns":5.0},{"damage":0.0,"enemies":"Cultist","floor":2.0,"turns":5.0},{"damage":2.0,"enemies":"Jaw Worm","floor":4.0,"turns":7.0},{"damage":17.0,"enemies":"Lagavulin","floor":7.0,"turns":7.0},{"damage":9.0,"enemies":"Large Slime","floor":8.0,"turns":7.0},{"damage":12.0,"enemies":"3 Louse","floor":11.0,"turns":4.0},{"damage":1.0,"enemies":"Blue Slaver","floor":12.0,"turns":3.0},{"damage":18.0,"enemies":"Hexaghost","floor":16.0,"turns":10.0},{"damage":7.0,"enemies":"3 Byrds","floor":18.0,"turns":6.0},{"damage":0.0,"enemies":"2 Thieves","floor":19.0,"turns":4.0},{"damage":0.0,"enemies":"Snecko","floor":22.0,"turns":5.0},{"damage":5,"enemies":"Gremlin Leader","floor":28,"turns":6},{"damage":33,"enemies":"Masked Bandits","floor":29,"turns":5},{"damage":5,"enemies":"3 Cultists","floor":31,"turns":5},{"damage":10,"enemies":"Champ","floor":33,"turns":10}],"seed_played":"3546391139805709574","potions_obtained":[{"floor":2.0,"key":"AttackPotion"},{"floor":4.0,"key":"EssenceOfSteel"},{"floor":19.0,"key":"CunningPotion"},{"floor":29,"key":"PowerPotion"}],"is_trial":false,"path_per_floor":["M","M","$","M","?","R","E","M","T","$","M","M","R","$","R","B",null,"M","M","?","?","M","R","$","R","T","R","E","?","?","M","R","B"],"character_chosen":"THE_SILENT","items_purchased":["Footwork"],"campfire_rested":1,"item_purchase_floors":[3],"current_hp_per_floor":[57,57,57,55,55,55,38,29,29,29,17,16,50,50,50,32,58,51,51,51,51,51,51,51,51,51,51,46,13,13,8,8,0,0],"gold":208,"neow_bonus":"RANDOM_COMMON_RELIC","is_daily":false,"chose_seed":false,"campfire_upgraded":6,"win_rate":0.0,"timestamp":1608341470,"path_taken":["M","M","$","M","?","R","E","?","T","?","M","M","R","$","R","BOSS","M","M","?","?","M","R","$","R","T","R","E","?","?","?","R","BOSS"],"items_purchased_type":["Card"],"build_version":"2020-12-13","purchased_purges":3,"victory":false,"max_hp_per_floor":[66,66,66,66,66,66,66,66,66,66,66,66,66,66,66,66,66,66,66,66,66,66,66,66,66,66,66,66,66,66,66,66,66,66],"card_choices":[{"not_picked":["Dodge and Roll","Distraction"],"picked":"Cloak And Dagger","floor":1.0},{"not_picked":["Caltrops","Concentrate"],"picked":"Dash","floor":2.0},{"not_picked":["Crippling Poison","Prepared"],"picked":"Deadly Poison","floor":4.0},{"not_picked":["Quick Slash","Blur"],"picked":"Well Laid Plans","floor":7.0},{"not_picked":["Blur","Slice"],"picked":"Flechettes","floor":8.0},{"not_picked":["Sucker Punch","A Thousand Cuts"],"picked":"Bouncing Flask","floor":11.0},{"not_picked":["PiercingWail","Distraction"],"picked":"Leg Sweep","floor":12.0},{"not_picked":["Die Die Die","Unload"],"picked":"Venomology","floor":16.0},{"not_picked":["Choke","Slice+1"],"picked":"Noxious Fumes","floor":18.0},{"not_picked":["Predator+1","Footwork"],"picked":"Acrobatics","floor":19.0},{"not_picked":["Cloak And Dagger","Quick Slash","Dagger Throw"],"picked":"SKIP","floor":22.0},{"not_picked":["Slice","Footwork"],"picked":"Acrobatics+1","floor":28},{"not_picked":["Leg Sweep","Blade Dance"],"picked":"Reflex","floor":29},{"not_picked":["Riddle With Holes","Deflect"],"picked":"PiercingWail","floor":31}],"player_experience":30114,"relics_obtained":[{"floor":7.0,"key":"Paper Crane"},{"floor":9.0,"key":"Pen Nib"},{"floor":26.0,"key":"MealTicket"},{"floor":28,"key":"MawBank"},{"floor":29,"key":"Red Mask"}],"event_choices":[{"damage_healed":0.0,"max_hp_gain":0.0,"max_hp_loss":0.0,"gold_gain":0.0,"event_name":"FaceTrader","player_choice":"Trade","floor":5.0,"gold_loss":0.0,"damage_taken":0.0,"relics_obtained":["CultistMask"]},{"damage_healed":0.0,"max_hp_gain":0.0,"max_hp_loss":0.0,"gold_gain":0.0,"event_name":"The Library","player_choice":"Read","floor":20.0,"gold_loss":0.0,"damage_taken":0.0,"cards_obtained":["Blur"]},{"damage_healed":0.0,"max_hp_gain":0.0,"max_hp_loss":0.0,"gold_gain":0.0,"cards_transformed":["Strike_G","Strike_G"],"event_name":"Drug Dealer","player_choice":"Became Test Subject","floor":21.0,"gold_loss":0.0,"damage_taken":0.0,"cards_obtained":["Bane","Blade Dance"]},{"damage_healed":0,"gold_gain":0,"player_choice":"Fought Bandits","damage_taken":0,"max_hp_gain":0,"max_hp_loss":0,"event_name":"Masked Bandits","floor":29,"gold_loss":0},{"damage_healed":0,"gold_gain":0,"player_choice":"Smashed Altar","damage_taken":0,"max_hp_gain":0,"max_hp_loss":0,"event_name":"Forgotten Altar","floor":30,"gold_loss":0,"cards_obtained":["Decay"]}],"is_beta":false,"boss_relics":[{"not_picked":["Tiny House","Busted Crown"],"picked":"Coffee Dripper"}],"items_purged_floors":[3,10,24],"is_endless":false,"potions_floor_spawned":[2,4,7,12,18,19,22,29],"killed_by":"Champ","ascension_level":20}}