{"host":"6yklbc9za0aylqsj","time":1608379814,"event":{"mods":["AchievementEnabler","BaseMod","Bestiary","Colored Map","Colored Powertips","Minty Spire (QoL Compilation)","Rare Cards Sparkle","Relic Stats","Slay-I","StSLib"],"gold_per_floor":[111,128,178,191,207,242,242,256,256,282,282,301,38,38,38,38,38],"floor_reached":16,"playtime":505,"items_purged":[],"score":224,"play_id":"d28d516a-74bb-4843-aa7f-3ab1e84fd891","local_time":"20201219131014","is_ascension_mode":true,"campfire_choices":[{"floor":7,"key":"REST"},{"floor":11,"key":"REST"},{"floor":15,"key":"REST"}],"circlet_count":0,"master_deck":["AscendersBane","Strike_G","Strike_G","Strike_G+1","Strike_G+1","Strike_G","Defend_G","Defend_G","Defend_G","Defend_G","Defend_G+1","Survivor","Neutralize+1","Blade Dance+1","Sucker Punch+1","Cloak And Dagger+1","All Out Attack","Blade Dance"],"relics":["Ring of the Snake","Lantern","War Paint","Whetstone","Meat on the Bone"],"acts_visited":["Exordium"],"potions_floor_usage":[5,6,16],"damage_taken":[{"damage":0,"enemies":"2 Louse","floor":1,"turns":3},{"damage":3,"enemies":"Cultist","floor":2,"turns":5},{"damage":3,"enemies":"Jaw Worm","floor":4,"turns":4},{"damage":4,"enemies":"Exordium Wildlife","floor":5,"turns":4},{"damage":37,"enemies":"Lagavulin","floor":6,"turns":8},{"damage":1,"enemies":"Blue Slaver","floor":8,"turns":4},{"damage":17,"enemies":"3 Sentries","floor":10,"turns":8},{"damage":1,"enemies":"2 Fungi Beasts","floor":12,"turns":2},{"damage":30,"enemies":"Slime Boss","floor":16,"turns":7}],"seed_played":"8732060429204817290","potions_obtained":[{"floor":2,"key":"Explosive Potion"},{"floor":5,"key":"Swift Potion"},{"floor":8,"key":"GhostInAJar"},{"floor":10,"key":"Poison Potion"}],"is_trial":false,"path_per_floor":["M","M","?","M","M","E","R","M","T","E","R","M","$","?","R","B"],"character_chosen":"THE_SILENT","items_purchased":["Meat on the Bone"],"campfire_rested":3,"item_purchase_floors":[13],"current_hp_per_floor":[59,56,56,53,49,12,31,30,30,13,32,31,31,11,30,0,0],"gold":38,"neow_bonus":"UPGRADE_CARD","is_daily":false,"chose_seed":false,"campfire_upgraded":0,"win_rate":0.0,"timestamp":1608379814,"path_taken":["M","M","?","M","M","E","R","M","T","E","R","?","$","?","R","BOSS"],"items_purchased_type":["Relic"],"build_version":"2020-12-13","purchased_purges":0,"victory":false,"max_hp_per_floor":[66,66,66,66,66,66,66,66,66,66,66,66,66,66,66,66,66],"relic_stats":{"counters":[9,45],"Whetstone":["Strike_G","Sucker Punch"],"War Paint":["Cloak And Dagger","Defend_G"],"obtain_stats":[{"Lantern":6,"Whetstone":10,"War Paint":9,"Ring of the Snake":0,"Meat on the Bone":13},{"Lantern":5,"Whetstone":7,"War Paint":6,"Ring of the Snake":0,"Meat on the Bone":8},{"Lantern":24,"Whetstone":36,"War Paint":28,"Ring of the Snake":0,"Meat on the Bone":38}],"Ring of the Snake":[18],"Meat on the Bone":0},"card_choices":[{"not_picked":["Slice","Dodge and Roll"],"picked":"Blade Dance","floor":1},{"not_picked":["Underhanded Strike","Dodge and Roll"],"picked":"Sucker Punch","floor":2},{"not_picked":["Sucker Punch","Quick Slash"],"picked":"Cloak And Dagger","floor":4},{"not_picked":["Flechettes","Concentrate"],"picked":"All Out Attack","floor":5},{"not_picked":["Dodge and Roll","Choke","Bane"],"picked":"SKIP","floor":6},{"not_picked":["Dodge and Roll","Riddle With Holes","PiercingWail"],"picked":"SKIP","floor":8},{"not_picked":["Distraction","Bouncing Flask","Crippling Poison"],"picked":"SKIP","floor":10},{"not_picked":["Catalyst","Prepared"],"picked":"Blade Dance","floor":12}],"player_experience":668517,"relics_obtained":[{"floor":6,"key":"Lantern"},{"floor":9,"key":"War Paint"},{"floor":10,"key":"Whetstone"}],"event_choices":[{"damage_healed":0,"gold_gain":50,"player_choice":"Pray","damage_taken":0,"max_hp_gain":0,"max_hp_loss":0,"event_name":"Golden Shrine","floor":3,"gold_loss":0},{"damage_healed":0,"gold_gain":0,"player_choice":"Entered Light","damage_taken":20,"max_hp_gain":0,"max_hp_loss":0,"event_name":"Shining Light","floor":14,"gold_loss":0,"cards_upgraded":["Strike_G","Blade Dance"]}],"is_beta":false,"boss_relics":[],"items_purged_floors":[],"is_endless":false,"potions_floor_spawned":[2,5,8,10],"killed_by":"Slime Boss","ascension_level":20}}