{"host":"2b0fqapnd02ydmuo","time":1608336141,"event":{"mods":["AchievementEnabler","Aspiration","BaseMod","Better Altar","Better Match","Better Note","Better Sensory Stone","Better Skull","Better Third Choice","BetterRewards","CCEM","Clawfect","Colored Map","Conspire","GifTheSpireLib","Googly Eyes","Halation","Highlight Path","Hubris","Infinite Spire","Jedi Mod","Jorbs\u0027s Wanderer Trilogy","Marisa????????","Mimic Mod","Minty Spire (QoL Compilation)","Permanent Neow","Replay The Spire","Shade Mod","Shop Mod","Spicy Shops","StSLib","Stuff the Spire","The Blackbeard","The Bug Knight","The Elementalist","The Jungle","Unceasing Turn Reminder","everything is the same but u backflip on backflip","slay the spire mod where everything is the same but ironclad has a cowboy hat"],"gold_per_floor":[115,115,115,131,131,131,145,70,70,70,70,95,95,95,95,192,192,210,225,225,225,238,258,272,272,295,114,14,25,25,38,38,136,136,148,160,215,215,140,140,140,0,24,36,36,89,89,108,108,108],"floor_reached":51,"playtime":2617,"items_purged":["elementalist:Defend_Elemblue","elementalist:Defend_Elemblue"],"score":568,"play_id":"1e9eb26a-8d37-46fd-bae7-f5721acd79a4","local_time":"20201219010221","is_ascension_mode":false,"campfire_choices":[{"data":"elementalist:Fire_Emblem","floor":6,"key":"SMITH"},{"data":"elementalist:Crystal_Chalk","floor":11,"key":"SMITH"},{"floor":15,"key":"REST"},{"floor":25,"key":"REST"},{"floor":30,"key":"REST"},{"floor":32,"key":"REST"},{"floor":40,"key":"REST"},{"data":"elementalist:Solar_Form","floor":45,"key":"SMITH"},{"floor":49,"key":"REST"}],"circlet_count":0,"master_deck":["elementalist:Fire_Emblem","elementalist:Fire_Emblem","elementalist:Fire_Emblem","elementalist:Fire_Emblem","elementalist:Fire_Emblem+1","elementalist:Strike+Elemblue","elementalist:Defend_Elemblue","elementalist:Defend_Elemblue","elementalist:Defend_Elemblue","elementalist:Firestrike+1","elementalist:Earthstrike","elementalist:Waterstrike","elementalist:Airstrike","elementalist:Crystal_Chalk+1","elementalist:Emberveil","Apotheosis+1","elementalist:Blaze","elementalist:Solar_Form+1","elementalist:Blaze+1","elementalist:Blaze","elementalist:Solar_Form+1","elementalist:Solar_Form+1"],"relics":["elementalistmod:MagusStaff","elementalistmod:RedRibbon","elementalistmod:RedRibbon","Vajra","Garlic","halation:Toothbrush","Replay:Mystery Machine","halation:ForbiddenBikini","Ginger","halation:EternalFortune","Red Mask","Strawberry","CatCart","StuffTheSpire:DarkSteelAnvil"],"acts_visited":["Exordium","TheCity","TheBeyond"],"potions_floor_usage":[31],"damage_taken":[{"damage":0,"enemies":"2 Louse","floor":1,"turns":2},{"damage":3,"enemies":"Jaw Worm","floor":4,"turns":4},{"damage":0,"enemies":"Small Slimes","floor":7,"turns":4},{"damage":25,"enemies":"Gremlin Nob","floor":12,"turns":4},{"damage":56,"enemies":"Slime Boss","floor":16,"turns":17},{"damage":14,"enemies":"2 Thieves","floor":18,"turns":5},{"damage":8,"enemies":"Chosen","floor":19,"turns":5},{"damage":10,"enemies":"Centurion and Healer","floor":22,"turns":7},{"damage":41,"enemies":"Snecko","floor":23,"turns":8},{"damage":5,"enemies":"Snake Plant","floor":24,"turns":7},{"damage":16,"enemies":"Chosen and Byrds","floor":29,"turns":6},{"damage":6,"enemies":"Shelled Parasite and Fungi","floor":31,"turns":3},{"damage":69,"enemies":"Automaton","floor":33,"turns":12},{"damage":29,"enemies":"3 Shapes","floor":35,"turns":3},{"damage":12,"enemies":"Orb Walker","floor":36,"turns":3},{"damage":6,"enemies":"2 Orb Walkers","floor":37,"turns":3},{"damage":0,"enemies":"Transient","floor":44,"turns":5},{"damage":20,"enemies":"Orin","floor":46,"turns":8},{"damage":3,"enemies":"Jaw Worm Horde","floor":48,"turns":3},{"damage":44,"enemies":"Replay:Hell Engine","floor":50,"turns":8}],"seed_played":"-1856958777712709637","potions_obtained":[{"floor":4,"key":"FairyPotion"},{"floor":7,"key":"GamblersBrew"},{"floor":16,"key":"Regen Potion"},{"floor":35,"key":"LiquidMemories"}],"is_trial":false,"path_per_floor":["M","?","?","M","?","R","M","$","T","$","R","E","?","?","R","B",null,"M","M","?","?","M","M","M","R","T","$","$","M","R","M","R","B",null,"M","M","?","$","?","R","?","?","T","M","R","?","T","M","R","B",null],"character_chosen":"THE_ELEMENTALIST","items_purchased":["Vajra","elementalist:Blaze"],"campfire_rested":6,"item_purchase_floors":[8,27],"current_hp_per_floor":[77,77,77,74,74,74,74,74,74,74,74,49,49,49,72,16,77,63,55,55,77,67,26,21,44,44,47,50,34,58,61,83,14,83,54,42,36,36,36,60,63,63,70,70,70,53,53,50,78,34],"gold":108,"neow_bonus":"TEN_PERCENT_HP_BONUS","is_daily":false,"chose_seed":false,"campfire_upgraded":3,"win_rate":0.0,"timestamp":1608336141,"path_taken":["M","?","?","M","?","R","?","?","T","$","R","E","?","?","R","BOSS","M","M","?","?","M","M","?","R","T","?","$","M","R","M","R","BOSS","M","M","?","$","?","R","?","?","T","?","R","?","?","M","R","BOSS"],"items_purchased_type":["Relic","Card"],"build_version":"2020-12-13","purchased_purges":2,"victory":true,"max_hp_per_floor":[77,77,77,77,77,77,77,77,77,77,77,77,77,77,77,77,77,77,77,77,77,77,77,77,77,77,80,83,83,83,83,83,83,83,83,83,83,83,83,83,86,86,93,93,93,96,96,96,96,96],"card_choices":[{"not_picked":["elementalist:Flame","elementalist:Confluence","elementalist:Rising_Tides"],"picked":"SKIP","floor":1},{"not_picked":["elementalist:Overheat","elementalist:Mist","elementalist:Stone_to_Mud"],"picked":"SKIP","floor":4},{"not_picked":["elementalist:Fission_Lance","elementalist:Spark","elementalist:Low_Tides"],"picked":"SKIP","floor":7},{"not_picked":["elementalist:Magma_Shot","elementalist:Overheat"],"picked":"elementalist:Emberveil","floor":12},{"not_picked":["elementalist:Emberveil","elementalist:Overheat+1","elementalist:Wards+1"],"picked":"SKIP","floor":18},{"not_picked":["elementalist:Ignition","elementalist:Fission_Lance","elementalist:Undertow"],"picked":"SKIP","floor":19},{"not_picked":["elementalist:Caution","elementalist:Magma_Shot","elementalist:Overheat+1"],"picked":"SKIP","floor":22},{"not_picked":["elementalist:Aero","elementalist:Flame","elementalist:Prepared_Sand+1"],"picked":"SKIP","floor":23},{"not_picked":["elementalist:Blaze","elementalist:Etherstrike+1","elementalist:Magma_Shot"],"picked":"SKIP","floor":24},{"not_picked":["elementalist:Flame","elementalist:Cauterize","elementalist:Overheat"],"picked":"SKIP","floor":29},{"not_picked":["elementalist:Spark","elementalist:Cyclone"],"picked":"elementalist:Solar_Form+1","floor":31},{"not_picked":["elementalist:Stone_to_Mud","elementalist:Lunar_Form+1"],"picked":"elementalist:Blaze+1","floor":35},{"not_picked":["elementalist:Emberveil+1","elementalist:Flame+1","elementalist:Overheat+1"],"picked":"SKIP","floor":36},{"not_picked":["elementalist:Flame+1","elementalist:Overheat"],"picked":"elementalist:Blaze","floor":37},{"not_picked":["elementalist:Cauterize","elementalist:Fission_Lance"],"picked":"elementalist:Solar_Form","floor":39},{"not_picked":["elementalist:Flame","elementalist:Mist","elementalist:Confluence+1"],"picked":"SKIP","floor":44},{"not_picked":["elementalist:Emberveil","elementalist:Confluence"],"picked":"elementalist:Solar_Form+1","floor":48}],"player_experience":69606,"relics_obtained":[{"floor":9,"key":"Garlic"},{"floor":12,"key":"halation:Toothbrush"},{"floor":26,"key":"Replay:Mystery Machine"},{"floor":37,"key":"Ginger"},{"floor":43,"key":"Strawberry"},{"floor":46,"key":"CatCart"},{"floor":46,"key":"halation:EternalFortune"},{"floor":47,"key":"StuffTheSpire:DarkSteelAnvil"}],"event_choices":[{"damage_healed":0,"gold_gain":0,"player_choice":"Upgraded","damage_taken":0,"max_hp_gain":0,"max_hp_loss":0,"event_name":"Upgrade Shrine","floor":3,"gold_loss":0,"cards_upgraded":["elementalist:Firestrike"]},{"damage_healed":49,"gold_gain":0,"player_choice":"Embrace","damage_taken":0,"max_hp_gain":0,"max_hp_loss":77,"event_name":"betterThird:BetterShining","floor":13,"gold_loss":0},{"cards_removed":["elementalist:Defend_Elemblue"],"damage_healed":0,"gold_gain":0,"player_choice":"Give","damage_taken":0,"max_hp_gain":0,"max_hp_loss":0,"event_name":"betterNote:BetterNote","floor":20,"gold_loss":0,"cards_obtained":["None"]},{"damage_healed":25,"gold_gain":0,"player_choice":"Heal","damage_taken":0,"max_hp_gain":0,"max_hp_loss":0,"event_name":"The Library","floor":21,"gold_loss":0},{"damage_healed":0,"gold_gain":0,"player_choice":"Fight","damage_taken":0,"max_hp_gain":0,"max_hp_loss":0,"event_name":"Mysterious Sphere","floor":37,"gold_loss":0},{"damage_healed":0,"gold_gain":0,"player_choice":"1","damage_taken":0,"max_hp_gain":0,"max_hp_loss":0,"event_name":"betterMatch:BetterMatch","floor":39,"gold_loss":0,"cards_obtained":["betterMatch:CommonCard","betterMatch:UncommonCard"]},{"damage_healed":0,"gold_gain":0,"player_choice":"Paid","damage_taken":0,"relics_obtained":["Red Mask"],"max_hp_gain":0,"max_hp_loss":0,"event_name":"Tomb of Lord Red Mask","floor":42,"gold_loss":140},{"damage_healed":0,"gold_gain":0,"player_choice":"Fight","damage_taken":0,"max_hp_gain":0,"max_hp_loss":0,"event_name":"OrinTheCat","floor":46,"gold_loss":0}],"is_beta":false,"boss_relics":[{"not_picked":["ReplayTheSpireMod:SealedPack","hubris:Backtick","infinitespire:Cupcake"]},{"not_picked":["Pandora\u0027s Box","StuffTheSpire:Kangaroo"],"picked":"halation:ForbiddenBikini"}],"items_purged_floors":[27,28],"is_endless":false,"potions_floor_spawned":[4,7,16,22,24,29,35,44,48],"ascension_level":0}}