{"host":"zhypnm5xlgq8j242","time":1608414353,"event":{"mods":["AchievementEnabler","BaseMod","BetterRewards","Colored Powertips","Hermit","Keyboard Shortcuts","Minty Spire (QoL Compilation)","Quick Restart","Replay The Spire","Shop Mod","StSLib","The Cursed","The Hierophant","The Runesmith"],"gold_per_floor":[110,124,134,134,153,153,181,197,197,216,231,231,231,244,244,347,347,366,383,401,25,25,25,25,25],"floor_reached":24,"playtime":1342,"items_purged":["Strike_G"],"score":273,"play_id":"3034060b-d393-4e4b-a9c2-b8a39976c98b","local_time":"20201220064553","is_ascension_mode":true,"campfire_choices":[{"data":"Neutralize","floor":6,"key":"SMITH"},{"floor":12,"key":"REST"},{"data":"Accuracy","floor":15,"key":"SMITH"},{"floor":23,"key":"REST"}],"circlet_count":0,"master_deck":["Strike_G","Strike_G","Strike_G","Strike_G","Defend_G","Defend_G","Defend_G","Defend_G","Defend_G","Survivor","Neutralize+1","ReplayTheSpireMod:Scrap Shanks+1","Cloak And Dagger","Backstab","Heel Hook","PiercingWail","Dagger Throw","ReplayTheSpireMod:Shiv Toss","Crippling Poison","Accuracy+1","Backflip","Hidden Blade","Dodge and Roll","Phantasmal Killer","Blur","Accuracy","Underhanded Strike+1","Replay:Bag of Tricks","Sneak Up+1","Hidden Blade+1","Fluid Movement+1","Sickly"],"relics":["Ring of the Snake","NeowsBlessing","Replay:Baseball","Prayer Wheel","Honey Jar","Replay:Bottled Flurry","Ring of Fury","ReplayTheSpireMod:Ring of Challenge"],"acts_visited":["Exordium","TheCity"],"potions_floor_usage":[7,8,16,19,20,24],"damage_taken":[{"damage":0,"enemies":"Small Slimes","floor":1,"turns":1},{"damage":0,"enemies":"Cultist","floor":2,"turns":1},{"damage":0,"enemies":"2 Louse","floor":3,"turns":1},{"damage":5,"enemies":"Exordium Wildlife","floor":5,"turns":6},{"damage":26,"enemies":"Gremlin Nob","floor":7,"turns":5},{"damage":6,"enemies":"Exordium Thugs","floor":8,"turns":6},{"damage":0,"enemies":"Looter","floor":10,"turns":2},{"damage":4,"enemies":"2 Fungi Beasts","floor":11,"turns":4},{"damage":9,"enemies":"Exordium Thugs","floor":14,"turns":5},{"damage":24,"enemies":"The Guardian","floor":16,"turns":14},{"damage":0,"enemies":"Chosen","floor":18,"turns":3},{"damage":19,"enemies":"3 Byrds","floor":19,"turns":6},{"damage":16,"enemies":"Snecko","floor":20,"turns":5},{"damage":41,"enemies":"Book of Stabbing","floor":24,"turns":5}],"seed_played":"-7931266162177267920","potions_obtained":[{"floor":2,"key":"Adrenaline Potion"},{"floor":7,"key":"SkillPotion"},{"floor":11,"key":"Swift Potion"},{"floor":14,"key":"Weak Potion"},{"floor":18,"key":"FearPotion"},{"floor":20,"key":"Energy Potion"}],"is_trial":false,"path_per_floor":["M","M","M","?","M","R","E","M","T","M","M","R","?","M","R","B",null,"M","M","M","$","?","R","E"],"character_chosen":"THE_SILENT","items_purchased":["Fluid Movement+1","Replay:Bottled Flurry"],"campfire_rested":2,"item_purchase_floors":[21,21],"current_hp_per_floor":[63,63,63,63,58,58,32,26,26,26,22,43,43,34,34,10,55,55,36,20,20,20,41,0,0],"gold":25,"neow_bonus":"THREE_ENEMY_KILL","is_daily":false,"chose_seed":false,"campfire_upgraded":2,"win_rate":0.0,"timestamp":1608414353,"path_taken":["M","M","M","?","?","R","E","M","T","M","M","R","?","M","R","BOSS","M","M","M","$","?","R","E"],"items_purchased_type":["Card","Relic"],"build_version":"2020-12-13","purchased_purges":1,"victory":false,"max_hp_per_floor":[70,70,70,70,70,70,70,70,70,70,70,70,70,70,70,70,70,70,70,70,70,70,70,70,70],"card_choices":[{"not_picked":["Bane","Endless Agony"],"picked":"ReplayTheSpireMod:Scrap Shanks","floor":1},{"not_picked":["Slice","Backflip"],"picked":"Cloak And Dagger","floor":2},{"not_picked":["Deadly Poison","Dodge and Roll"],"picked":"Backstab","floor":3},{"not_picked":["Bane","Bouncing Flask"],"picked":"Heel Hook","floor":5},{"not_picked":["Deflect","Outmaneuver"],"picked":"PiercingWail","floor":7},{"not_picked":["Bane","Flying Knee"],"picked":"Dagger Throw","floor":8},{"not_picked":["Expertise","Deflect"],"picked":"ReplayTheSpireMod:Shiv Toss","floor":10},{"not_picked":["Deflect","Riddle With Holes"],"picked":"Crippling Poison","floor":10},{"not_picked":["Flying Knee","Replay:Bag of Tricks"],"picked":"Accuracy","floor":11},{"not_picked":["Dodge and Roll","Sucker Punch"],"picked":"Backflip","floor":11},{"not_picked":["Noxious Fumes","Dodge and Roll"],"picked":"Hidden Blade","floor":14},{"not_picked":["Slice","Sucker Punch"],"picked":"Dodge and Roll","floor":14},{"not_picked":["A Thousand Cuts","Envenom"],"picked":"Phantasmal Killer","floor":16},{"not_picked":["Deflect","Flechettes+1","Eviscerate"],"picked":"Blur","floor":18},{"not_picked":["Expertise","Setup","Underhanded Strike"],"picked":"Accuracy","floor":18},{"not_picked":["Slice","Acrobatics","Poisoned Stab"],"picked":"Underhanded Strike+1","floor":19},{"not_picked":["Slice+1","Outmaneuver","Sucker Punch"],"picked":"Replay:Bag of Tricks","floor":19},{"not_picked":["Setup","Acrobatics","Slice"],"picked":"Sneak Up+1","floor":20},{"not_picked":["Terror","Quick Slash+1","Eviscerate"],"picked":"Hidden Blade+1","floor":20}],"player_experience":558746,"relics_obtained":[{"floor":7,"key":"Replay:Baseball"},{"floor":9,"key":"Prayer Wheel"},{"floor":22,"key":"Ring of Fury"},{"floor":22,"key":"ReplayTheSpireMod:Ring of Challenge"}],"event_choices":[{"damage_healed":0,"gold_gain":0,"player_choice":"Forge","damage_taken":0,"max_hp_gain":0,"max_hp_loss":0,"event_name":"Accursed Blacksmith","floor":4,"gold_loss":0,"cards_upgraded":["ReplayTheSpireMod:Scrap Shanks"]},{"damage_healed":0,"gold_gain":0,"player_choice":"Ignored","damage_taken":0,"max_hp_gain":0,"max_hp_loss":0,"event_name":"Shining Light","floor":13,"gold_loss":0}],"is_beta":false,"boss_relics":[{"not_picked":["Ring of the Serpent","Runic Pyramid"],"picked":"Honey Jar"}],"items_purged_floors":[21],"is_endless":false,"potions_floor_spawned":[2,7,11,14,18,20],"killed_by":"Book of Stabbing","ascension_level":7}}