{"host":"uomfndqwf5xp2aw3","time":1608356050,"event":{"mods":["AchievementEnabler","Bard","BaseMod","BetterRewards","Colored Map","Colored Powertips","Conspire","Downfall","Googly Eyes","Halation","Infinite Spire","Minty Spire (QoL Compilation)","READ ME - Guardian Mod","Replay The Spire","Shop Mod","StSLib","Yuri Mod"],"gold_per_floor":[99,99,99,127,127,35,83,118,27,27,27,25,47,47,70,179,179,179,169,192,192,213,213,213,213,213,213,213,213,234,234,249,274,274],"floor_reached":33,"playtime":4082,"items_purged":[],"score":272,"play_id":"4cf7aae6-065e-46df-a061-f3a2e4568df8","local_time":"20201219133410","is_ascension_mode":false,"campfire_choices":[{"floor":1.0,"key":"DIG"},{"data":"hexamod:TimeOfNeed","floor":10,"key":"SMITH"},{"data":"hexamod:VolcanoVisage","floor":18,"key":"SMITH"},{"data":"hexamod:HeatCrush","floor":21,"key":"SMITH"},{"data":"hexamod:GhostLash","floor":26,"key":"SMITH"}],"circlet_count":0,"master_deck":["hexamod:Strike","hexamod:Strike","hexamod:Strike","hexamod:Defend","hexamod:Defend","hexamod:Defend","hexamod:Defend","hexamod:Sear","hexamod:Float","hexamod:FirstSeal","hexamod:Hexaguard","hexamod:GhostLash+1","hexamod:TimeOfNeed+1","hexamod:Hexaguard","hexamod:BacktrackSmack","hexamod:NightmareGuise","hexamod:NightmareGuise","hexamod:SecondSeal","hexamod:HauntingEcho","hexamod:SpectersWail","hexamod:VolcanoVisage+1","hexamod:PhantomFireball+1","hexamod:HeatCrush+1","hexamod:EmpoweredFlame","hexamod:SwordOfDarkness+1"],"relics":["hexamod:SpiritBrand","downfall:HeartsMalice","hexamod:InflammatoryLetter","halation:IllGainedPizza","Akabeko","BranchBurnRelic","Toy Ornithopter","halation:PinkSoulGem","Busted Crown","HornCleat","conspire:Flyswatter"],"acts_visited":["Exordium","TheCity"],"potions_floor_usage":[16,16,30,32,32,32],"damage_taken":[{"damage":0.0,"enemies":"2 Louse","floor":3.0,"turns":1.0},{"damage":0.0,"enemies":"3 Sentries","floor":4.0,"turns":1.0},{"damage":0.0,"enemies":"infinitespire:Voidling","floor":5.0,"turns":1.0},{"damage":0.0,"enemies":"downfall:FleeingMerchant","floor":6.0,"turns":4.0},{"damage":12.0,"enemies":"Replay:BlueRogue","floor":8.0,"turns":5.0},{"damage":0,"enemies":"downfall:FleeingMerchant","floor":9,"turns":4},{"damage":2,"enemies":"downfall:FleeingMerchant","floor":12,"turns":4},{"damage":0,"enemies":"Cultist","floor":13,"turns":3},{"damage":0,"enemies":"Exordium Wildlife","floor":15,"turns":4},{"damage":39,"enemies":"downfall:Ironclad","floor":16,"turns":8},{"damage":2,"enemies":"downfall:FleeingMerchant","floor":19,"turns":4},{"damage":3,"enemies":"Shell Parasite","floor":20,"turns":5},{"damage":5,"enemies":"3 Cultists","floor":22,"turns":4},{"damage":20,"enemies":"Chosen and Byrds","floor":30,"turns":5},{"damage":0,"enemies":"Snake Plant","floor":32,"turns":3},{"damage":105,"enemies":"downfall:Watcher","floor":33,"turns":10}],"seed_played":"-2416726826749146325","potions_obtained":[{"floor":2.0,"key":"Toxic Potion"},{"floor":2.0,"key":"Fire Potion"},{"floor":2.0,"key":"Fruit Juice"},{"floor":16,"key":"Block Potion"},{"floor":22,"key":"Strength Potion"},{"floor":30,"key":"LiquidBronze"},{"floor":32,"key":"FairyPotion"}],"is_trial":false,"path_per_floor":["R_BF","?","M","E","M","$","T","E","$","R","?","$","M","?","M","B",null,"R","$","M","R","M","?","T","?","R","?","?","AVR","M","T","M","B"],"character_chosen":"THE_SPIRIT","items_purchased":["hexamod:Hexaguard","hexamod:BacktrackSmack","hexamod:SecondSeal"],"campfire_rested":0,"item_purchase_floors":[6,6,9],"current_hp_per_floor":[70,70,70,70,70,70,70,65,70,70,70,70,70,70,70,45,75,75,75,75,75,75,75,75,75,75,75,75,75,67,67,75,0,0],"gold":274,"neow_bonus":"THREE_ENEMY_KILL","is_daily":false,"chose_seed":false,"campfire_upgraded":4,"win_rate":0.0,"timestamp":1608356050,"path_taken":["R_BF","?","?","E","M","?","T","E","$","R","?","?","M","?","M","BOSS","R","$","M","R","M","?","T","?","R","?","?","AVR","?","?","M","BOSS"],"items_purchased_type":["Card","Card","Card"],"build_version":"2020-12-13","purchased_purges":0,"victory":false,"max_hp_per_floor":[70,70,70,70,70,70,70,70,70,70,70,70,70,70,70,75,75,75,75,75,75,75,75,75,75,75,75,75,75,75,75,75,75,75],"card_choices":[{"not_picked":["hexamod:SwordOfDarkness","hexamod:RetreatToShadows"],"picked":"hexamod:FirstSeal","floor":3.0},{"not_picked":["hexamod:GhostLash","hexamod:ThirdSeal"],"picked":"hexamod:Hexaguard","floor":4.0},{"not_picked":["hexamod:GhostShield","hexamod:BacktrackSmack"],"picked":"hexamod:GhostLash","floor":5.0},{"not_picked":["hexamod:Firestarter","hexamod:AdvancingGuard"],"picked":"hexamod:TimeOfNeed","floor":6.0},{"not_picked":["hexamod:ShieldOfDarkness","hexamod:GhostOfSpirePresent"],"picked":"hexamod:NightmareGuise","floor":8},{"not_picked":["hexamod:TurnItUp","hexamod:ShieldOfDarkness"],"picked":"hexamod:NightmareGuise","floor":9},{"not_picked":["hexamod:RetreatToShadows","hexamod:Incineration","hexamod:GhostShield"],"picked":"SKIP","floor":12},{"not_picked":["hexamod:InspiringFlames","hexamod:ChargedBarrage"],"picked":"hexamod:HauntingEcho","floor":13},{"not_picked":["hexamod:ShieldOfDarkness","hexamod:SwordOfDarkness"],"picked":"hexamod:SpectersWail","floor":15},{"not_picked":["hexamod:GhostflameInferno","hexamod:TimeWarp"],"picked":"hexamod:VolcanoVisage","floor":16},{"not_picked":[],"picked":"hexamod:PhantomFireball+1","floor":19},{"not_picked":[],"picked":"hexamod:HeatCrush","floor":20},{"not_picked":["hexamod:SpectersWail"],"picked":"SKIP","floor":22},{"not_picked":["hexamod:SpectersWail"],"picked":"SKIP","floor":30},{"not_picked":[],"picked":"hexamod:SwordOfDarkness+1","floor":32}],"player_experience":542774,"relics_obtained":[{"floor":1.0,"key":"hexamod:InflammatoryLetter"},{"floor":4.0,"key":"Dead Branch"},{"floor":7.0,"key":"halation:IllGainedPizza"},{"floor":8,"key":"Akabeko"},{"floor":11,"key":"Toy Ornithopter"},{"floor":24,"key":"HornCleat"},{"floor":31,"key":"conspire:Flyswatter"}],"event_choices":[{"damage_healed":0.0,"max_hp_gain":0.0,"max_hp_loss":0.0,"gold_gain":0.0,"event_name":"Lab","player_choice":"Got Potions","floor":2.0,"gold_loss":0.0,"damage_taken":0.0},{"damage_healed":0,"gold_gain":0,"player_choice":"Read","damage_taken":0,"max_hp_gain":0,"max_hp_loss":0,"event_name":"The Library","floor":27,"gold_loss":0,"cards_obtained":["hexamod:EmpoweredFlame"]},{"damage_healed":0,"gold_gain":0,"player_choice":"Leave","damage_taken":0,"max_hp_gain":0,"max_hp_loss":0,"event_name":"conspire:Investor","floor":28,"gold_loss":0}],"is_beta":false,"boss_relics":[{"not_picked":["conspire:SeveredTorchhead","infinitespire:Cupcake"],"picked":"Busted Crown"}],"items_purged_floors":[],"is_endless":false,"potions_floor_spawned":[8,15,16,22,30,32],"killed_by":"downfall:Watcher","ascension_level":0}}