{"host":"u2dm6glrpyjr66v9","time":1608388601,"event":{"mods":["AchievementEnabler","BaseMod","CapriCore","Colored Map","Colored Powertips","DeckTracker","Friendly Minions","Koishi","Minty Spire (QoL Compilation)","Quick Restart","StSLib","SuperFastMode"],"gold_per_floor":[110,127,127,141,141,141,141,176,176,176,210,210,67,27,27,126,126,143,1,19,118,145,145,173,17,44,75,107,107,132,150,150,253,253,273,273,273,273,273],"floor_reached":38,"playtime":1393,"items_purged":["Koishi:ReleaseOfTheId+1"],"score":499,"play_id":"94ca1b03-12fd-41a9-ad8f-143309283687","local_time":"20201219233640","daily_mods":["Draft","Heirloom","Time Dilation","Flight","DeadlyEvents"],"is_ascension_mode":false,"campfire_choices":[{"data":"Koishi:ReleaseOfTheId","floor":6,"key":"SMITH"},{"data":"Koishi:MindNumbingTerror","floor":7,"key":"SMITH"},{"data":"Koishi:JumpScare","floor":10,"key":"SMITH"},{"data":"Koishi:JumpScare","floor":12,"key":"SMITH"},{"data":"Koishi:VengefulSpirit","floor":15,"key":"SMITH"},{"data":"Koishi:VengefulSpirit","floor":23,"key":"SMITH"},{"floor":29,"key":"REST"},{"data":"Koishi:JumpScare","floor":32,"key":"SMITH"}],"circlet_count":0,"master_deck":["Koishi:StingingMind","Koishi:DanmakuParanoia","Koishi:MindNumbingTerror+1","Koishi:MassHysteria","Koishi:JumpScare+1","Koishi:RacingHeart+1","Koishi:UnconsciousUrges","Koishi:JumpScare+1","Koishi:JumpScare+1","Koishi:UnansweredLove","Koishi:StingingMind","Koishi:EmbryosDream","Koishi:RacingHeart","Koishi:VengefulSpirit+1","Koishi:TerrifyingSpectre+1","Koishi:PredatoryInstincts+1","Koishi:GeneticsOfTheUnconscious+1","Koishi:MindNumbingTerror+1","Koishi:DNAsFlaw","Koishi:VengefulSpirit+1","Koishi:HeartAttack+1","Koishi:EmbersOfLove","Koishi:JumpScare","Koishi:DreadfulBlow+1","Koishi:ConfinedInnocent","Koishi:UnseenTerror+1"],"relics":["Koishi:ImaginaryFriend","Pocketwatch","Potion Belt","Mercury Hourglass","Ancient Tea Set","Sling","Astrolabe","Anchor","Darkstone Periapt","Whetstone","Blood Vial","Dream Catcher","Regal Pillow","Happy Flower","Empty Cage"],"acts_visited":["Exordium","TheCity","TheBeyond"],"potions_floor_usage":[22],"damage_taken":[{"damage":2,"enemies":"Small Slimes","floor":1,"turns":3},{"damage":7,"enemies":"Cultist","floor":2,"turns":4},{"damage":8,"enemies":"Jaw Worm","floor":4,"turns":2},{"damage":14,"enemies":"Gremlin Nob","floor":8,"turns":3},{"damage":4,"enemies":"Lagavulin","floor":11,"turns":4},{"damage":54,"enemies":"The Guardian","floor":16,"turns":7},{"damage":18,"enemies":"Shell Parasite","floor":18,"turns":5},{"damage":10,"enemies":"Chosen","floor":20,"turns":3},{"damage":25,"enemies":"Gremlin Leader","floor":22,"turns":4},{"damage":48,"enemies":"Slavers","floor":24,"turns":5},{"damage":3,"enemies":"Gremlin Leader","floor":27,"turns":4},{"damage":30,"enemies":"Book of Stabbing","floor":28,"turns":4},{"damage":7,"enemies":"Gremlin Leader","floor":30,"turns":5},{"damage":13,"enemies":"Shelled Parasite and Fungi","floor":31,"turns":4},{"damage":42,"enemies":"Automaton","floor":33,"turns":9},{"damage":20,"enemies":"3 Darklings","floor":35,"turns":4},{"damage":60,"enemies":"Reptomancer","floor":38,"turns":2}],"seed_played":"2326112211114675265","potions_obtained":[{"floor":1,"key":"Ancient Potion"},{"floor":2,"key":"FearPotion"},{"floor":8,"key":"Explosive Potion"},{"floor":24,"key":"Block Potion"},{"floor":27,"key":"Dexterity Potion"},{"floor":31,"key":"LiquidBronze"},{"floor":37,"key":"Explosive Potion"}],"is_trial":true,"path_per_floor":["M","M","?","M","?","R","R","E","T","R","E","R","$","$","R","B",null,"M","$","M","?","E","R","E","$","T","E","E","R","E","M","R","B",null,"M","?","?","E"],"character_chosen":"KOISHI","items_purchased":["Sling","Koishi:VengefulSpirit","Koishi:MindNumbingTerror","Whetstone"],"campfire_rested":1,"item_purchase_floors":[13,14,19,25],"current_hp_per_floor":[60,60,60,60,60,60,60,58,58,58,60,60,60,60,60,18,60,54,54,60,60,60,60,34,34,34,60,46,60,60,60,60,55,60,60,60,60,0,0],"gold":273,"neow_bonus":"","is_daily":false,"chose_seed":false,"campfire_upgraded":7,"win_rate":0.0,"timestamp":1608388600,"path_taken":["M","M","?","?","?","R","R","E","T","R","?","R","$","$","R","BOSS","M","$","?","?","?","R","E","?","T","?","E","R","E","?","R","BOSS","M","?","?","?"],"items_purchased_type":["Relic","Card","Card","Relic"],"build_version":"2020-12-13","purchased_purges":1,"victory":false,"max_hp_per_floor":[60,60,60,60,60,60,60,60,60,60,60,60,60,60,60,60,60,60,60,60,60,60,60,60,60,60,60,60,60,60,60,60,60,60,60,60,60,60,60],"card_choices":[{"not_picked":["Koishi:YoukaiPolygraph","Koishi:SubterraneanRose"],"picked":"Koishi:StingingMind","floor":0},{"not_picked":["Koishi:UnansweredLove","Koishi:PhantomStrike"],"picked":"Koishi:DanmakuParanoia","floor":0},{"not_picked":["Koishi:HeartfeltFancy","Koishi:PhantomBarrier"],"picked":"Koishi:SprinkleStarAndHeart","floor":0},{"not_picked":["Koishi:ReleaseOfTheId","Koishi:PhilosophyOfTheDespised"],"picked":"Koishi:MindNumbingTerror","floor":0},{"not_picked":["Koishi:ReflexRadar","Koishi:StingingMind"],"picked":"Koishi:MassHysteria","floor":0},{"not_picked":["Koishi:Whimsy","Koishi:UnconsciousUprising"],"picked":"Koishi:JumpScare","floor":0},{"not_picked":["Koishi:IdleWhim","Koishi:UnansweredLove"],"picked":"Koishi:RacingHeart","floor":0},{"not_picked":["Koishi:IdleWhim","Koishi:BramblyRoseGarden"],"picked":"Koishi:UnconsciousUrges","floor":0},{"not_picked":["Koishi:BramblyRoseGarden","Koishi:VengefulSpirit"],"picked":"Koishi:JumpScare","floor":0},{"not_picked":["Koishi:PhantomStrike","Koishi:RorschachInDanmaku"],"picked":"Koishi:JumpScare","floor":0},{"not_picked":["Koishi:CatchAndRose","Koishi:UnansweredLove"],"picked":"Koishi:Catatonia","floor":0},{"not_picked":["Koishi:Prune","Koishi:EmbryosDream"],"picked":"Koishi:UnansweredLove","floor":0},{"not_picked":["Koishi:TraumaticStroke","Koishi:PhantomStrike"],"picked":"Koishi:DanmakuParanoia","floor":0},{"not_picked":["Koishi:Bloodlust","Koishi:ReflexRadar"],"picked":"Koishi:StingingMind","floor":0},{"not_picked":["Koishi:Prune","Koishi:UnansweredLove"],"picked":"Koishi:EmbryosDream","floor":0},{"not_picked":["Koishi:JumpScare","Koishi:StingingMind"],"picked":"Koishi:RacingHeart","floor":1},{"not_picked":["Koishi:PredatoryInstincts","Koishi:EmbryosDream"],"picked":"Koishi:ReleaseOfTheId","floor":2},{"not_picked":["Koishi:JumpScare","Koishi:Jaunt"],"picked":"Koishi:BloodcurdlingScream","floor":4},{"not_picked":["Koishi:Bloodlust","Koishi:FidgetySnatcher"],"picked":"Koishi:LastRemote","floor":8},{"not_picked":["Koishi:Bloodlust","Koishi:HeartfeltFancy"],"picked":"Koishi:UnseenTerror","floor":11},{"not_picked":["Koishi:Jaunt","Koishi:Bloodlust","Koishi:BramblyRoseGarden"],"picked":"SKIP","floor":18},{"not_picked":["Koishi:SpiritedAway","Koishi:UnconsciousUprising"],"picked":"Koishi:DNAsFlaw","floor":20},{"not_picked":["Koishi:BramblyRoseGarden","Koishi:Possession"],"picked":"Koishi:VengefulSpirit","floor":22},{"not_picked":["Koishi:Jaunt","Koishi:Whimsy+1"],"picked":"Koishi:HeartAttack+1","floor":24},{"not_picked":["Koishi:PhilosophyOfTheDespised","Koishi:HeartfeltFancy"],"picked":"Koishi:EmbersOfLove","floor":27},{"not_picked":["Koishi:LastRemote","Koishi:PhantomBarrier"],"picked":"Koishi:JumpScare","floor":28},{"not_picked":["Koishi:BramblyRoseGarden","Koishi:Untouchable"],"picked":"Koishi:DreadfulBlow+1","floor":30},{"not_picked":["Koishi:Prune","Koishi:StingingMind+1","Koishi:DreadfulBlow"],"picked":"SKIP","floor":31},{"not_picked":["Koishi:SuperEgo","Koishi:Ego"],"picked":"Koishi:ConfinedInnocent","floor":33},{"not_picked":["Koishi:PhantomBarrier","Koishi:SubconsciousSweep"],"picked":"Koishi:UnseenTerror+1","floor":35}],"player_experience":72895,"relics_obtained":[{"floor":8,"key":"Potion Belt"},{"floor":9,"key":"Mercury Hourglass"},{"floor":11,"key":"Ancient Tea Set"},{"floor":22,"key":"Anchor"},{"floor":24,"key":"Darkstone Periapt"},{"floor":26,"key":"Blood Vial"},{"floor":27,"key":"Dream Catcher"},{"floor":28,"key":"Regal Pillow"},{"floor":30,"key":"Happy Flower"}],"event_choices":[{"damage_healed":0,"gold_gain":0,"player_choice":"Full Heal","damage_taken":0,"max_hp_gain":0,"max_hp_loss":0,"event_name":"Wheel of Change","floor":3,"gold_loss":0},{"damage_healed":0,"gold_gain":0,"cards_transformed":["Koishi:DanmakuParanoia"],"player_choice":"Transformed","damage_taken":0,"max_hp_gain":0,"max_hp_loss":0,"event_name":"Transmorgrifier","floor":5,"gold_loss":0,"cards_obtained":["Koishi:RoseHell"]},{"damage_healed":0,"gold_gain":99,"player_choice":"Stole From Cult","damage_taken":0,"max_hp_gain":0,"max_hp_loss":0,"event_name":"Nest","floor":21,"gold_loss":0},{"cards_removed":["Koishi:LastRemote"],"damage_healed":0,"gold_gain":0,"player_choice":"Removed Attack","damage_taken":0,"max_hp_gain":0,"max_hp_loss":0,"event_name":"Falling","floor":36,"gold_loss":0},{"damage_healed":0,"gold_gain":0,"player_choice":"Got Potions","damage_taken":0,"max_hp_gain":0,"max_hp_loss":0,"event_name":"Lab","floor":37,"gold_loss":0}],"is_beta":false,"boss_relics":[{"not_picked":["Snecko Eye","Runic Pyramid"],"picked":"Astrolabe"},{"not_picked":["Calling Bell","SacredBark"],"picked":"Empty Cage"}],"items_purged_floors":[19],"is_endless":true,"potions_floor_spawned":[1,2,8,24,27,31,35],"killed_by":"Reptomancer","ascension_level":0}}