{"host":"rz01j32460kf2mtw","time":1608376053,"event":{"mods":["BaseMod","Koishi","Marisa????????","Minty Spire (QoL Compilation)","Prisma Mod","Quick Restart","StSLib","The Cursed","The Disciple","The Jungle","The Runesmith","The Servant 0.9.4"],"gold_per_floor":[109,109,109,109,125,160,160,174,201,201,14,34,53,69,69,188,488,507,525,525,525,525,525],"floor_reached":22,"playtime":781,"items_purged":[],"score":236,"play_id":"590f8ae9-b8c2-4b49-b5e8-a1f8e36bc8b4","local_time":"20201219040733","is_ascension_mode":false,"campfire_choices":[{"data":"Runesmith:Duplicate","floor":7,"key":"SMITH"},{"data":"Runesmith:Firestorm","floor":10,"key":"SMITH"},{"floor":15,"key":"REST"}],"circlet_count":0,"master_deck":["Runesmith:Defend_RS","Runesmith:Defend_RS","Runesmith:Defend_RS","Runesmith:Defend_RS","Runesmith:CraftFirestone","Runesmith:Fortify","Runesmith:GoWithTheFlow","Regret","Runesmith:Grindstone","Runesmith:Duplicate+1","Runesmith:Firestorm+1","Runesmith:GrandSlam","Runesmith:Grindstone","Runesmith:PoweredAnvil","Runesmith:CraftMagma","Runesmith:FissionHammer","CurseOfTheBell","Runesmith:HeatExchange","Runesmith:Repurpose","Bite","Bite","Bite","Bite","Bite"],"relics":["Runesmith:BrokenRuby","NeowsBlessing","Bloody Idol","Strawberry","Bag of Preparation","Regal Pillow","Membership Card","Calling Bell","Ornamental Fan","Old Coin"],"acts_visited":["Exordium","TheCity"],"potions_floor_usage":[16,16,22],"damage_taken":[{"damage":0,"enemies":"Cultist","floor":1,"turns":1},{"damage":0,"enemies":"Jaw Worm","floor":5,"turns":1},{"damage":0,"enemies":"Lagavulin","floor":6,"turns":1},{"damage":4,"enemies":"2 Louse","floor":8,"turns":4},{"damage":14,"enemies":"Looter","floor":12,"turns":4},{"damage":3,"enemies":"Blue Slaver","floor":13,"turns":4},{"damage":9,"enemies":"2 Fungi Beasts","floor":14,"turns":5},{"damage":37,"enemies":"Slime Boss","floor":16,"turns":7},{"damage":7,"enemies":"Chosen","floor":18,"turns":6},{"damage":31,"enemies":"Shell Parasite","floor":19,"turns":6},{"damage":45,"enemies":"3 Cultists","floor":22,"turns":5}],"seed_played":"-8076994208101012155","potions_obtained":[{"floor":5,"key":"ColorlessPotion"},{"floor":8,"key":"Fire Potion"},{"floor":12,"key":"Swift Potion"},{"floor":13,"key":"SkillPotion"},{"floor":19,"key":"Ancient Potion"}],"is_trial":false,"path_per_floor":["M","?","?","?","M","E","R","M","T","R","$","M","M","M","R","B",null,"M","M","?","?","M"],"character_chosen":"RUNESMITH_CLASS","items_purchased":["Membership Card","Runesmith:GrandSlam"],"campfire_rested":1,"item_purchase_floors":[11,11],"current_hp_per_floor":[70,56,56,63,63,63,63,59,59,59,59,45,42,33,69,32,72,65,36,36,36,0,0],"gold":525,"neow_bonus":"THREE_ENEMY_KILL","is_daily":false,"chose_seed":false,"campfire_upgraded":2,"win_rate":0.0,"timestamp":1608376053,"path_taken":["M","?","?","?","M","E","R","M","T","R","?","M","?","M","R","BOSS","M","M","?","?","M"],"items_purchased_type":["Relic","Card"],"build_version":"2020-12-13","purchased_purges":0,"victory":false,"max_hp_per_floor":[70,70,65,72,72,72,72,72,72,72,72,72,72,72,72,72,72,72,72,72,72,72,72],"card_choices":[{"not_picked":["Runesmith:MakeshiftArmor","Runesmith:Empowerment"],"picked":"Runesmith:GoWithTheFlow","floor":1},{"not_picked":["Runesmith:CraftMagma","Runesmith:Overpower"],"picked":"Runesmith:Grindstone","floor":5},{"not_picked":["Runesmith:HeatedChisel","Runesmith:Attraction"],"picked":"Runesmith:Duplicate","floor":6},{"not_picked":["Runesmith:EnergizedChisel","Runesmith:CraftMagma"],"picked":"Runesmith:Firestorm","floor":8},{"not_picked":["Runesmith:CraftProtectio","Runesmith:CraftVitae"],"picked":"Runesmith:Grindstone","floor":12},{"not_picked":["Runesmith:MakeshiftArmor","Runesmith:Electrocute"],"picked":"Runesmith:PoweredAnvil","floor":13},{"not_picked":["Runesmith:Reinforce","Runesmith:WhiteBalance"],"picked":"Runesmith:CraftMagma","floor":14},{"not_picked":["Runesmith:CraftIndustria","Runesmith:LastStand"],"picked":"Runesmith:FissionHammer","floor":16},{"not_picked":["Runesmith:EarthShield","Runesmith:CraftProtectio"],"picked":"Runesmith:HeatExchange","floor":18},{"not_picked":["Runesmith:HeatExchange","Runesmith:CraftProtectio"],"picked":"Runesmith:Repurpose","floor":19}],"player_experience":928521,"relics_obtained":[{"floor":6,"key":"Bag of Preparation"},{"floor":9,"key":"Regal Pillow"},{"floor":17,"key":"Blood Vial"},{"floor":17,"key":"Ornamental Fan"},{"floor":17,"key":"Old Coin"}],"event_choices":[{"damage_healed":0,"gold_gain":0,"player_choice":"Entered Light","damage_taken":14,"max_hp_gain":0,"max_hp_loss":0,"event_name":"Shining Light","floor":2,"gold_loss":0,"cards_upgraded":["Runesmith:Strike_RS","Runesmith:Strike_RS"]},{"damage_healed":0,"gold_gain":0,"player_choice":"Lose Max HP","damage_taken":0,"relics_obtained":["Golden Idol"],"max_hp_gain":0,"max_hp_loss":5,"event_name":"Golden Idol","floor":3,"gold_loss":0},{"damage_healed":0,"gold_gain":0,"player_choice":"Box","damage_taken":0,"relics_obtained":["Strawberry"],"max_hp_gain":0,"max_hp_loss":0,"event_name":"Big Fish","floor":4,"gold_loss":0,"cards_obtained":["Regret"]},{"damage_healed":0,"gold_gain":0,"player_choice":"Became a vampire (Vial)","damage_taken":0,"max_hp_gain":0,"max_hp_loss":0,"event_name":"Vampires","floor":20,"relics_lost":["Blood Vial"],"gold_loss":0,"cards_obtained":["Bite","Bite","Bite","Bite","Bite"]},{"damage_healed":0,"gold_gain":0,"player_choice":"Gave Idol","damage_taken":0,"relics_obtained":["Bloody Idol"],"max_hp_gain":0,"max_hp_loss":0,"event_name":"Forgotten Altar","floor":21,"relics_lost":["Golden Idol"],"gold_loss":0}],"is_beta":false,"boss_relics":[{"not_picked":["Snecko Eye","Runesmith:PocketReactor"],"picked":"Calling Bell"}],"items_purged_floors":[],"is_endless":false,"potions_floor_spawned":[5,8,12,13,19],"killed_by":"3 Cultists","ascension_level":0}}