{"host":"aas8f8jvicx6tcxp","time":1608383685,"event":{"mods":["BaseMod","Better Third Choice","BetterRewards","Jorbs\u0027s Wanderer Trilogy","Minty Spire (QoL Compilation)","Robot Space Explorer","StSLib","The Cursed"],"gold_per_floor":[114,114,40,55,70,98,98,118,186,32,46,46,46,61,61,164,164,178,178,35,35,35,65,77,108,120,47,59,86,16,16,16,116,116,127,127,138,154,167,201,212,212,239,258,258,258],"floor_reached":45,"playtime":3683,"items_purged":[],"score":590,"play_id":"0ff1d2c0-a5ed-4688-9800-5829981d9c63","local_time":"20201219071445","is_ascension_mode":false,"campfire_choices":[{"data":"Zap","floor":7.0,"key":"SMITH"},{"data":"Defragment","floor":13.0,"key":"SMITH"},{"data":"Stack","floor":15.0,"key":"SMITH"},{"data":"Capacitor","floor":24.0,"key":"SMITH"},{"data":"Echo Form","floor":32.0,"key":"SMITH"},{"data":"Consume","floor":42.0,"key":"SMITH"}],"circlet_count":0,"master_deck":["Zap+1","Dualcast","Chill","Defragment+1","Cold Snap+1","Melter+1","Rip and Tear","Stack+1","Electrodynamics","Rebound","Echo Form+1","Reboot","All For One","Steam","Hologram","Capacitor+1","Coolheaded","Consume+1","Cold Snap+1","Undo","Core Surge","Force Field","Stack+1","Machine Learning","CurseOfTheBell","Self Repair+1","Darkness+1","Parasite","Lockon+1","Force Field","Streamline+1","Streamline"],"relics":["Coffee Dripper","CultistMask","Du-Vu Doll","Blue Candle","Juzu Bracelet","Pandora\u0027s Box","Toolbox","MawBank","Mango","Toy Ornithopter","Calling Bell","Oddly Smooth Stone","Question Card","CaptainsWheel","Happy Flower","Whetstone"],"acts_visited":["Exordium","TheCity","TheBeyond"],"potions_floor_usage":[],"damage_taken":[{"damage":0.0,"enemies":"2 Louse","floor":1.0,"turns":2.0},{"damage":3.0,"enemies":"Cultist","floor":4.0,"turns":4.0},{"damage":0.0,"enemies":"Small Slimes","floor":5.0,"turns":3.0},{"damage":42.0,"enemies":"Gremlin Nob","floor":6.0,"turns":5.0},{"damage":6.0,"enemies":"Blue Slaver","floor":8.0,"turns":3.0},{"damage":4.0,"enemies":"Exordium Wildlife","floor":11.0,"turns":4.0},{"damage":0.0,"enemies":"Exordium Thugs","floor":14.0,"turns":3.0},{"damage":0.0,"enemies":"Slime Boss","floor":16.0,"turns":5.0},{"damage":3.0,"enemies":"Chosen","floor":18.0,"turns":7.0},{"damage":29.0,"enemies":"Slavers","floor":23.0,"turns":5.0},{"damage":0.0,"enemies":"3 Byrds","floor":25.0,"turns":2.0},{"damage":26.0,"enemies":"Snake Plant","floor":29.0,"turns":4.0},{"damage":0.0,"enemies":"Automaton","floor":33.0,"turns":9.0},{"damage":31.0,"enemies":"3 Darklings","floor":35.0,"turns":7.0},{"damage":2.0,"enemies":"Orb Walker","floor":37.0,"turns":3.0},{"damage":0.0,"enemies":"Maw","floor":38.0,"turns":9.0},{"damage":23.0,"enemies":"Writhing Mass","floor":39.0,"turns":8.0},{"damage":24.0,"enemies":"Nemesis","floor":40.0,"turns":7.0},{"damage":48.0,"enemies":"4 Shapes","floor":41.0,"turns":5.0},{"damage":12.0,"enemies":"Transient","floor":44.0,"turns":5.0}],"seed_played":"-1786136176430699345","potions_obtained":[{"floor":5.0,"key":"Fruit Juice"},{"floor":11.0,"key":"EssenceOfDarkness"},{"floor":16.0,"key":"SteroidPotion"},{"floor":29.0,"key":"Regen Potion"},{"floor":35.0,"key":"AttackPotion"},{"floor":38.0,"key":"FairyPotion"}],"is_trial":false,"path_per_floor":["M","?","$","M","M","E","R","M","T","$","M","?","R","M","R","B",null,"M","?","$","?","$","E","R","M","T","?","$","M","$","?","R","B",null,"M","?","M","M","M","E","M","R","T","M","?"],"character_chosen":"DEFECT","items_purchased":["Defragment","Juzu Bracelet","Toolbox","Force Field"],"campfire_rested":0,"item_purchase_floors":[3,10,20,30],"current_hp_per_floor":[75,75,75,72,77,35,35,29,29,29,25,25,25,25,25,25,80,77,77,77,77,77,48,48,48,62,62,62,36,36,36,36,56,94,63,63,66,76,63,49,11,11,11,38,38,38],"gold":258,"neow_bonus":"BOSS_RELIC","is_daily":false,"chose_seed":false,"campfire_upgraded":6,"win_rate":0.0,"timestamp":1608383685,"path_taken":["M","?","$","M","M","E","R","M","T","$","M","?","R","M","R","BOSS","M","?","$","?","$","E","R","M","T","?","?","M","$","?","R","BOSS","M","?","M","M","M","E","M","R","T","M","?"],"items_purchased_type":["Card","Relic","Relic","Card"],"build_version":"2020-12-13","purchased_purges":0,"victory":false,"max_hp_per_floor":[75,75,75,75,80,80,80,80,80,80,80,80,80,80,80,80,80,80,80,80,80,80,80,80,80,94,94,94,94,94,94,94,94,94,94,94,94,94,94,94,94,94,94,94,94,94],"card_choices":[{"not_picked":["Rebound","Reprogram"],"picked":"Chill","floor":1.0},{"not_picked":["Beam Cell","Gash"],"picked":"Cold Snap","floor":4.0},{"not_picked":["Defragment","Ball Lightning"],"picked":"Melter","floor":5.0},{"not_picked":["Barrage","Ball Lightning"],"picked":"Rip and Tear","floor":6.0},{"not_picked":["Steam Power","Cold Snap"],"picked":"Stack","floor":8.0},{"not_picked":["Hologram","Streamline"],"picked":"Electrodynamics","floor":11.0},{"not_picked":["Leap","Turbo"],"picked":"Rebound","floor":14.0},{"not_picked":["Amplify","Electrodynamics"],"picked":"Echo Form","floor":16.0},{"not_picked":["Steam","Sweeping Beam"],"picked":"Cold Snap+1","floor":18.0},{"not_picked":["Turbo","Fusion","Storm"],"picked":"SKIP","floor":23.0},{"not_picked":["Consume+1","Chaos+1"],"picked":"Undo","floor":25.0},{"not_picked":["Leap","Steam"],"picked":"Core Surge","floor":29.0},{"not_picked":["Amplify","Meteor Strike"],"picked":"Machine Learning","floor":33.0},{"not_picked":["Double Energy+1","Sweeping Beam+1","Sunder+1"],"picked":"Self Repair+1","floor":35.0},{"not_picked":["Leap","Turbo","Steam","Auto Shields+1"],"picked":"SKIP","floor":37.0},{"not_picked":["Turbo+1","Cold Snap","Leap"],"picked":"Darkness+1","floor":38.0},{"not_picked":["Storm+1","Coolheaded+1","Cold Snap+1"],"picked":"Lockon+1","floor":39.0},{"not_picked":["Glacier+1","Static Discharge+1","Biased Cognition"],"picked":"Force Field","floor":40.0},{"not_picked":["Beam Cell","Ball Lightning+1","Hologram+1"],"picked":"Streamline+1","floor":41.0},{"not_picked":["Cold Snap","Beam Cell","Compile Driver+1"],"picked":"Streamline","floor":44.0}],"player_experience":193631,"relics_obtained":[{"floor":6.0,"key":"Du-Vu Doll"},{"floor":9.0,"key":"Blue Candle"},{"floor":23.0,"key":"MawBank"},{"floor":26.0,"key":"Mango"},{"floor":34.0,"key":"Oddly Smooth Stone"},{"floor":34.0,"key":"Question Card"},{"floor":34.0,"key":"CaptainsWheel"},{"floor":40.0,"key":"Happy Flower"},{"floor":43.0,"key":"Whetstone"}],"event_choices":[{"damage_healed":0.0,"max_hp_gain":0.0,"max_hp_loss":0.0,"gold_gain":0.0,"event_name":"FaceTrader","player_choice":"Trade","floor":2.0,"gold_loss":0.0,"damage_taken":0.0,"relics_obtained":["CultistMask"]},{"damage_healed":0.0,"max_hp_gain":0.0,"max_hp_loss":0.0,"gold_gain":0.0,"event_name":"Purifier","player_choice":"Ignored","floor":12.0,"gold_loss":0.0,"damage_taken":0.0},{"cards_removed":["Buffer"],"damage_healed":0.0,"max_hp_gain":0.0,"max_hp_loss":0.0,"gold_gain":0.0,"event_name":"betterThird:BetterWriting","player_choice":"Elegance","floor":19.0,"gold_loss":0.0,"damage_taken":0.0},{"damage_healed":0.0,"max_hp_gain":0.0,"max_hp_loss":0.0,"gold_gain":0.0,"event_name":"Vampires","player_choice":"Ignored","floor":21.0,"gold_loss":0.0,"damage_taken":0.0},{"damage_healed":0.0,"max_hp_gain":0.0,"max_hp_loss":0.0,"gold_gain":0.0,"event_name":"Addict","player_choice":"Obtained Relic","floor":27.0,"gold_loss":85.0,"damage_taken":0.0,"relics_obtained":["Toy Ornithopter"]},{"damage_healed":0.0,"max_hp_gain":0.0,"max_hp_loss":0.0,"gold_gain":0.0,"event_name":"Duplicator","player_choice":"Copied","floor":31.0,"gold_loss":0.0,"damage_taken":0.0,"cards_obtained":["Stack"]},{"damage_healed":0.0,"max_hp_gain":0.0,"max_hp_loss":0.0,"gold_gain":0.0,"event_name":"Tomb of Lord Red Mask","player_choice":"Ignored","floor":36.0,"gold_loss":0.0,"damage_taken":0.0}],"is_beta":false,"boss_relics":[{"not_picked":["Busted Crown","Runic Dome"],"picked":"Pandora\u0027s Box"},{"not_picked":["Empty Cage","Astrolabe"],"picked":"Calling Bell"}],"items_purged_floors":[],"is_endless":false,"potions_floor_spawned":[5,11,16,29,35,38],"ascension_level":0}}