{"host":"daa8jqyg4gqfaysm","time":1608358453,"event":{"mods":["BaseMod","Colored Powertips","Minty Spire (QoL Compilation)","StSLib"],"gold_per_floor":[111,261,31,106,106,137,137,172,197,225,225,242,1,17,17,91,91,101,101,101,114,114,114,130,130,130,130,130],"floor_reached":27,"playtime":754,"items_purged":["Doubt","Strike_G"],"score":397,"play_id":"7902d882-6fe4-49f8-bf90-5961bd828d4c","local_time":"20201219141413","is_ascension_mode":true,"campfire_choices":[{"floor":7,"key":"REST"},{"floor":11,"key":"REST"},{"data":"Deadly Poison","floor":15,"key":"SMITH"},{"data":"Ghostly","floor":23,"key":"SMITH"},{"data":"Ghostly","floor":25,"key":"SMITH"}],"circlet_count":0,"master_deck":["AscendersBane","Strike_G","Strike_G","Strike_G","Strike_G","Defend_G","Defend_G","Defend_G+1","Defend_G","Defend_G","Survivor","Neutralize","Adrenaline+1","Deadly Poison+1","All Out Attack","Tools of the Trade","Bane","Poisoned Stab","Backflip","Crippling Poison","Die Die Die","Dagger Spray+1","Ghostly+1","Ghostly+1","Ghostly","Escape Plan+1","Dodge and Roll","Pain"],"relics":["Ring of the Snake","Orrery","War Paint","Centennial Puzzle","Pen Nib","HornCleat","Cursed Key","Strawberry","Sundial"],"acts_visited":["Exordium","TheCity"],"potions_floor_usage":[],"damage_taken":[{"damage":7,"enemies":"Jaw Worm","floor":1,"turns":6},{"damage":33,"enemies":"Lagavulin","floor":6,"turns":6},{"damage":17,"enemies":"Gremlin Nob","floor":8,"turns":4},{"damage":9,"enemies":"3 Sentries","floor":10,"turns":10},{"damage":1,"enemies":"2 Louse","floor":12,"turns":2},{"damage":0,"enemies":"Small Slimes","floor":14,"turns":1},{"damage":9,"enemies":"The Guardian","floor":16,"turns":9},{"damage":4,"enemies":"Shell Parasite","floor":18,"turns":5},{"damage":0,"enemies":"2 Thieves","floor":21,"turns":3},{"damage":9,"enemies":"Snake Plant","floor":24,"turns":5},{"damage":32,"enemies":"Gremlin Leader","floor":27,"turns":4}],"seed_played":"-6565350267050961858","potions_obtained":[{"floor":6,"key":"BlessingOfTheForge"},{"floor":12,"key":"SkillPotion"},{"floor":21,"key":"DuplicationPotion"}],"is_trial":false,"path_per_floor":["M","?","$","?","?","E","R","E","T","E","R","M","$","M","R","B",null,"M","?","?","M","?","R","M","R","T","E"],"character_chosen":"THE_SILENT","items_purchased":["Orrery","Die Die Die"],"campfire_rested":2,"item_purchase_floors":[3,13],"current_hp_per_floor":[37,37,37,26,48,15,34,17,17,8,27,26,26,26,26,17,54,50,57,36,36,36,36,27,27,27,0,0],"gold":130,"neow_bonus":"THREE_RARE_CARDS","is_daily":false,"chose_seed":false,"campfire_upgraded":3,"win_rate":0.0,"timestamp":1608358453,"path_taken":["M","?","$","?","?","E","R","E","T","E","R","M","?","?","R","BOSS","M","?","?","M","?","R","?","R","T","E"],"items_purchased_type":["Relic","Card"],"build_version":"2020-12-13","purchased_purges":2,"victory":false,"max_hp_per_floor":[66,66,66,66,66,66,66,66,66,66,66,66,66,66,66,66,66,66,73,36,36,36,36,36,36,36,36,36],"card_choices":[{"not_picked":["A Thousand Cuts","Burst"],"picked":"Adrenaline","floor":0},{"not_picked":["Quick Slash","Expertise"],"picked":"Deadly Poison","floor":1},{"not_picked":["Acrobatics","After Image"],"picked":"All Out Attack","floor":3},{"not_picked":["Prepared","Choke"],"picked":"Tools of the Trade","floor":3},{"not_picked":["Eviscerate","Masterful Stab"],"picked":"Bane","floor":3},{"not_picked":["Sucker Punch","Dodge and Roll"],"picked":"Poisoned Stab","floor":3},{"not_picked":["Distraction","Acrobatics","Expertise"],"picked":"SKIP","floor":6},{"not_picked":["Underhanded Strike","Blade Dance","Quick Slash"],"picked":"SKIP","floor":8},{"not_picked":["Heel Hook","Dagger Throw"],"picked":"Backflip","floor":10},{"not_picked":["Caltrops","Skewer"],"picked":"Crippling Poison","floor":12},{"not_picked":["Deadly Poison","Distraction","Acrobatics"],"picked":"SKIP","floor":14},{"not_picked":["Deadly Poison+1","Slice"],"picked":"Dagger Spray+1","floor":18},{"not_picked":["Underhanded Strike","Acrobatics"],"picked":"Escape Plan+1","floor":21},{"not_picked":["Skewer","Concentrate"],"picked":"Dodge and Roll","floor":24}],"player_experience":699902,"relics_obtained":[{"floor":6,"key":"War Paint"},{"floor":8,"key":"Centennial Puzzle"},{"floor":9,"key":"Pen Nib"},{"floor":10,"key":"HornCleat"},{"floor":26,"key":"Sundial"}],"event_choices":[{"damage_healed":0,"gold_gain":150,"player_choice":"AGREE","damage_taken":0,"max_hp_gain":0,"max_hp_loss":0,"event_name":"Liars Game","floor":2,"gold_loss":0,"cards_obtained":["Doubt"]},{"damage_healed":0,"gold_gain":75,"player_choice":"Gather Gold","damage_taken":11,"max_hp_gain":0,"max_hp_loss":0,"event_name":"World of Goop","floor":4,"gold_loss":0},{"damage_healed":22,"gold_gain":0,"player_choice":"Banana","damage_taken":0,"max_hp_gain":0,"max_hp_loss":0,"event_name":"Big Fish","floor":5,"gold_loss":0},{"damage_healed":0,"gold_gain":0,"player_choice":"Opened","damage_taken":0,"relics_obtained":["Strawberry"],"max_hp_gain":0,"max_hp_loss":0,"event_name":"The Mausoleum","floor":19,"gold_loss":0,"cards_obtained":["Writhe"]},{"damage_healed":0,"gold_gain":0,"player_choice":"Became a Ghost","damage_taken":0,"max_hp_gain":0,"max_hp_loss":37,"event_name":"Ghosts","floor":20,"gold_loss":0,"cards_obtained":["Ghostly","Ghostly","Ghostly"]},{"cards_removed":["Writhe"],"damage_healed":0,"gold_gain":0,"player_choice":"Purged","damage_taken":0,"max_hp_gain":0,"max_hp_loss":0,"event_name":"Purifier","floor":22,"gold_loss":0}],"is_beta":false,"boss_relics":[{"not_picked":["SacredBark","Astrolabe"],"picked":"Cursed Key"}],"items_purged_floors":[3,13],"is_endless":false,"potions_floor_spawned":[6,12,16,21,24],"killed_by":"Gremlin Leader","ascension_level":15}}