{"host":"lhctfk12b9nlyebx","time":1608336174,"event":{"mods":["BaseMod","Card Forge","Colored Map","Infinite Spire","Minty Spire (QoL Compilation)","Relic Filter","Replay The Spire","StSLib","vexMod"],"gold_per_floor":[111,386,5,5,18,18,44,62,62,110,121,121,133,145,70,84,84,84,182,182,199,298,324,339,359,359,386,386,661,713,731,748,782,798,810,810,967,967,1050,1150,1239,1239,1337,1337,1440,1544,1571,1571,1571,1692,1815,1947,2094,2094,2094,2094],"floor_reached":55,"playtime":2157,"items_purged":[],"score":596,"play_id":"880ffdf3-437d-4950-bbb4-348ccb95079f","local_time":"20201219000254","is_ascension_mode":false,"campfire_choices":[{"floor":9,"key":"REST"},{"floor":18,"key":"REST"},{"floor":26,"key":"REST"},{"floor":28,"key":"REST"},{"floor":36,"key":"REST"},{"floor":44,"key":"REST"},{"floor":49,"key":"REST"},{"floor":54,"key":"REST"}],"circlet_count":0,"master_deck":["Static Discharge+1","Sweeping Beam+1","Static Discharge+1","ReplayTheSpireMod:Omega Cannon+1","Zap+1","Ball Lightning+1","Redo+1","Lockon+1","Biased Cognition+1","FIFO Queue+1","Redo+1","Genetic Algorithm+1","Ball Lightning+1","Beam Cell+1","Consume+1","Barrage+1","Beam Cell+1","Thunder Strike+1","Conserve Battery+1","Redo+1","Thunder Strike+1","White Noise+1"],"relics":["Cracked Core","Hammer of Thor","Seething Fire","Anvil of the Gods","NeowsBlessing","Mercury Hourglass","Lantern","Boot","War Paint","Replay:Grab Bag","Fusion Hammer","Sozu","Inserter","Pandora\u0027s Box","Replay:Mystery Machine","Whetstone","vexMod:FocusSash","Oddly Smooth Stone","infinitespire:EvilPickle","Runic Pyramid","vexMod:MemoryStick","Vajra","Replay:Multitool"],"acts_visited":["Exordium","TheCity","TheBeyond"],"potions_floor_usage":[19,19,19],"damage_taken":[{"damage":0,"enemies":"Jaw Worm","floor":1,"turns":1},{"damage":0,"enemies":"Cultist","floor":5,"turns":1},{"damage":0,"enemies":"Gremlin Nob","floor":7,"turns":1},{"damage":0,"enemies":"Small Slimes","floor":8,"turns":1},{"damage":0,"enemies":"Gremlin Gang","floor":11,"turns":1},{"damage":0,"enemies":"Exordium Wildlife","floor":13,"turns":1},{"damage":0,"enemies":"Looter","floor":14,"turns":1},{"damage":0,"enemies":"Lots of Slimes","floor":16,"turns":1},{"damage":21,"enemies":"The Guardian","floor":19,"turns":3},{"damage":19,"enemies":"2 Thieves","floor":21,"turns":2},{"damage":0,"enemies":"Spheric Guardian","floor":24,"turns":2},{"damage":4,"enemies":"Centurion and Healer","floor":25,"turns":4},{"damage":21,"enemies":"Gremlin Leader","floor":27,"turns":3},{"damage":15,"enemies":"Shelled Parasite and Fungi","floor":31,"turns":2},{"damage":10,"enemies":"Cultist and Chosen","floor":32,"turns":3},{"damage":15,"enemies":"Nightmare","floor":33,"turns":3},{"damage":0,"enemies":"Snecko","floor":34,"turns":2},{"damage":14,"enemies":"Centurion and Healer","floor":35,"turns":3},{"damage":28,"enemies":"Pondfish","floor":37,"turns":3},{"damage":18,"enemies":"Orb Walker","floor":39,"turns":3},{"damage":8,"enemies":"3 Darklings","floor":41,"turns":3},{"damage":0,"enemies":"Spire Growth","floor":43,"turns":3},{"damage":0,"enemies":"Transient","floor":45,"turns":5},{"damage":47,"enemies":"Jaw Worm Horde","floor":46,"turns":3},{"damage":0,"enemies":"Sphere and 2 Shapes","floor":50,"turns":2},{"damage":14,"enemies":"4 Shapes","floor":51,"turns":4},{"damage":2,"enemies":"Transient","floor":52,"turns":5},{"damage":15,"enemies":"Writhing Mass","floor":53,"turns":3},{"damage":69,"enemies":"Replay:Hell Engine","floor":55,"turns":4}],"seed_played":"2572965949935752574","potions_obtained":[{"floor":1,"key":"DistilledChaos"},{"floor":5,"key":"SkillPotion"},{"floor":11,"key":"FocusPotion"}],"is_trial":false,"path_per_floor":["M","?","$","?","M","T","E","M","R","T","M","?","M","M","$","M","R_BF","R","B",null,"M","?","T","M","M","R","E","R","?","T","M","M","NM","M","M","R","B",null,"M","?","M","T","M","R","M","M","T","T","R","M","M","M","M","R","B"],"character_chosen":"DEFECT","items_purchased":["Sweeping Beam","Static Discharge","Mercury Hourglass","FIFO Queue"],"campfire_rested":8,"item_purchase_floors":[3,3,3,15],"current_hp_per_floor":[75,75,75,75,75,75,75,75,75,75,75,75,75,75,75,75,75,75,54,75,56,56,56,56,52,74,53,75,75,75,60,50,35,35,21,43,15,75,57,57,49,49,49,71,71,24,24,24,46,46,32,30,15,37,0,0],"gold":2094,"neow_bonus":"THREE_ENEMY_KILL","is_daily":false,"chose_seed":false,"campfire_upgraded":0,"win_rate":0.0,"timestamp":1608336174,"path_taken":["M","?","$","?","M","?","E","M","R","T","?","?","M","M","$","M","R_BF","R","BOSS","M","?","?","?","M","R","E","R","?","T","M","M","NM","?","M","R","BOSS","M","?","?","?","M","R","M","M","T","T","R","M","M","M","M","R","BOSS"],"items_purchased_type":["Card","Card","Relic","Card"],"build_version":"2020-12-13","purchased_purges":0,"victory":false,"max_hp_per_floor":[75,75,75,75,75,75,75,75,75,75,75,75,75,75,75,75,75,75,75,75,75,75,75,75,75,75,75,75,75,75,75,75,75,75,75,75,75,75,75,75,75,75,75,75,75,75,75,75,75,75,75,75,75,75,75,75],"card_choices":[{"not_picked":["Turbo","Panic Button"],"picked":"Static Discharge","floor":1},{"not_picked":["Turbo","Conserve Battery"],"picked":"Ball Lightning","floor":5},{"not_picked":["Conserve Battery","Core Surge"],"picked":"Redo","floor":7},{"not_picked":["Coolheaded","Hologram","Go for the Eyes"],"picked":"SKIP","floor":8},{"not_picked":["BasicCrystalCard","Hello World","Compile Driver"],"picked":"SKIP","floor":11},{"not_picked":["Steam","Barrage"],"picked":"Lockon","floor":13},{"not_picked":["Conserve Battery","Ball Lightning"],"picked":"Biased Cognition","floor":14},{"not_picked":["Cold Snap","Melter"],"picked":"Redo","floor":16},{"not_picked":["Redo","Gash+1","Rebound"],"picked":"SKIP","floor":21},{"not_picked":["Compile Driver","Turbo+1"],"picked":"Ball Lightning+1","floor":24},{"not_picked":["Rebound+1","Coolheaded"],"picked":"Beam Cell","floor":25},{"not_picked":["Consume","Cold Snap+1","Darkness+1"],"picked":"SKIP","floor":27},{"not_picked":["Cold Snap+1","Darkness+1"],"picked":"Consume","floor":27},{"not_picked":["Panic Button","Reboot","Hologram"],"picked":"SKIP","floor":31},{"not_picked":["Rebound+1","Compile Driver"],"picked":"Barrage","floor":32},{"not_picked":["Turbo","Steam Power+1","ReplayTheSpireMod:Calculation Training"],"picked":"SKIP","floor":33},{"not_picked":["Sweeping Beam","Reinforced Body","Seek"],"picked":"SKIP","floor":34},{"not_picked":["ReplaySort","FIFO Queue"],"picked":"Beam Cell","floor":35},{"not_picked":["Seek","All For One"],"picked":"Thunder Strike","floor":37},{"not_picked":["Sweeping Beam","Barrage","Blizzard+1"],"picked":"SKIP","floor":39},{"not_picked":["Panic Button+1","Barrage","Beam Cell"],"picked":"SKIP","floor":41},{"not_picked":["Beam Cell","Gash"],"picked":"Conserve Battery","floor":43},{"not_picked":["Doom and Gloom","Capacitor+1","Streamline+1"],"picked":"SKIP","floor":45},{"not_picked":["Meteor Strike","Panic Button"],"picked":"Redo+1","floor":46},{"not_picked":["Fusion","Time Bomb","Tempest+1"],"picked":"SKIP","floor":50},{"not_picked":["Hello World+1","Compile Driver"],"picked":"Thunder Strike","floor":51},{"not_picked":["Doom and Gloom","Cold Snap"],"picked":"White Noise","floor":52},{"not_picked":["Multi-Cast","Coolheaded","Conserve Battery"],"picked":"SKIP","floor":53}],"player_experience":178734,"relics_obtained":[{"floor":6,"key":"Lantern"},{"floor":7,"key":"Boot"},{"floor":10,"key":"War Paint"},{"floor":23,"key":"Replay:Mystery Machine"},{"floor":27,"key":"Whetstone"},{"floor":30,"key":"vexMod:FocusSash"},{"floor":33,"key":"Oddly Smooth Stone"},{"floor":42,"key":"vexMod:MemoryStick"},{"floor":47,"key":"Vajra"},{"floor":48,"key":"Replay:Multitool"}],"event_choices":[{"damage_healed":0,"gold_gain":275,"player_choice":"Desecrate","damage_taken":0,"max_hp_gain":0,"max_hp_loss":0,"event_name":"Golden Shrine","floor":2,"gold_loss":0,"cards_obtained":["Regret"]},{"cards_removed":["Defend_B"],"damage_healed":0,"gold_gain":0,"player_choice":"Purged","damage_taken":0,"max_hp_gain":0,"max_hp_loss":0,"event_name":"Purifier","floor":12,"gold_loss":0},{"damage_healed":0,"gold_gain":0,"player_choice":"Ignored","damage_taken":0,"max_hp_gain":0,"max_hp_loss":0,"event_name":"Upgrade Shrine","floor":17,"gold_loss":0},{"damage_healed":0,"gold_gain":99,"player_choice":"Stole From Cult","damage_taken":0,"max_hp_gain":0,"max_hp_loss":0,"event_name":"Nest","floor":22,"gold_loss":0},{"damage_healed":0,"gold_gain":275,"player_choice":"Desecrate","damage_taken":0,"max_hp_gain":0,"max_hp_loss":0,"event_name":"Golden Shrine","floor":29,"gold_loss":0,"cards_obtained":["Regret"]},{"damage_healed":0,"gold_gain":100,"player_choice":"Pray","damage_taken":0,"max_hp_gain":0,"max_hp_loss":0,"event_name":"Golden Shrine","floor":40,"gold_loss":0}],"is_beta":false,"boss_relics":[{"not_picked":["vexMod:BigBerry","SacredBark"],"picked":"Replay:Grab Bag"},{"not_picked":["ChewingGum","Busted Crown"],"picked":"Fusion Hammer"},{"not_picked":["vexMod:RockOfEvil","Replay:Wanted Poster"],"picked":"Sozu"},{"not_picked":["vexMod:MegatonBomb","Nuclear Battery"],"picked":"Inserter"},{"not_picked":["Empty Cage","Kintsugi"],"picked":"Pandora\u0027s Box"},{"not_picked":["Replay:Ancient Bell","vexMod:MysteryBossChallenge"],"picked":"Runic Pyramid"}],"items_purged_floors":[],"is_endless":true,"potions_floor_spawned":[1,5,11,13,21,33,34,37,41,51,53],"killed_by":"Replay:Hell Engine","ascension_level":0}}