{"host":"wonp23fsqqcu31ie","time":1608376019,"event":{"mods":["2.2 Compatiblity","AchievementEnabler","Aspiration","BaseMod","Bestiary","Better Altar","Better Match","Better Sensory Stone","Better Skull","Better Third Choice","BetterRewards","Block Reminder","Colored Map","Colored Powertips","Conspire","DeckTracker","Displayed Cursed Tome","Downfall","Hermit","Highlight Path","Hubris","Minty Spire (QoL Compilation)","Permanent Neow","Quick Restart","Rare Cards Sparkle","Relic Stats","Replay The Spire","Shade Mod","Shop Mod","StSLib","SuperFastMode","The Animator","The Cursed","The Gatherer","The Necromancer","The Runesmith","The Servant 0.9.4"],"gold_per_floor":[113,113,127,144,154,183,183,283,283,303,303,61,71,71,71,171,171,189,207,207,207,207,234,234,149,161,173,216,246,293,324,336,451,463,494,199,199,210,432,432,461,461,461,475,492,492,506,506,506,506,506],"floor_reached":50,"playtime":2128,"items_purged":["conspire:NecroticWound"],"score":876,"play_id":"88c0ff6c-2bc0-4230-a954-ecf80ed3e654","local_time":"20201219220659","is_ascension_mode":true,"campfire_choices":[{"floor":7,"key":"REST"},{"floor":15,"key":"RECALL"},{"floor":24,"key":"REST"},{"data":"MurderousAura","floor":27,"key":"SMITH"},{"floor":32,"key":"REST"},{"data":"ReplayUltimateDefense","floor":40,"key":"SMITH"}],"circlet_count":0,"master_deck":["Strike_S+1","Strike_S+1","Strike_S+1","Strike_S+1","Defend_S+1","Defend_S+1","Defend_S+1","Defend_S+1","KidneyShot","Exchange+1","BestPractice","Moondial","Alleviate","SilverBlades","MurderousAura+1","hubris:DuctTapeCard+2","TheCursedMod:Dregs","Clumsy","Desolation","Embodiment","FlawlessForm","ShatteredReality+1","TimeWarp+1","ReturningBlade","ShatteredReality+1","SoulSculpture+1","Moonlight+1","ReplayUltimateDefense+1","expansioncontent:Chronoboost","ShatteredReality+1","Hightail+1","FastForward+1","Ricochet+1","Orbit+1","ShatteredReality+1"],"relics":["Uniform","Medical Kit","MerchantsRug","TungstenRod","Eternal Feather","Bronze Scales","hubris:MedicalManual","hubris:TenFootPole","aspiration:AnachronicSnailShell","aspiration:FetidBarrel","Ornamental Fan","hubris:SphereOfDissonance","Regal Pillow","hubris:DuctTape","hubris:BundleOfHerbs","hubris:Towel","PreservedInsect","Vajra","Red Mask","Bottled Lightning","Runesmith:UraniumAnvil","Replay:Wax Seal","BargainBundle","Replay:Bottled Eggs","War Paint"],"acts_visited":["Exordium","TheCity","TheBeyond"],"potions_floor_usage":[6,10,13,16,29,33,41,50,50],"damage_taken":[{"damage":0,"enemies":"Small Slimes","floor":1,"turns":4},{"damage":0,"enemies":"Cultist","floor":3,"turns":5},{"damage":0,"enemies":"Jaw Worm","floor":4,"turns":5},{"damage":0,"enemies":"Red Slaver","floor":5,"turns":6},{"damage":10,"enemies":"3 Sentries","floor":6,"turns":8},{"damage":6,"enemies":"Exordium Wildlife","floor":10,"turns":3},{"damage":0,"enemies":"Gremlin Gang","floor":13,"turns":7},{"damage":15,"enemies":"Fading Forest","floor":16,"turns":11},{"damage":13,"enemies":"Spheric Guardian","floor":18,"turns":6},{"damage":32,"enemies":"conspire:FuzzyDice","floor":19,"turns":6},{"damage":20,"enemies":"Gremlin Leader","floor":23,"turns":7},{"damage":40,"enemies":"Masked Bandits","floor":28,"turns":5},{"damage":8,"enemies":"Centurion and Healer","floor":29,"turns":5},{"damage":2,"enemies":"Book of Stabbing","floor":30,"turns":5},{"damage":4,"enemies":"Snake Plant","floor":31,"turns":3},{"damage":31,"enemies":"Collector","floor":33,"turns":9},{"damage":5,"enemies":"3 Shapes","floor":35,"turns":2},{"damage":0,"enemies":"Orb Walker","floor":38,"turns":3},{"damage":16,"enemies":"Reptomancer","floor":41,"turns":6},{"damage":12,"enemies":"Sphere and 2 Shapes","floor":44,"turns":3},{"damage":0,"enemies":"Maw","floor":45,"turns":8},{"damage":5,"enemies":"Jaw Worm Horde","floor":47,"turns":5},{"damage":93,"enemies":"conspire:OrnateMirror","floor":50,"turns":5}],"seed_played":"6689844786373163531","potions_obtained":[{"floor":1,"key":"Weak Potion"},{"floor":4,"key":"Strength Potion"},{"floor":6,"key":"sneckomod:MuddlingPotion"},{"floor":10,"key":"Weak Potion"},{"floor":13,"key":"PowerPotion"},{"floor":28,"key":"Block Potion"},{"floor":29,"key":"SmokeBomb"},{"floor":30,"key":"sneckomod:MuddlingPotion"},{"floor":31,"key":"Strength Potion"},{"floor":35,"key":"DuplicationPotion"}],"is_trial":false,"path_per_floor":["M","?","M","M","M","E","R","?","T","M","T","$","M","?","R","B",null,"M","M","?","?","?","E","R","?","T","R","?","M","E","M","R","B",null,"M","$","?","M","?","R","E","?","T","M","M","?","M","?","R_BF","B"],"character_chosen":"THE_SERVANT","items_purchased":["Medical Kit","MerchantsRug","Eternal Feather","Bronze Scales","hubris:SphereOfDissonance","Replay:Wax Seal","BargainBundle","Dexterity Potion","Reflective Coating","Replay:Bottled Eggs","ReplayUltimateDefense","expansioncontent:Chronoboost"],"campfire_rested":3,"item_purchase_floors":[0,0,0,0,12,36,36,36,36,36,36,36],"current_hp_per_floor":[25,25,25,25,25,15,43,43,43,37,37,37,37,58,65,50,65,52,20,20,20,20,18,64,64,64,65,36,28,26,22,65,40,65,60,60,60,60,60,65,49,56,56,47,47,47,42,45,68,0,0],"gold":506,"neow_bonus":"","is_daily":false,"chose_seed":false,"campfire_upgraded":2,"win_rate":0.0,"timestamp":1608376019,"path_taken":["M","?","?","M","M","E","R","?","T","?","?","$","?","?","R","BOSS","M","M","?","?","?","E","R","?","T","R","?","M","E","?","R","BOSS","M","?","?","?","?","R","E","?","T","M","M","?","M","?","R_BF","BOSS"],"items_purchased_type":["Relic","Relic","Relic","Relic","Relic","Relic","Relic","Potion","Potion","Relic","Card","Card"],"build_version":"2020-12-13","purchased_purges":1,"victory":false,"max_hp_per_floor":[65,65,65,65,65,65,65,65,65,65,65,65,65,65,65,65,65,65,65,65,65,65,65,65,65,65,65,65,65,65,65,65,65,65,65,65,65,65,65,65,65,65,65,65,65,65,65,68,68,68,68],"relic_stats":{"Regal Pillow":24,"counters":[51,281],"Ornamental Fan":[52],"Bronze Scales":[350],"Eternal Feather":70,"PreservedInsect":100,"War Paint":["Exchange","hubris:DuctTapeCard"],"Medical Kit":[5],"obtain_stats":[{"Vajra":26,"Uniform":0,"Bottled Tornado":48,"conspire:DecoderRing":29,"MealTicket":42,"Replay:Wax Seal":31,"MerchantsRug":31,"Pear":34,"Happy Flower":34,"hubris:DuctTape":43,"aspiration:Nostalgia":0,"hubris:SphereOfDissonance":12,"Eternal Feather":0,"aspiration:TrustyKnives":31,"Replay:Ancient Bell":17,"War Paint":12,"Akabeko":9,"Bird Faced Urn":19,"Bronze Scales":0,"hubris:TenFootPole":2,"conspire:Flyswatter":6,"hubris:Reverence":11,"Regal Pillow":17,"Torii":41,"Mango":34,"Smiling Mask":25,"m_SlimeRing":0,"Mummified Hand":54,"aspiration:AnachronicSnailShell":6,"Tiny Chest":24,"Red Mask":28,"Chemical X":53,"Replay:Bottled Eggs":36,"Gremlin Food":47,"BargainBundle":36,"aspiration:FetidBarrel":9,"Guide Book":31,"hubris:MedicalManual":0,"PreservedInsect":23,"aspiration:HummingbirdHeart":8,"Ring of Greed":24,"hubris:Towel":22,"MawBank":24,"Medical Kit":0,"Calling Bell":34,"Ornamental Fan":11,"Runesmith:UraniumAnvil":34,"Ring of Fury":24,"hubris:BundleOfHerbs":17,"Bottled Lightning":30,"hubris:CrackedHourglass":17,"ReplayTheSpireMod:Lightbulb":23,"FossilizedHelix":20,"TungstenRod":0},{"Vajra":39,"Uniform":0,"Bottled Tornado":25,"conspire:DecoderRing":16,"MealTicket":23,"Replay:Wax Seal":17,"MerchantsRug":17,"Pear":18,"Happy Flower":18,"hubris:DuctTape":23,"aspiration:Nostalgia":0,"hubris:SphereOfDissonance":34,"Eternal Feather":28,"aspiration:TrustyKnives":17,"Replay:Ancient Bell":36,"War Paint":7,"Akabeko":5,"Bird Faced Urn":11,"Bronze Scales":28,"hubris:TenFootPole":29,"conspire:Flyswatter":4,"hubris:Reverence":7,"Regal Pillow":36,"Torii":23,"Mango":18,"Smiling Mask":14,"m_SlimeRing":0,"Mummified Hand":27,"aspiration:AnachronicSnailShell":33,"Tiny Chest":14,"Red Mask":40,"Chemical X":26,"Replay:Bottled Eggs":45,"Gremlin Food":24,"BargainBundle":45,"aspiration:FetidBarrel":33,"Guide Book":17,"hubris:MedicalManual":28,"PreservedInsect":39,"aspiration:HummingbirdHeart":5,"Ring of Greed":14,"hubris:Towel":38,"MawBank":14,"Medical Kit":28,"Calling Bell":18,"Ornamental Fan":34,"Runesmith:UraniumAnvil":44,"Ring of Fury":14,"hubris:BundleOfHerbs":36,"Bottled Lightning":42,"hubris:CrackedHourglass":10,"ReplayTheSpireMod:Lightbulb":14,"FossilizedHelix":11,"TungstenRod":28},{"Vajra":222,"Uniform":0,"Bottled Tornado":120,"conspire:DecoderRing":68,"MealTicket":107,"Replay:Wax Seal":72,"MerchantsRug":72,"Pear":79,"Happy Flower":79,"hubris:DuctTape":107,"aspiration:Nostalgia":0,"hubris:SphereOfDissonance":185,"Eternal Feather":154,"aspiration:TrustyKnives":72,"Replay:Ancient Bell":203,"War Paint":26,"Akabeko":20,"Bird Faced Urn":44,"Bronze Scales":154,"hubris:TenFootPole":158,"conspire:Flyswatter":14,"hubris:Reverence":26,"Regal Pillow":203,"Torii":107,"Mango":79,"Smiling Mask":59,"m_SlimeRing":0,"Mummified Hand":142,"aspiration:AnachronicSnailShell":182,"Tiny Chest":59,"Red Mask":227,"Chemical X":131,"Replay:Bottled Eggs":251,"Gremlin Food":110,"BargainBundle":251,"aspiration:FetidBarrel":182,"Guide Book":72,"hubris:MedicalManual":154,"PreservedInsect":222,"aspiration:HummingbirdHeart":20,"Ring of Greed":59,"hubris:Towel":215,"MawBank":59,"Medical Kit":154,"Calling Bell":79,"Ornamental Fan":185,"Runesmith:UraniumAnvil":249,"Ring of Fury":59,"hubris:BundleOfHerbs":203,"Bottled Lightning":237,"hubris:CrackedHourglass":41,"ReplayTheSpireMod:Lightbulb":59,"FossilizedHelix":44,"TungstenRod":154}],"TungstenRod":119},"card_choices":[{"not_picked":["Starlight","Advance"],"picked":"GearUp","floor":1},{"not_picked":["RealityMarble","SurpressingFire"],"picked":"Contraction","floor":3},{"not_picked":["Gouge","Rewind"],"picked":"BestPractice","floor":4},{"not_picked":["Spin","Gouge"],"picked":"Moondial","floor":5},{"not_picked":["DoubleEdge","Foresight"],"picked":"Alleviate","floor":6},{"not_picked":["ReturningBlade","Revamp"],"picked":"SilverBlades","floor":10},{"not_picked":["Revamp","Spin"],"picked":"Starlight","floor":13},{"not_picked":["Deny","FlawlessForm"],"picked":"MurderousAura","floor":16},{"not_picked":["ReplayTheSpireMod:Doomed","ReplayTheSpireMod:IOU"],"picked":"TheCursedMod:Dregs","floor":17},{"not_picked":["animator:Curse_Rozen","Sickly"],"picked":"Clumsy","floor":17},{"not_picked":["Spreading Infection","sneckomod:Bewildered"],"picked":"conspire:NecroticWound","floor":17},{"not_picked":["Gouge","ShatteredReality"],"picked":"Desolation","floor":18},{"not_picked":["Unruled","Read"],"picked":"Embodiment","floor":19},{"not_picked":["DoubleEdge+1","FastForward"],"picked":"FlawlessForm","floor":23},{"not_picked":["Rewind+1","Replace"],"picked":"ShatteredReality","floor":28},{"not_picked":["BestPractice","DoubleEdge"],"picked":"TimeWarp+1","floor":29},{"not_picked":["TrueSight","FlawlessForm"],"picked":"ReturningBlade","floor":30},{"not_picked":["Ricochet","BottledTime+1"],"picked":"ShatteredReality+1","floor":31},{"not_picked":["Deny","FloweringNight"],"picked":"SoulSculpture","floor":33},{"not_picked":["FastForward","Alleviate+1"],"picked":"Moonlight+1","floor":35},{"not_picked":["FastForward","ShatteredReality"],"picked":"Hightail+1","floor":38},{"not_picked":["TimeWarp","FlawlessForm"],"picked":"FastForward+1","floor":41},{"not_picked":["Moonlight","FastForward"],"picked":"Ricochet+1","floor":44},{"not_picked":["DualDimension","FastForward"],"picked":"Orbit+1","floor":45},{"not_picked":["Deadline","Rearm"],"picked":"ShatteredReality","floor":47}],"player_experience":651220,"relics_obtained":[{"floor":6,"key":"aspiration:AnachronicSnailShell"},{"floor":9,"key":"aspiration:FetidBarrel"},{"floor":11,"key":"Ornamental Fan"},{"floor":23,"key":"PreservedInsect"},{"floor":26,"key":"Vajra"},{"floor":28,"key":"Red Mask"},{"floor":30,"key":"Bottled Lightning"},{"floor":41,"key":"War Paint"}],"event_choices":[{"damage_healed":0,"gold_gain":0,"player_choice":"Gave Potion","damage_taken":0,"relics_obtained":["hubris:TenFootPole"],"max_hp_gain":0,"max_hp_loss":0,"event_name":"WeMeetAgain","floor":2,"gold_loss":0},{"damage_healed":0,"gold_gain":100,"player_choice":"Gold","damage_taken":0,"max_hp_gain":0,"max_hp_loss":0,"event_name":"Wheel of Change","floor":8,"gold_loss":0},{"damage_healed":21,"gold_gain":0,"player_choice":"Banana","damage_taken":0,"max_hp_gain":0,"max_hp_loss":0,"event_name":"Big Fish","floor":14,"gold_loss":0},{"damage_healed":0,"gold_gain":0,"player_choice":"Simplicity","damage_taken":0,"max_hp_gain":0,"max_hp_loss":8,"event_name":"betterThird:BetterWriting","floor":20,"gold_loss":0},{"damage_healed":0,"gold_gain":0,"player_choice":"Obtained Relic","damage_taken":0,"relics_obtained":["MawBank"],"max_hp_gain":0,"max_hp_loss":0,"event_name":"Addict","floor":25,"gold_loss":85},{"damage_healed":0,"gold_gain":0,"player_choice":"Fought Bandits","damage_taken":0,"max_hp_gain":0,"max_hp_loss":0,"event_name":"Masked Bandits","floor":28,"gold_loss":0},{"damage_healed":0,"gold_gain":0,"cards_transformed":["Starlight"],"player_choice":"Transformed","damage_taken":0,"max_hp_gain":0,"max_hp_loss":0,"event_name":"Transmorgrifier","floor":37,"gold_loss":0,"cards_obtained":["ShatteredReality"]},{"damage_healed":0,"gold_gain":222,"player_choice":"Wore Mask","damage_taken":0,"max_hp_gain":0,"max_hp_loss":0,"event_name":"Tomb of Lord Red Mask","floor":39,"gold_loss":0}],"is_beta":false,"boss_relics":[{"not_picked":["Coffee Dripper","hubris:ScarierMask"],"picked":"Replay:Ancient Bell"},{"not_picked":["hubris:ToyBattleship","Happy Flower"],"picked":"Regal Pillow"},{"not_picked":["Quantum Egg","conspire:DecoderRing"],"picked":"hubris:DuctTape"},{"not_picked":["Incense Burner","Dead Branch"],"picked":"hubris:BundleOfHerbs"},{"not_picked":["SacredBark","aspiration:RunicSpoon"],"picked":"Runesmith:UraniumAnvil"}],"items_purged_floors":[36],"is_endless":false,"potions_floor_spawned":[1,4,6,10,13,28,29,30,31,35,38],"killed_by":"conspire:OrnateMirror","ascension_level":2}}