{"host":"xcuflocadasoaqda","time":1608414411,"event":{"mods":["BaseMod","Bestiary","Filter the Spire","Minty Spire (QoL Compilation)","Relic Stats"],"gold_per_floor":[119,133,133,148,223,223,256,256,556,556,575,588,56,70,70,147,147,165,165,184,195,195,195,208,208,208,240,251,251,283,307,307,383,383,399,399,424,440,455,490,21,55,55,88,88,106,106,106,106,106,106,106,106,0,28,28],"floor_reached":57,"playtime":4584,"items_purged":["Bane"],"score":2935,"play_id":"b47ff370-b136-44f1-92a4-a284abe0ab20","local_time":"20201219154651","is_ascension_mode":true,"campfire_choices":[{"data":"Dagger Spray","floor":6.0,"key":"SMITH"},{"data":"Venomology","floor":10.0,"key":"SMITH"},{"data":"Tactician","floor":15.0,"key":"SMITH"},{"data":"Tools of the Trade","floor":23.0,"key":"SMITH"},{"data":"Noxious Fumes","floor":25.0,"key":"SMITH"},{"data":"Skewer","floor":29.0,"key":"SMITH"},{"data":"Dodge and Roll","floor":32.0,"key":"SMITH"},{"floor":45.0,"key":"RECALL"},{"data":"Footwork","floor":49.0,"key":"SMITH"},{"data":"Burst","floor":53.0,"key":"SMITH"}],"circlet_count":0,"master_deck":["AscendersBane","Survivor","Neutralize+1","Blur","PiercingWail","Tactician+1","Escape Plan","Dash","Burst+1","Slice","Cloak And Dagger+1","All Out Attack+1","Venomology+1","Dagger Spray+1","Flying Knee","Infinite Blades","Finisher","Flash of Steel","Tools of the Trade+1","Die Die Die","Deflect+1","Blur","Noxious Fumes+1","Skewer+1","Dodge and Roll+1","Adrenaline","Blade Dance","Backflip+1","PiercingWail","Footwork+1","Grand Finale"],"relics":["Pandora\u0027s Box","Ice Cream","Old Coin","Kunai","Runic Pyramid","Meat on the Bone","Bronze Scales","Centennial Puzzle","Pen Nib","HoveringKite","Lizard Tail","The Courier","Happy Flower","Bag of Preparation","OrangePellets","Whetstone","Tough Bandages","Regal Pillow","Lantern"],"acts_visited":["Exordium","TheCity","TheBeyond","TheEnding"],"potions_floor_usage":[56,56],"damage_taken":[{"damage":0.0,"enemies":"2 Louse","floor":1.0,"turns":3.0},{"damage":0.0,"enemies":"Jaw Worm","floor":2.0,"turns":5.0},{"damage":0.0,"enemies":"Cultist","floor":4.0,"turns":4.0},{"damage":14.0,"enemies":"Lagavulin","floor":7.0,"turns":8.0},{"damage":7.0,"enemies":"3 Louse","floor":11.0,"turns":2.0},{"damage":8.0,"enemies":"Exordium Thugs","floor":12.0,"turns":5.0},{"damage":0.0,"enemies":"Lots of Slimes","floor":14.0,"turns":1.0},{"damage":8.0,"enemies":"The Guardian","floor":16.0,"turns":10.0},{"damage":0.0,"enemies":"3 Byrds","floor":18.0,"turns":4.0},{"damage":10.0,"enemies":"Chosen","floor":20.0,"turns":5.0},{"damage":8.0,"enemies":"Snake Plant","floor":21.0,"turns":3.0},{"damage":0.0,"enemies":"Centurion and Healer","floor":24.0,"turns":7.0},{"damage":29.0,"enemies":"Slavers","floor":27.0,"turns":4.0},{"damage":1.0,"enemies":"Snecko","floor":28.0,"turns":4.0},{"damage":24.0,"enemies":"Book of Stabbing","floor":30.0,"turns":4.0},{"damage":5.0,"enemies":"Champ","floor":33.0,"turns":10.0},{"damage":46.0,"enemies":"3 Shapes","floor":35.0,"turns":6.0},{"damage":0.0,"enemies":"Mind Bloom Boss Battle","floor":37.0,"turns":3.0},{"damage":6.0,"enemies":"Orb Walker","floor":38.0,"turns":2.0},{"damage":15.0,"enemies":"Spire Growth","floor":39.0,"turns":4.0},{"damage":25.0,"enemies":"Nemesis","floor":40.0,"turns":5.0},{"damage":0.0,"enemies":"Giant Head","floor":42.0,"turns":7.0},{"damage":0.0,"enemies":"Nemesis","floor":44.0,"turns":5.0},{"damage":8.0,"enemies":"Sphere and 2 Shapes","floor":46.0,"turns":4.0},{"damage":0.0,"enemies":"Time Eater","floor":50.0,"turns":5.0},{"damage":10.0,"enemies":"Awakened One","floor":51.0,"turns":17.0},{"damage":10.0,"enemies":"Shield and Spear","floor":55.0,"turns":5.0},{"damage":73,"enemies":"The Heart","floor":56,"turns":11}],"seed_played":"4818753478158309423","potions_obtained":[{"floor":2.0,"key":"Weak Potion"},{"floor":14.0,"key":"EssenceOfSteel"},{"floor":21.0,"key":"GamblersBrew"},{"floor":24.0,"key":"BlessingOfTheForge"},{"floor":28.0,"key":"SmokeBomb"},{"floor":33.0,"key":"SneckoOil"},{"floor":37.0,"key":"CunningPotion"},{"floor":42.0,"key":"Block Potion"},{"floor":46.0,"key":"FearPotion"}],"is_trial":false,"path_per_floor":["M","M","?","M","?","R","E","?","T","R","M","M","$","M","R","B",null,"M","?","M","M","?","R","M","R","T","E","M","R","E","T","R","B",null,"M","?","?","M","M","E","$","E","T","E","R","M","?","T","R","B","B",null,"R","$","E","B",null],"character_chosen":"THE_SILENT","items_purchased":["Kunai","Infinite Blades","Finisher","Flash of Steel","Happy Flower","Bag of Preparation","OrangePellets","Footwork","Block Potion"],"campfire_rested":0,"item_purchase_floors":[13,13,13,13,41,41,41,41,54],"current_hp_per_floor":[59,59,59,59,48,48,34,34,34,34,27,19,19,19,19,11,52,52,52,56,48,66,66,66,66,66,37,36,36,24,24,24,31,57,23,23,35,41,38,25,25,37,37,37,37,41,41,41,41,41,43,58,58,58,48,43],"gold":28,"neow_bonus":"BOSS_RELIC","is_daily":false,"chose_seed":false,"campfire_upgraded":9,"win_rate":0.0,"timestamp":1608414411,"path_taken":["M","M","?","M","?","R","E","?","T","R","?","M","$","M","R","BOSS","M","?","?","M","?","R","?","R","T","E","M","R","E","?","R","BOSS","M","?","?","M","M","E","$","E","T","E","R","M","?","?","R","BOSS","BOSS","R","$","E","BOSS"],"items_purchased_type":["Relic","Card","Card","Card","Relic","Relic","Relic","Card","Potion"],"build_version":"2020-12-13","purchased_purges":1,"victory":true,"max_hp_per_floor":[66,66,66,66,66,66,66,66,66,66,66,66,66,66,66,66,66,66,66,66,66,66,66,66,66,66,66,66,66,66,66,66,66,66,66,66,66,66,66,66,66,66,66,66,66,66,63,63,63,63,63,63,63,63,63,63],"relic_stats":{"Regal Pillow":0,"Happy Flower":[18],"counters":[28,153],"HoveringKite":[55],"Pen Nib":[27],"Bag of Preparation":[14],"Whetstone":["All Out Attack","Neutralize"],"OrangePellets":[9],"Centennial Puzzle":[27],"Lizard Tail":31,"Tough Bandages":[144],"Bronze Scales":[376],"Pandora\u0027s Box":["Catalyst","Blur","PiercingWail","Tactician","Expertise","Escape Plan","Dash","Burst","Slice","Cloak And Dagger"],"Kunai":[107],"obtain_stats":[{"Ice Cream":7,"Regal Pillow":48,"Lantern":55,"Happy Flower":41,"HoveringKite":34,"Pen Nib":31,"The Courier":40,"Bag of Preparation":41,"Whetstone":42,"Old Coin":9,"OrangePellets":41,"Centennial Puzzle":30,"Lizard Tail":37,"Tough Bandages":44,"Bronze Scales":27,"Pandora\u0027s Box":0,"Kunai":13,"Ring of the Snake":0,"Runic Pyramid":17,"Meat on the Bone":26},{"Ice Cream":4,"Regal Pillow":24,"Lantern":27,"Happy Flower":21,"HoveringKite":16,"Pen Nib":15,"The Courier":21,"Bag of Preparation":21,"Whetstone":22,"Old Coin":4,"OrangePellets":21,"Centennial Puzzle":15,"Lizard Tail":18,"Tough Bandages":23,"Bronze Scales":13,"Pandora\u0027s Box":0,"Kunai":6,"Ring of the Snake":0,"Runic Pyramid":8,"Meat on the Bone":12},{"Ice Cream":20,"Regal Pillow":115,"Lantern":142,"Happy Flower":99,"HoveringKite":79,"Pen Nib":69,"The Courier":99,"Bag of Preparation":99,"Whetstone":106,"Old Coin":20,"OrangePellets":99,"Centennial Puzzle":69,"Lizard Tail":88,"Tough Bandages":111,"Bronze Scales":61,"Pandora\u0027s Box":0,"Kunai":27,"Ring of the Snake":0,"Runic Pyramid":38,"Meat on the Bone":57}],"Meat on the Bone":132},"card_choices":[{"not_picked":["Bane","Distraction","Acrobatics"],"picked":"SKIP","floor":1.0},{"not_picked":["Concentrate","Backflip"],"picked":"All Out Attack","floor":2.0},{"not_picked":["Dagger Throw","Deflect"],"picked":"Dagger Spray","floor":4.0},{"not_picked":["Cloak And Dagger","Riddle With Holes","Quick Slash"],"picked":"SKIP","floor":7.0},{"not_picked":["Tactician","Endless Agony"],"picked":"Bane","floor":11.0},{"not_picked":["Slice","Acrobatics"],"picked":"Flying Knee","floor":12.0},{"not_picked":["Sucker Punch","Deflect"],"picked":"Tools of the Trade","floor":14.0},{"not_picked":["After Image","Phantasmal Killer"],"picked":"Die Die Die","floor":16.0},{"not_picked":["Setup","Quick Slash","Flying Knee"],"picked":"SKIP","floor":18.0},{"not_picked":["Backflip","Dash"],"picked":"Deflect+1","floor":20.0},{"not_picked":["Calculated Gamble","Backstab"],"picked":"Blur","floor":21.0},{"not_picked":["All Out Attack","Catalyst"],"picked":"Noxious Fumes","floor":24.0},{"not_picked":["Riddle With Holes","Crippling Poison"],"picked":"Skewer","floor":27.0},{"not_picked":["Heel Hook","Sucker Punch","Slice"],"picked":"SKIP","floor":28.0},{"not_picked":["Poisoned Stab","Tools of the Trade"],"picked":"Dodge and Roll","floor":30.0},{"not_picked":["Glass Knife","Phantasmal Killer"],"picked":"Adrenaline","floor":33.0},{"not_picked":["Slice","Noxious Fumes+1"],"picked":"Blade Dance","floor":35.0},{"not_picked":["All Out Attack+1","Outmaneuver"],"picked":"Backflip+1","floor":37.0},{"not_picked":["Dagger Spray","Prepared"],"picked":"PiercingWail","floor":38.0},{"not_picked":["Bane","Predator","Riddle With Holes"],"picked":"SKIP","floor":39.0},{"not_picked":["Dagger Spray","Acrobatics","Bane+1"],"picked":"SKIP","floor":40.0},{"not_picked":["Sucker Punch+1","Backstab+1"],"picked":"Grand Finale","floor":42.0},{"not_picked":["Noxious Fumes","Quick Slash","Outmaneuver+1"],"picked":"SKIP","floor":44.0},{"not_picked":["Heel Hook","Dagger Spray","Eviscerate"],"picked":"SKIP","floor":46.0},{"not_picked":["Noxious Fumes","Riddle With Holes","Deflect"],"picked":"SKIP","floor":55.0}],"player_experience":1762112,"relics_obtained":[{"floor":7.0,"key":"Ice Cream"},{"floor":9.0,"key":"Old Coin"},{"floor":26.0,"key":"Meat on the Bone"},{"floor":27.0,"key":"Bronze Scales"},{"floor":30.0,"key":"Centennial Puzzle"},{"floor":31.0,"key":"Pen Nib"},{"floor":37.0,"key":"Lizard Tail"},{"floor":40.0,"key":"The Courier"},{"floor":42.0,"key":"Whetstone"},{"floor":44.0,"key":"Tough Bandages"},{"floor":48.0,"key":"Regal Pillow"},{"floor":55.0,"key":"Lantern"}],"event_choices":[{"damage_healed":0.0,"max_hp_gain":0.0,"max_hp_loss":0.0,"gold_gain":0.0,"cards_transformed":["Expertise"],"event_name":"Living Wall","player_choice":"Change","floor":3.0,"gold_loss":0.0,"damage_taken":0.0,"cards_obtained":["Venomology"]},{"damage_healed":0.0,"max_hp_gain":0.0,"max_hp_loss":0.0,"gold_gain":75.0,"event_name":"World of Goop","player_choice":"Gather Gold","floor":5.0,"gold_loss":0.0,"damage_taken":11.0},{"damage_healed":0.0,"max_hp_gain":0.0,"max_hp_loss":0.0,"gold_gain":0.0,"event_name":"Upgrade Shrine","player_choice":"Upgraded","floor":8.0,"gold_loss":0.0,"damage_taken":0.0,"cards_upgraded":["Cloak And Dagger"]},{"damage_healed":0.0,"max_hp_gain":0.0,"max_hp_loss":0.0,"gold_gain":0.0,"event_name":"Lab","player_choice":"Got Potions","floor":19.0,"gold_loss":0.0,"damage_taken":0.0},{"cards_removed":["Catalyst"],"damage_healed":18.0,"max_hp_gain":0.0,"max_hp_loss":0.0,"gold_gain":0.0,"event_name":"Bonfire Elementals","player_choice":"Offered Uncommon","floor":22.0,"gold_loss":0.0,"damage_taken":0.0},{"damage_healed":0.0,"max_hp_gain":0.0,"max_hp_loss":0.0,"gold_gain":0.0,"event_name":"Tomb of Lord Red Mask","player_choice":"Ignored","floor":36.0,"gold_loss":0.0,"damage_taken":0.0},{"damage_healed":0.0,"max_hp_gain":0.0,"max_hp_loss":0.0,"gold_gain":0.0,"event_name":"MindBloom","player_choice":"Fight","floor":37.0,"gold_loss":0.0,"damage_taken":0.0},{"damage_healed":0.0,"max_hp_gain":0.0,"max_hp_loss":3.0,"gold_gain":0.0,"event_name":"Winding Halls","player_choice":"Max HP","floor":47.0,"gold_loss":0.0,"damage_taken":0.0}],"is_beta":false,"boss_relics":[{"not_picked":["Velvet Choker","Tiny House"],"picked":"Runic Pyramid"},{"not_picked":["SlaversCollar","Cursed Key"],"picked":"HoveringKite"}],"items_purged_floors":[54],"is_endless":false,"potions_floor_spawned":[2,14,21,24,28,33,37,42,44,46],"ascension_level":20}}