{"host":"78zdngn0u28jm0pp","time":1608409926,"event":{"mods":["BaseMod","Jorbs\u0027s Wanderer Trilogy","Minty Spire (QoL Compilation)","Permanent Neow","Quick Restart","Relic Stats","StSLib","Unceasing Turn Reminder"],"gold_per_floor":[216,391,11,23,23,23,46,46,81,81,81,216,216,244,36,36,87,139,187,201,201,320,320,343,253,79,79,79,140,140,154,154,179,179,194,194],"floor_reached":73,"playtime":2188,"items_purged":["Doubt","stsjorbsmod:Strike_Cull"],"score":659,"play_id":"c1ea4a1e-5b0e-4a17-a317-19fa1585cca4","local_time":"20201219133206","is_ascension_mode":false,"campfire_choices":[{"data":"stsjorbsmod:CULLCard","floor":7,"key":"SMITH"},{"data":"stsjorbsmod:Apparition_Cull","floor":8,"key":"SMITH"},{"data":"stsjorbsmod:SpiritShield_Cull","floor":10,"key":"SMITH"},{"data":"stsjorbsmod:Paralysis","floor":15,"key":"SMITH"},{"data":"stsjorbsmod:Mirror","floor":55,"key":"SMITH"}],"circlet_count":0,"master_deck":["stsjorbsmod:CULLCard+1","stsjorbsmod:Apparition_Cull+1","stsjorbsmod:Strike_Cull","stsjorbsmod:Strike_Cull","stsjorbsmod:Paralysis+1","stsjorbsmod:SpiritShield_Cull+1","stsjorbsmod:Exhale","stsjorbsmod:Withering","stsjorbsmod:Blasphemer","stsjorbsmod:ProdigalMemory","stsjorbsmod:Ectoplasm_Cull","stsjorbsmod:Feint+1","stsjorbsmod:Melt+1","stsjorbsmod:SilverStrike+1","stsjorbsmod:Mirror+1","stsjorbsmod:MirroredTechnique+1","stsjorbsmod:DemonicCoup","stsjorbsmod:Abjure","stsjorbsmod:Cyclone+1","stsjorbsmod:Apparate+1","stsjorbsmod:Catharsis","stsjorbsmod:Summoning","stsjorbsmod:Assertion+1","stsjorbsmod:Possession","stsjorbsmod:Taunt","stsjorbsmod:Overkill","stsjorbsmod:GatheringEvil+1","Regret","stsjorbsmod:Trouble+1"],"relics":["stsjorbsmod:BookOfTrialsRelic","Bronze Scales","Molten Egg 2","Darkstone Periapt","Golden Idol","Velvet Choker","Orichalcum","Blue Candle","Bag of Marbles","Regal Pillow","Cursed Key","Sundial","Bottled Tornado"],"acts_visited":["Exordium","TheCity","TheBeyond"],"potions_floor_usage":[11,11,43,43,43,73],"damage_taken":[{"damage":0,"enemies":"2 Louse","floor":1,"turns":1},{"damage":2,"enemies":"Small Slimes","floor":5,"turns":2},{"damage":0,"enemies":"Gremlin Nob","floor":11,"turns":2},{"damage":39,"enemies":"Hexaghost","floor":16,"turns":8},{"damage":3,"enemies":"Shell Parasite","floor":25,"turns":3},{"damage":0,"enemies":"Gremlin Leader","floor":31,"turns":4},{"damage":6,"enemies":"Book of Stabbing","floor":36,"turns":4},{"damage":1,"enemies":"3 Byrds","floor":40,"turns":2},{"damage":7,"enemies":"Automaton","floor":43,"turns":5},{"damage":0,"enemies":"Orb Walker","floor":49,"turns":1},{"damage":8,"enemies":"Giant Head","floor":56,"turns":8},{"damage":0,"enemies":"3 Darklings","floor":65,"turns":2},{"damage":3,"enemies":"4 Shapes","floor":68,"turns":3},{"damage":5,"enemies":"Time Eater","floor":73,"turns":4}],"seed_played":"1541144378847962201","potions_obtained":[{"floor":1,"key":"GamblersBrew"},{"floor":5,"key":"FearPotion"},{"floor":31,"key":"SpeedPotion"},{"floor":36,"key":"SkillPotion"},{"floor":49,"key":"Regen Potion"},{"floor":68,"key":"Block Potion"}],"is_trial":false,"path_per_floor":["M","?","$","M","R","R","T","R","E","?","R","B",null,"M","$","?","E","T","E","M","R","B",null,"M","?","$","R","R","E","T","M","R","M","R","B"],"character_chosen":"CULL","items_purchased":["Molten Egg 2","stsjorbsmod:Feint+1","Orichalcum","Dexterity Potion","stsjorbsmod:Overkill"],"campfire_rested":0,"item_purchase_floors":[4,4,28,28,53],"current_hp_per_floor":[70,70,70,67,67,67,67,67,67,51,51,12,46,39,39,39,34,34,25,24,30,21,21,20,20,20,22,22,5,11,10,13,6,11,0,0],"gold":194,"neow_bonus":"RANDOM_COMMON_RELIC","is_daily":false,"chose_seed":false,"campfire_upgraded":5,"win_rate":0.0,"timestamp":1608409926,"path_taken":["M","?","$","M","R","R","T","R","E","?","R","BOSS","M","$","?","E","T","E","M","R","BOSS","M","?","$","R","R","E","T","M","R","?","R","BOSS"],"items_purchased_type":["Relic","Card","Relic","Potion","Card"],"build_version":"2020-12-13","purchased_purges":2,"victory":false,"max_hp_per_floor":[70,70,70,68,68,68,68,68,67,67,67,46,46,39,39,39,34,34,26,24,30,21,21,20,20,20,22,22,5,11,10,13,7,11,0,0],"relic_stats":{"Darkstone Periapt":6,"Regal Pillow":0,"counters":[14,49],"Golden Idol":93,"Sundial":[0],"Bronze Scales":[102],"Blue Candle":[6],"Orichalcum":[162],"Cursed Key":1,"obtain_stats":[{"Darkstone Periapt":11,"Regal Pillow":36,"Golden Idol":13,"Blue Candle":31,"Velvet Choker":24,"Orichalcum":28,"Bottled Tornado":64,"Cursed Key":48,"stsjorbsmod:BookOfTrialsRelic":0,"Sundial":56,"Bronze Scales":0,"Molten Egg 2":4,"Bag of Marbles":35},{"Darkstone Periapt":3,"Regal Pillow":7,"Golden Idol":3,"Blue Candle":6,"Velvet Choker":4,"Orichalcum":5,"Bottled Tornado":11,"Cursed Key":9,"stsjorbsmod:BookOfTrialsRelic":0,"Sundial":11,"Bronze Scales":0,"Molten Egg 2":1,"Bag of Marbles":6},{"Darkstone Periapt":5,"Regal Pillow":24,"Golden Idol":5,"Blue Candle":20,"Velvet Choker":13,"Orichalcum":16,"Bottled Tornado":40,"Cursed Key":31,"stsjorbsmod:BookOfTrialsRelic":0,"Sundial":40,"Bronze Scales":0,"Molten Egg 2":1,"Bag of Marbles":20}]},"card_choices":[{"not_picked":["stsjorbsmod:Rebuke","stsjorbsmod:Frustration"],"picked":"stsjorbsmod:Ectoplasm_Cull","floor":1},{"not_picked":["stsjorbsmod:PollutedStrike","stsjorbsmod:Cleanse"],"picked":"stsjorbsmod:Melt+1","floor":5},{"not_picked":["stsjorbsmod:Pathos","stsjorbsmod:Ritual"],"picked":"stsjorbsmod:SilverStrike+1","floor":11},{"not_picked":["stsjorbsmod:WastingForm","stsjorbsmod:DrainLife+1"],"picked":"stsjorbsmod:Mirror","floor":16},{"not_picked":["stsjorbsmod:Haunt+1","stsjorbsmod:Miracle_Cull"],"picked":"stsjorbsmod:Abjure","floor":25},{"not_picked":["stsjorbsmod:SilverStrike+1","stsjorbsmod:Concentrate+1"],"picked":"stsjorbsmod:Apparate+1","floor":31},{"not_picked":["stsjorbsmod:Ectoplasm_Cull+1","stsjorbsmod:Miracle_Cull+1","stsjorbsmod:Flame"],"picked":"SKIP","floor":36},{"not_picked":["stsjorbsmod:Frustration+1","stsjorbsmod:SilverStrike+1"],"picked":"stsjorbsmod:Catharsis","floor":40},{"not_picked":["stsjorbsmod:PartingBlow+1","stsjorbsmod:FalseBlessings"],"picked":"stsjorbsmod:Summoning","floor":43},{"not_picked":["stsjorbsmod:Accumulation+1","stsjorbsmod:Ectoplasm_Cull+1"],"picked":"stsjorbsmod:Taunt","floor":49},{"not_picked":["stsjorbsmod:Trouble+1","stsjorbsmod:Concentrate"],"picked":"stsjorbsmod:GatheringEvil+1","floor":56},{"not_picked":["stsjorbsmod:Double","stsjorbsmod:Cyclone+1"],"picked":"stsjorbsmod:Trouble+1","floor":65},{"not_picked":["stsjorbsmod:Expose+1","stsjorbsmod:Overkill+1","stsjorbsmod:Damnation"],"picked":"SKIP","floor":68}],"player_experience":657115,"relics_obtained":[{"floor":11,"key":"Darkstone Periapt"},{"floor":31,"key":"Blue Candle"},{"floor":35,"key":"Bag of Marbles"},{"floor":36,"key":"Regal Pillow"},{"floor":56,"key":"Sundial"},{"floor":64,"key":"Bottled Tornado"}],"event_choices":[{"damage_healed":0,"gold_gain":175,"player_choice":"AGREE","damage_taken":0,"max_hp_gain":0,"max_hp_loss":0,"event_name":"Liars Game","floor":2,"gold_loss":0,"cards_obtained":["Doubt"]},{"damage_healed":0,"gold_gain":0,"player_choice":"Take Damage","damage_taken":16,"relics_obtained":["Golden Idol"],"max_hp_gain":0,"max_hp_loss":0,"event_name":"Golden Idol","floor":13,"gold_loss":0},{"damage_healed":0,"gold_gain":0,"player_choice":"Read","damage_taken":0,"max_hp_gain":0,"max_hp_loss":0,"event_name":"The Library","floor":29,"gold_loss":0,"cards_obtained":["stsjorbsmod:Cyclone"]},{"cards_removed":["stsjorbsmod:Strike_Cull"],"damage_healed":0,"gold_gain":0,"player_choice":"Upgrade and Remove","damage_taken":0,"max_hp_gain":0,"max_hp_loss":0,"event_name":"Designer","floor":51,"gold_loss":90,"cards_upgraded":["stsjorbsmod:MirroredTechnique"]}],"is_beta":false,"boss_relics":[{"not_picked":["SacredBark","Snecko Eye"],"picked":"Velvet Choker"},{"not_picked":["Tiny House","Calling Bell"],"picked":"Cursed Key"}],"items_purged_floors":[4,53],"is_endless":false,"potions_floor_spawned":[1,5,31,36,40,49,68],"killed_by":"Time Eater","ascension_level":0}}