{"host":"wcdwdpnxbe04tinu","time":1608363329,"event":{"mods":["BaseMod","Downfall","Minty Spire (QoL Compilation)","Relic Sorter","StSLib"],"gold_per_floor":[99,99,126,226,257,269,269,288,213,246,308,320,340,351,365,467,467,467,467,467,479,497,497,570,589,589,619,630,644,308,308,318,414,414,339,356,386,311,324,354,354,354,374,403,420,439,452,452,465,465],"floor_reached":51,"playtime":3212,"items_purged":["champ:Execute"],"score":883,"play_id":"2c123351-2457-47a8-a87e-83815b233c4b","local_time":"20201219013529","is_ascension_mode":false,"campfire_choices":[{"data":"champ:Taunt","floor":1,"key":"SMITH"},{"data":"champ:Balance","floor":9,"key":"SMITH"},{"data":"champ:Riposte","floor":18,"key":"SMITH"},{"data":"champ:ShieldThrow","floor":23,"key":"SMITH"},{"data":"champ:ShieldThrow","floor":26,"key":"SMITH"},{"floor":35,"key":"RECALL"},{"data":"champ:TornadoPunch","floor":38,"key":"SMITH"}],"circlet_count":0,"master_deck":["champ:Strike","champ:Strike","champ:Strike","champ:Strike","champ:Defend","champ:Defend","champ:Defend","champ:Defend","champ:Taunt+1","champ:Riposte+1","champ:Balance+1","champ:ShieldSigil","champ:Circumvent+1","champ:TornadoPunch+1","champ:BringItOn","champ:ShieldThrow+1","champ:ShieldThrow+1","champ:DefensiveShout+1","champ:ShieldSigil","champ:Circumvent+1","champ:HoldFirm+1","champ:FalseCounter+1"],"relics":["champ:ChampionCrown","downfall:HeartsMalice","Shuriken","Peace Pipe","downfall:HeartBlessingBlue","Girya","Boot","SlaversCollar","champ:DefensiveTrainingManual","Darkstone Periapt","champ:FightingForDummies","Question Card","Toxic Egg 2","Empty Cage","downfall:HeartBlessingGreen","Blood Vial","downfall:HeartBlessingRed","Omamori","Bag of Marbles","Pocketwatch"],"acts_visited":["Exordium","TheCity","TheBeyond"],"potions_floor_usage":[15,16,16,25,27,33,33],"damage_taken":[{"damage":0,"enemies":"Small Slimes","floor":2,"turns":1},{"damage":0,"enemies":"Lagavulin","floor":3,"turns":1},{"damage":0,"enemies":"3 Sentries","floor":5,"turns":1},{"damage":1,"enemies":"Cultist","floor":6,"turns":4},{"damage":0,"enemies":"2 Louse","floor":8,"turns":4},{"damage":20,"enemies":"Lagavulin","floor":10,"turns":6},{"damage":27,"enemies":"3 Sentries","floor":11,"turns":11},{"damage":5,"enemies":"Blue Slaver","floor":12,"turns":3},{"damage":0,"enemies":"Lots of Slimes","floor":13,"turns":1},{"damage":3,"enemies":"Exordium Wildlife","floor":14,"turns":3},{"damage":3,"enemies":"Lots of Slimes","floor":15,"turns":2},{"damage":26,"enemies":"downfall:Watcher","floor":16,"turns":11},{"damage":0,"enemies":"Shell Parasite","floor":21,"turns":4},{"damage":8,"enemies":"Centurion and Healer","floor":22,"turns":6},{"damage":8,"enemies":"Chosen and Byrds","floor":25,"turns":5},{"damage":5,"enemies":"Gremlin Leader","floor":27,"turns":4},{"damage":10,"enemies":"3 Cultists","floor":28,"turns":4},{"damage":16,"enemies":"Sentry and Sphere","floor":29,"turns":4},{"damage":5,"enemies":"downfall:FleeingMerchant","floor":30,"turns":4},{"damage":5,"enemies":"Centurion and Healer","floor":32,"turns":8},{"damage":12,"enemies":"downfall:Silent","floor":33,"turns":9},{"damage":0,"enemies":"Orb Walker","floor":36,"turns":3},{"damage":29,"enemies":"Giant Head","floor":37,"turns":10},{"damage":0,"enemies":"3 Darklings","floor":39,"turns":8},{"damage":21,"enemies":"Reptomancer","floor":40,"turns":6},{"damage":0,"enemies":"Jaw Worm Horde","floor":43,"turns":3},{"damage":1,"enemies":"Giant Head","floor":44,"turns":7},{"damage":0,"enemies":"Writhing Mass","floor":45,"turns":5},{"damage":5,"enemies":"Sphere and 2 Shapes","floor":46,"turns":3},{"damage":1,"enemies":"Maw","floor":47,"turns":4},{"damage":0,"enemies":"3 Darklings","floor":49,"turns":2},{"damage":19,"enemies":"downfall:Ironclad","floor":50,"turns":10}],"seed_played":"7057703205196996234","potions_obtained":[{"floor":6,"key":"SkillPotion"},{"floor":10,"key":"Swift Potion"},{"floor":11,"key":"Regen Potion"},{"floor":16,"key":"FearPotion"},{"floor":21,"key":"Weak Potion"},{"floor":22,"key":"Block Potion"},{"floor":25,"key":"BlessingOfTheForge"},{"floor":33,"key":"SteroidPotion"},{"floor":37,"key":"DistilledChaos"},{"floor":43,"key":"Fire Potion"},{"floor":44,"key":"Fire Potion"}],"is_trial":false,"path_per_floor":["R","M","E","?","E","M","T","M","R","E","?","M","M","M","M","B",null,"R","?","?","M","M","R","T","M","R","E","M","M","$","?","M","B",null,"R","M","E","R","M","E","T","?","M","E","M","M","M","?","M","B",null],"character_chosen":"THE_CHAMP","items_purchased":["Question Card"],"campfire_rested":0,"item_purchase_floors":[30],"current_hp_per_floor":[90,90,90,90,90,89,89,89,99,79,55,50,50,47,44,43,100,100,100,100,100,92,92,92,97,97,97,92,81,81,87,82,70,106,106,106,77,77,79,60,60,60,62,63,65,62,63,63,65,48],"gold":465,"neow_bonus":"THREE_ENEMY_KILL","is_daily":false,"chose_seed":false,"campfire_upgraded":6,"win_rate":0.0,"timestamp":1608363329,"path_taken":["R","M","E","?","E","?","T","M","R","E","?","M","M","M","M","BOSS","R","?","?","M","M","R","T","?","R","E","M","M","$","?","M","BOSS","R","M","E","R","M","E","T","?","M","E","M","?","M","?","M","BOSS"],"items_purchased_type":["Relic"],"build_version":"2020-12-13","purchased_purges":1,"victory":true,"max_hp_per_floor":[90,90,90,90,90,90,90,90,100,100,100,100,100,100,100,100,100,100,100,100,100,100,100,100,100,100,100,100,100,100,106,106,106,106,106,106,106,106,106,106,106,106,106,106,106,106,106,106,106,106],"card_choices":[{"not_picked":["champ:BerserkersShout","champ:DefensiveShout"],"picked":"champ:FlashCut","floor":2},{"not_picked":["champ:PreciseThrust","champ:Haymaker"],"picked":"champ:Riposte","floor":3},{"not_picked":["champ:BerserkersShout","champ:GutPunch","champ:LastStand"],"picked":"SKIP","floor":5},{"not_picked":["champ:StanceDance","champ:RageSigil","champ:Haymaker"],"picked":"SKIP","floor":6},{"not_picked":["champ:BerserkersShout","champ:ShieldSigil"],"picked":"champ:Balance","floor":8},{"not_picked":["champ:StanceDance","champ:LastStand","champ:EndlessRage"],"picked":"SKIP","floor":10},{"not_picked":["champ:Encircle","champ:AdrenalArmor"],"picked":"champ:ShieldSigil","floor":11},{"not_picked":["champ:BladeFlurry","champ:BringItOn"],"picked":"champ:Circumvent","floor":12},{"not_picked":["champ:Control","champ:DefensiveStyle"],"picked":"champ:TornadoPunch","floor":13},{"not_picked":["champ:ShieldWall","champ:FlashCut"],"picked":"champ:BringItOn","floor":14},{"not_picked":["champ:TornadoPunch","champ:RageSigil","champ:BerserkersShout"],"picked":"SKIP","floor":15},{"not_picked":["champ:MurderStrike","champ:CrownThrow"],"picked":"champ:ShieldThrow","floor":16},{"not_picked":["champ:TornadoPunch","champ:SwordSigil"],"picked":"champ:DefensiveShout+1","floor":21},{"not_picked":["champ:TornadoPunch","champ:Haymaker","champ:FocusedGladiator"],"picked":"SKIP","floor":22},{"not_picked":["champ:PerfectedStrike","champ:BerserkersShout+1","champ:TornadoPunch"],"picked":"SKIP","floor":25},{"not_picked":["champ:PerfectedStrike","champ:BerserkersShout+1","champ:TornadoPunch"],"picked":"SKIP","floor":25},{"not_picked":["champ:CheapShot","champ:FlashCut","champ:DeathBlow+1"],"picked":"SKIP","floor":27},{"not_picked":["champ:Balance","champ:RapidStrikes+1"],"picked":"champ:ShieldSigil","floor":28},{"not_picked":["champ:BringItOn","champ:ShieldWall+1","champ:RageSigil"],"picked":"SKIP","floor":29},{"not_picked":["champ:GladiatorStyle","champ:RapidStrikes","champ:ViciousMockery+1"],"picked":"SKIP","floor":30},{"not_picked":["champ:Encircle","champ:Haymaker","champ:AdrenalArmor+1"],"picked":"champ:Circumvent+1","floor":32},{"not_picked":["champ:SwordThrow","champ:HeavySlash","champ:Devastate"],"picked":"champ:HoldFirm+1","floor":33},{"not_picked":["champ:PerfectedStrike","champ:BringItOn+1","champ:DefensiveShout+1","champ:TornadoPunch+1"],"picked":"SKIP","floor":36},{"not_picked":["champ:SwordSigil+1","champ:BerserkersShout+1","champ:BringItOn+1","champ:Control+1"],"picked":"SKIP","floor":37},{"not_picked":["champ:RageSigil+1","champ:Haymaker+1","champ:FocusedBerserking+1","champ:RecklessLeap+1"],"picked":"SKIP","floor":39},{"not_picked":["champ:Riposte+1","champ:EnragedBash+1","champ:IronFortress+1","champ:SwordSigil+1"],"picked":"SKIP","floor":40},{"not_picked":["champ:BladeFlurry","champ:BerserkersShout+1","champ:Haymaker+1","champ:Aggression+1"],"picked":"SKIP","floor":43},{"not_picked":["champ:FlashCut+1","champ:TornadoPunch","champ:Circumvent+1","champ:BladeFlurry+1"],"picked":"SKIP","floor":44},{"not_picked":["champ:PerfectedStrike","champ:TornadoPunch+1","champ:GutPunch"],"picked":"champ:FalseCounter+1","floor":45},{"not_picked":["champ:FlashCut","champ:FanOfKnives","champ:Encircle+1","champ:StanceDance+1"],"picked":"SKIP","floor":46},{"not_picked":["champ:BringItOn+1","champ:CrookedStrike","champ:SteelEdge","champ:FanOfKnives+1"],"picked":"SKIP","floor":47},{"not_picked":["champ:Circumvent+1","champ:PerfectedStrike+1","champ:RageSigil+1","champ:TornadoPunch"],"picked":"SKIP","floor":49}],"player_experience":515443,"relics_obtained":[{"floor":3,"key":"Shuriken"},{"floor":5,"key":"Peace Pipe"},{"floor":10,"key":"Girya"},{"floor":11,"key":"Boot"},{"floor":24,"key":"Darkstone Periapt"},{"floor":27,"key":"champ:FightingForDummies"},{"floor":37,"key":"Blood Vial"},{"floor":40,"key":"Omamori"},{"floor":41,"key":"Bag of Marbles"},{"floor":44,"key":"Pocketwatch"}],"event_choices":[{"damage_healed":0,"gold_gain":0,"player_choice":"Copied","damage_taken":0,"max_hp_gain":0,"max_hp_loss":0,"event_name":"Duplicator","floor":20,"gold_loss":0,"cards_obtained":["champ:ShieldThrow"]},{"damage_healed":0,"gold_gain":0,"player_choice":"Stole Relic","damage_taken":0,"relics_obtained":["Toxic Egg 2"],"max_hp_gain":0,"max_hp_loss":0,"event_name":"Addict","floor":31,"gold_loss":0,"cards_obtained":["Shame"]},{"damage_healed":0,"gold_gain":0,"player_choice":"Forge","damage_taken":0,"max_hp_gain":0,"max_hp_loss":0,"event_name":"Accursed Blacksmith","floor":42,"gold_loss":0,"cards_upgraded":["champ:Circumvent"]}],"is_beta":false,"boss_relics":[{"not_picked":["Velvet Choker","Ectoplasm"],"picked":"SlaversCollar"},{"not_picked":["Philosopher\u0027s Stone","Fusion Hammer"],"picked":"Empty Cage"}],"items_purged_floors":[30],"is_endless":false,"potions_floor_spawned":[6,10,11,16,21,22,25,33,37,43,44,46,47],"ascension_level":0}}