{"host":"61r95uy0hn86b9iu","time":1608356657,"event":{"mods":["AchievementEnabler","BaseMod","Better Vampires","BetterRewards","Colored Powertips","Hubris","Minty Spire (QoL Compilation)","Shop Mod","StSLib"],"gold_per_floor":[15,15,34,34,50,50,6,6,6,6,38,50,50,67,67,67,67],"floor_reached":16,"playtime":763,"items_purged":[],"score":190,"play_id":"9d8cf9f2-1092-48a8-934b-aff8780cdc9d","local_time":"20201218234417","is_ascension_mode":true,"campfire_choices":[{"floor":6.0,"key":"REST"},{"floor":10.0,"key":"REST"},{"floor":13,"key":"REST"},{"floor":15,"key":"REST"}],"circlet_count":0,"master_deck":["AscendersBane","Strike_G","Strike_G","Strike_G","Strike_G","Strike_G","Defend_G+1","Defend_G","Defend_G","Defend_G+1","Defend_G","Survivor","Neutralize","Mayhem","PiercingWail","Deadly Poison","Tactician","Dash","hubris:Counter"],"relics":["Ring of the Snake","Juzu Bracelet","hubris:Towel","Bottled Lightning","Snake Skull"],"acts_visited":["Exordium"],"potions_floor_usage":[11,11,16],"damage_taken":[{"damage":2.0,"enemies":"2 Louse","floor":1.0,"turns":4.0},{"damage":10.0,"enemies":"Small Slimes","floor":3.0,"turns":4.0},{"damage":8.0,"enemies":"Jaw Worm","floor":5.0,"turns":5.0},{"damage":20,"enemies":"Lagavulin","floor":11,"turns":9},{"damage":9,"enemies":"Large Slime","floor":12,"turns":7},{"damage":4,"enemies":"Looter","floor":14,"turns":4},{"damage":70,"enemies":"Slime Boss","floor":16,"turns":10}],"seed_played":"-3220513576913536874","potions_obtained":[{"floor":1.0,"key":"Explosive Potion"},{"floor":11,"key":"Fruit Juice"},{"floor":12,"key":"Dexterity Potion"}],"is_trial":false,"path_per_floor":["M","?","M","?","M","R","$","?","T","R","E","M","R","M","R","B"],"character_chosen":"THE_SILENT","items_purchased":["Tactician"],"campfire_rested":4,"item_purchase_floors":[7],"current_hp_per_floor":[57,52,42,42,34,53,53,33,33,52,37,28,49,45,66,0,0],"gold":67,"neow_bonus":"RANDOM_COLORLESS_2","is_daily":false,"chose_seed":false,"campfire_upgraded":0,"win_rate":0.0,"timestamp":1608356657,"path_taken":["M","?","M","?","M","R","$","?","T","R","E","M","R","M","R","BOSS"],"items_purchased_type":["Card"],"build_version":"2020-12-13","purchased_purges":0,"victory":false,"max_hp_per_floor":[66,66,66,66,66,66,66,66,66,66,71,71,71,71,71,71,71],"card_choices":[{"not_picked":["Panache","Master of Strategy"],"picked":"Mayhem","floor":0.0},{"not_picked":["Terror","hubris:SlightOfHand"],"picked":"PiercingWail","floor":1.0},{"not_picked":["Prepared","Expertise"],"picked":"Deadly Poison","floor":3.0},{"not_picked":["Unload","Flying Knee","Dagger Throw"],"picked":"SKIP","floor":5.0},{"not_picked":["hubris:SlightOfHand","Flying Knee","Blade Dance"],"picked":"SKIP","floor":11},{"not_picked":["Dodge and Roll","Slice"],"picked":"Dash","floor":12},{"not_picked":["Dagger Throw","Prepared"],"picked":"hubris:Counter","floor":14}],"player_experience":3169509,"relics_obtained":[{"floor":9.0,"key":"Bottled Lightning"},{"floor":11,"key":"Snake Skull"}],"event_choices":[{"damage_healed":0.0,"max_hp_gain":0.0,"max_hp_loss":0.0,"gold_gain":0.0,"event_name":"Scrap Ooze","player_choice":"Success","floor":2.0,"gold_loss":0.0,"damage_taken":5.0,"relics_obtained":["Juzu Bracelet"]},{"damage_healed":0.0,"max_hp_gain":0.0,"max_hp_loss":0.0,"gold_gain":0.0,"event_name":"Shining Light","player_choice":"Entered Light","floor":8.0,"gold_loss":0.0,"damage_taken":20.0,"cards_upgraded":["Defend_G","Defend_G"]}],"is_beta":false,"boss_relics":[],"items_purged_floors":[],"is_endless":false,"potions_floor_spawned":[1,11,12],"killed_by":"Slime Boss","ascension_level":18}}