{"host":"a5e2zwd8c2ad7the","time":1608384146,"event":{"mods":["Act Like it!","BaseMod","Colored Map","Hallownest","Minty Spire (QoL Compilation)","Quick Restart","Replay The Spire","StSLib","The Bug Knight","The Jungle"],"gold_per_floor":[116,130,130,149,149,149,169,201,228,228,246,246,278,296,296,398,398,413,413,427,443,443,443,454,488,515,526,526,526],"floor_reached":28,"playtime":1144,"items_purged":[],"score":252,"play_id":"d5906d3e-84a7-4152-bd2b-3b302a05132e","local_time":"20201219212226","is_ascension_mode":false,"campfire_choices":[{"data":"Eviscerate","floor":6,"key":"SMITH"},{"data":"ReplayTheSpireMod:Scrap Shanks","floor":10,"key":"SMITH"},{"data":"Calculated Gamble","floor":12,"key":"SMITH"},{"floor":15,"key":"REST"},{"floor":23,"key":"RECALL"}],"circlet_count":0,"master_deck":["Strike_G","Strike_G","Strike_G","Strike_G","Strike_G","Defend_G","Defend_G","Defend_G","Defend_G","Survivor","Neutralize","Eviscerate+1","Acrobatics","Dagger Throw","ReplayTheSpireMod:Scrap Shanks+1","Calculated Gamble+1","Prepared","ReplayTheSpireMod:The Works","Blade Dance","A Thousand Cuts","Footwork","Fluid Movement","Underhanded Strike+1","Pot Of Greed","Pot Of Greed","Replay:Bag of Tricks","Pot Of Greed"],"relics":["Ring of the Snake","NeowsBlessing","CultistMask","Dream Catcher","Bag of Marbles","ReplayFunnel","WristBlade","Grinning Jar","Replay:Mystery Machine"],"acts_visited":["Exordium","TheCity"],"potions_floor_usage":[8,8,16,27],"damage_taken":[{"damage":0,"enemies":"Small Slimes","floor":1,"turns":1},{"damage":0,"enemies":"2 Louse","floor":2,"turns":1},{"damage":0,"enemies":"Cultist","floor":4,"turns":1},{"damage":8,"enemies":"Large Slime","floor":7,"turns":4},{"damage":12,"enemies":"Gremlin Nob","floor":8,"turns":4},{"damage":2,"enemies":"Looter","floor":11,"turns":2},{"damage":18,"enemies":"Lagavulin","floor":13,"turns":4},{"damage":0,"enemies":"Red Slaver","floor":14,"turns":1},{"damage":36,"enemies":"The Guardian","floor":16,"turns":12},{"damage":24,"enemies":"2 Thieves","floor":18,"turns":3},{"damage":8,"enemies":"Chosen","floor":20,"turns":4},{"damage":1,"enemies":"Snecko","floor":21,"turns":3},{"damage":21,"enemies":"Snake Plant","floor":24,"turns":2},{"damage":1,"enemies":"Gremlin Leader","floor":25,"turns":5},{"damage":23,"enemies":"3 Cultists","floor":27,"turns":4},{"damage":28,"enemies":"Shelled Parasite and Fungi","floor":28,"turns":2}],"seed_played":"7681028553932614298","potions_obtained":[{"floor":1,"key":"Energy Potion"},{"floor":7,"key":"Swift Potion"},{"floor":8,"key":"Block Potion"},{"floor":13,"key":"GamblersBrew"},{"floor":18,"key":"Energy Potion"},{"floor":27,"key":"SpeedPotion"}],"is_trial":false,"path_per_floor":["M","M","?","M","?","R","M","E","T","R","M","R","E","M","R_BF","B",null,"M","?","M","M","?","R","M","E","T","M","M"],"character_chosen":"THE_SILENT","items_purchased":[],"campfire_rested":1,"item_purchase_floors":[],"current_hp_per_floor":[70,70,63,63,63,63,55,43,43,43,41,41,23,23,44,8,70,46,46,38,37,70,70,49,48,48,25,0,0],"gold":526,"neow_bonus":"THREE_ENEMY_KILL","is_daily":false,"chose_seed":false,"campfire_upgraded":3,"win_rate":0.0,"timestamp":1608384146,"path_taken":["M","M","?","M","?","R","M","E","T","R","?","R","E","M","R_BF","BOSS","M","?","M","M","?","R","M","E","T","M","M"],"items_purchased_type":[],"build_version":"2020-12-13","purchased_purges":0,"victory":false,"max_hp_per_floor":[70,70,70,70,70,70,70,70,70,70,70,70,70,70,70,70,70,70,70,70,70,70,70,70,70,70,70,70,70],"card_choices":[{"not_picked":["Endless Agony","PiercingWail"],"picked":"Eviscerate","floor":1},{"not_picked":["Infinite Blades","ReplayTheSpireMod:Speed Training"],"picked":"Acrobatics","floor":2},{"not_picked":["Hidden Blade","Sucker Punch"],"picked":"Dagger Throw","floor":4},{"not_picked":["Endless Agony","Acrobatics","Slice"],"picked":"SKIP","floor":7},{"not_picked":["Malaise","Skewer"],"picked":"ReplayTheSpireMod:Scrap Shanks","floor":8},{"not_picked":["Cloak And Dagger","Caltrops"],"picked":"Calculated Gamble","floor":11},{"not_picked":["Doppelganger","Acrobatics"],"picked":"Prepared","floor":13},{"not_picked":["Outmaneuver","Dagger Throw"],"picked":"ReplayTheSpireMod:The Works","floor":14},{"not_picked":["Well Laid Plans","Underhanded Strike"],"picked":"Blade Dance","floor":15},{"not_picked":["Bullet Time","ReplayTheSpireMod:Necrosis"],"picked":"A Thousand Cuts","floor":16},{"not_picked":["Sucker Punch+1","Deflect"],"picked":"Replay:Poison Smokescreen","floor":18},{"not_picked":["PiercingWail","Backflip"],"picked":"Footwork","floor":20},{"not_picked":["Toxin Wave","Backflip"],"picked":"Fluid Movement","floor":21},{"not_picked":["Deflect+1","Quick Slash"],"picked":"Underhanded Strike+1","floor":24},{"not_picked":["Dagger Spray","Blur"],"picked":"Replay:Bag of Tricks","floor":25},{"not_picked":["Eviscerate","Cloak And Dagger","Deflect"],"picked":"SKIP","floor":27}],"player_experience":21875,"relics_obtained":[{"floor":8,"key":"Dream Catcher"},{"floor":9,"key":"Bag of Marbles"},{"floor":13,"key":"ReplayFunnel"},{"floor":25,"key":"Grinning Jar"},{"floor":26,"key":"Replay:Mystery Machine"}],"event_choices":[{"cards_removed":["Defend_G"],"damage_healed":0,"gold_gain":0,"player_choice":"Card Removal","damage_taken":7,"max_hp_gain":0,"max_hp_loss":0,"event_name":"Golden Wing","floor":3,"gold_loss":0},{"damage_healed":0,"gold_gain":0,"player_choice":"Trade","damage_taken":0,"relics_obtained":["CultistMask"],"max_hp_gain":0,"max_hp_loss":0,"event_name":"FaceTrader","floor":5,"gold_loss":0},{"damage_healed":0,"gold_gain":0,"player_choice":"Ignored","damage_taken":0,"max_hp_gain":0,"max_hp_loss":0,"event_name":"Vampires","floor":19,"gold_loss":0},{"cards_removed":["Replay:Poison Smokescreen"],"damage_healed":33,"gold_gain":0,"player_choice":"Offered Uncommon","damage_taken":0,"max_hp_gain":0,"max_hp_loss":0,"event_name":"Bonfire Elementals","floor":22,"gold_loss":0}],"is_beta":false,"boss_relics":[{"not_picked":["Painkiller Herb","Astrolabe"],"picked":"WristBlade"}],"items_purged_floors":[],"is_endless":false,"potions_floor_spawned":[1,7,8,13,18,27],"killed_by":"Shelled Parasite and Fungi","ascension_level":0}}