{"host":"ocy7z4248lncoz2b","time":1608344038,"event":{"mods":["BaseMod","Beaked The Cultist","Bestiary","Better Match","Better Sensory Stone","Better Third Choice","BetterRewards","Clockwork Mod","Colored Map","Colored Powertips","Conspire","Curses Come First","Downfall","Friendly Minions","Gremlin Mod","Highlight Path","Hubris","Infinite Spire","Jorbs\u0027s Wanderer Trilogy","Marisa????????","Mimic Mod","Minty Spire (QoL Compilation)","READ ME - Guardian Mod","Rare Cards Sparkle","Replay The Spire","Shop Mod","Spicy Shops","Spikes Relics","StSLib","SuperFastMode","The Administrix","The Alterego","The Blue Laboratory","The Construct","The Jungle","The Servant 0.9.4","The Wild Card","WarShipGirlsR/????R mod"],"gold_per_floor":[0,0,0,0,11,27,27,66,66,100,100,119,53,71,87,185,185,110,59,69,84,84,84,114,114,114,145,164,174,174,191,202,300,300,300,412,412,430,430,430,430],"floor_reached":40,"playtime":2187,"items_purged":["Pain"],"score":454,"play_id":"56ed07df-6de3-4365-8673-1f8dd2562baa","local_time":"20201219111358","is_ascension_mode":false,"campfire_choices":[{"data":"rmod:basicallowance","floor":1,"key":"SMITH"},{"data":"rmod:maingunfire","floor":4,"key":"SMITH"},{"data":"rmod:ridicule","floor":18,"key":"SMITH"},{"floor":22,"key":"REST"},{"floor":25,"key":"REST"},{"data":"rmod:supriseattacks","floor":35,"key":"SMITH"},{"data":"Discovery","floor":37,"key":"SMITH"},{"data":"ReplayTheSpireMod:??????????????????????","floor":39,"key":"SMITH"}],"circlet_count":0,"master_deck":["rmod:strick","rmod:strick","rmod:defend","rmod:defend","rmod:defend","rmod:defend","rmod:basicallowance+1","rmod:maingunfire+1","Panache","rmod:unsinkable","rmod:launchingtorpedo","rmod:fletcherpendant","rmod:firesupport","rmod:goodsister","rmod:fuelsupply","rmod:mineteam","rmod:mineteam","rmod:supriseattacks+1","rmod:victimresponsibility","rmod:ridicule+1","rmod:ammunitionsupply","rmod:firesupport","rmod:supportescort+1","rmod:diamondstrike+1","ReplayTheSpireMod:??????????????????????+1","rmod:aggressivemary+1","rmod:aluminumsupply+1","rmod:expeditionaryescort","rmod:supportaircraftcarrier","rmod:expedition","rmod:wife","rmod:abidefaith","rmod:bulid+1","rmod:luckystar","hubris:EnhanceAbility","Bandage Up","Discovery+1","rmod:chargemoney+1"],"relics":["rmod:firstchargereward","ZombieTooth","Pen Nib","Dream Catcher","Philosopher\u0027s Stone","downfall:HeartBlessingGreen","hubris:64BitClover","Pantograph","WarpedTongs","hubris:SlimyHat","alterego_mod:FleetingLove","hubris:HollowSoul","ReplayTheSpireMod:ShopPack"],"acts_visited":["Exordium","TheCity","TheBeyond"],"potions_floor_usage":[19,19,27,33,33,36,40],"damage_taken":[{"damage":0,"enemies":"2 Louse","floor":5,"turns":3},{"damage":0,"enemies":"Small Slimes","floor":6,"turns":3},{"damage":2,"enemies":"Cultist","floor":8,"turns":9},{"damage":8,"enemies":"Replay:BlueRogue","floor":10,"turns":10},{"damage":0,"enemies":"Cultist","floor":12,"turns":2},{"damage":0,"enemies":"downfall:FleeingMerchant","floor":13,"turns":4},{"damage":4,"enemies":"Exordium Thugs","floor":14,"turns":3},{"damage":0,"enemies":"3 Louse","floor":15,"turns":4},{"damage":40,"enemies":"downfall:Watcher","floor":16,"turns":11},{"damage":18,"enemies":"downfall:FleeingMerchant","floor":19,"turns":4},{"damage":28,"enemies":"3 Byrds","floor":20,"turns":6},{"damage":12,"enemies":"Chosen","floor":21,"turns":4},{"damage":2,"enemies":"conspire:HollyBat","floor":24,"turns":4},{"damage":10,"enemies":"Replay:Snechameleon","floor":27,"turns":3},{"damage":19,"enemies":"conspire:HollyBat","floor":28,"turns":4},{"damage":9,"enemies":"Centurion and Healer","floor":29,"turns":5},{"damage":1,"enemies":"3 Cultists","floor":31,"turns":3},{"damage":1,"enemies":"Snake Plant","floor":32,"turns":2},{"damage":56,"enemies":"downfall:Silent","floor":33,"turns":7},{"damage":3,"enemies":"downfall:FleeingMerchant","floor":36,"turns":4},{"damage":24,"enemies":"3 Darklings","floor":38,"turns":5},{"damage":48,"enemies":"Nemesis","floor":40,"turns":2}],"seed_played":"4662051912522411441","potions_obtained":[{"floor":12,"key":"blueLaboratory:AbyssPotion"},{"floor":15,"key":"blueLaboratory:LouseDecoction"},{"floor":16,"key":"EssenceOfSteel"},{"floor":21,"key":"Explosive Potion"},{"floor":27,"key":"Dexterity Potion"},{"floor":31,"key":"blueLaboratory:HummingbirdPotion"},{"floor":33,"key":"blueLaboratory:CorrosionFlask"},{"floor":38,"key":"blueLaboratory:StoneskinPotion"}],"is_trial":false,"path_per_floor":["R","?","?","R","M","M","T","MIM","?","E","?","M","$","M","M","B",null,"R","$","M","M","R","AVR","MIM","R","?","E","M","M","?","M","M","B",null,"R","$","R","M","R","E"],"character_chosen":"PRAEFECT","items_purchased":["rmod:mineteam","rmod:firesupport","rmod:luckystar","ReplayTheSpireMod:ShopPack"],"campfire_rested":2,"item_purchase_floors":[13,19,36,36],"current_hp_per_floor":[75,75,75,75,75,75,75,73,73,65,65,65,65,61,61,21,75,75,57,29,17,39,39,40,62,62,52,38,34,34,33,32,1,75,75,72,72,52,52,0,0],"gold":430,"neow_bonus":"RANDOM_COLORLESS_2","is_daily":false,"chose_seed":false,"campfire_upgraded":6,"win_rate":0.0,"timestamp":1608344038,"path_taken":["R","?","?","R","M","?","T","?","?","E","?","?","$","M","M","BOSS","R","$","M","M","R","AVR","MIM","R","?","E","?","?","?","M","M","BOSS","R","$","R","M","R","E"],"items_purchased_type":["Card","Card","Card","Relic"],"build_version":"2020-12-13","purchased_purges":1,"victory":false,"max_hp_per_floor":[75,75,75,75,75,75,75,75,75,75,75,75,75,75,75,75,75,75,75,75,75,75,75,75,75,75,75,75,75,75,75,75,75,75,75,75,75,75,75,75,75],"card_choices":[{"not_picked":["ReplayTheSpireMod:Brewmster","expansioncontent:QuickStudy"],"picked":"Panache","floor":0},{"not_picked":["rmod:victimresponsibility","rmod:diamondstrike"],"picked":"rmod:unsinkable","floor":5},{"not_picked":["rmod:slowdown","rmod:luckystar"],"picked":"rmod:launchingtorpedo","floor":6},{"not_picked":["rmod:aluminumsupply","rmod:circuitoustactics"],"picked":"rmod:fletcherpendant","floor":8},{"not_picked":["rmod:capitalist","rmod:circuitoustactics"],"picked":"rmod:firesupport","floor":10},{"not_picked":["rmod:garrisonisland","rmod:supportescort"],"picked":"rmod:goodsister","floor":12},{"not_picked":["rmod:spoils","rmod:rockthrower"],"picked":"rmod:fuelsupply","floor":13},{"not_picked":["rmod:garrisonisland","rmod:steelsupply"],"picked":"rmod:supriseattacks","floor":14},{"not_picked":["rmod:supportescort","rmod:ammunitionsupply"],"picked":"rmod:victimresponsibility","floor":15},{"not_picked":["rmod:timeschanged","rmod:secretscript"],"picked":"rmod:ridicule","floor":16},{"not_picked":["rmod:firesupport","rmod:unsinkable+1"],"picked":"rmod:ammunitionsupply","floor":19},{"not_picked":["rmod:capitalist","rmod:fuelsupply"],"picked":"rmod:supportescort+1","floor":20},{"not_picked":["rmod:firesupport+1","rmod:circuitoustactics"],"picked":"rmod:diamondstrike+1","floor":21},{"not_picked":["rmod:circuitoustactics","rmod:victimresponsibility+1"],"picked":"rmod:aggressivemary+1","floor":24},{"not_picked":["rmod:firesupport","rmod:luckystar"],"picked":"rmod:aluminumsupply+1","floor":25},{"not_picked":["rmod:victimresponsibility+1","rmod:slowdown+1"],"picked":"rmod:expeditionaryescort","floor":27},{"not_picked":["rmod:steelsupply","rmod:aviationdawn"],"picked":"rmod:supportaircraftcarrier","floor":28},{"not_picked":["rmod:diamondstrike","rmod:aluminumsupply+1"],"picked":"rmod:expedition","floor":29},{"not_picked":["rmod:aggressivemary+1","rmod:ammunitionsupply","rmod:fuelsupply"],"picked":"SKIP","floor":31},{"not_picked":["rmod:supportescort+1","rmod:fuelsupply+1"],"picked":"rmod:wife","floor":32},{"not_picked":["rmod:stealaluminum","rmod:timeschanged"],"picked":"rmod:abidefaith","floor":33},{"not_picked":["rmod:tearstotiara","rmod:robin+1"],"picked":"rmod:bulid+1","floor":36},{"not_picked":["Mayhem","Transmutation"],"picked":"hubris:EnhanceAbility","floor":36},{"not_picked":["expansioncontent:ManipulateTime","expansioncontent:DonusPower"],"picked":"Bandage Up","floor":36},{"not_picked":["ReplayTheSpireMod:Private Reserves","expansioncontent:DecasProtection"],"picked":"Discovery","floor":36},{"not_picked":["rmod:diamondstrike","rmod:aluminumsupply+1"],"picked":"rmod:chargemoney+1","floor":38}],"player_experience":265899,"relics_obtained":[{"floor":7,"key":"ZombieTooth"},{"floor":8,"key":"Pen Nib"},{"floor":10,"key":"Dream Catcher"},{"floor":24,"key":"Pantograph"},{"floor":27,"key":"hubris:SlimyHat"}],"event_choices":[{"damage_healed":0,"gold_gain":0,"player_choice":"Disagree","damage_taken":0,"max_hp_gain":0,"max_hp_loss":0,"event_name":"conspire:LoneGhost","floor":2,"gold_loss":0},{"cards_removed":["rmod:strick"],"damage_healed":0,"gold_gain":0,"player_choice":"Purged","damage_taken":0,"max_hp_gain":0,"max_hp_loss":0,"event_name":"Purifier","floor":3,"gold_loss":0},{"cards_removed":["rmod:strick"],"damage_healed":0,"gold_gain":0,"player_choice":"Offered Basic","damage_taken":0,"max_hp_gain":0,"max_hp_loss":0,"event_name":"Bonfire Elementals","floor":11,"gold_loss":0},{"damage_healed":0,"gold_gain":0,"player_choice":"Rummage","damage_taken":0,"relics_obtained":["WarpedTongs"],"max_hp_gain":0,"max_hp_loss":0,"event_name":"Accursed Blacksmith","floor":26,"gold_loss":0,"cards_obtained":["Pain"]},{"damage_healed":0,"gold_gain":0,"player_choice":"Choice 1","damage_taken":0,"relics_obtained":["alterego_mod:FleetingLove"],"max_hp_gain":0,"max_hp_loss":0,"event_name":"Secret Garden","floor":30,"gold_loss":0}],"is_beta":false,"boss_relics":[{"not_picked":["Snecko Eye","hubris:TerracottaHorce"],"picked":"Philosopher\u0027s Stone"},{"not_picked":["hubris:VirtuousBlindfold","Replay:Wanted Poster"],"picked":"hubris:HollowSoul"}],"items_purged_floors":[36],"is_endless":false,"potions_floor_spawned":[12,15,16,21,27,31,33,38],"killed_by":"Nemesis","ascension_level":0}}