{"host":"kncugt8qnf1emsb0","time":1608386645,"event":{"mods":["AchievementEnabler","Act Like it!","BaseMod","Dota2Spire","Friendly Minions","KomeijiMod","Minty Spire (QoL Compilation)","MostiFishMod","Quick Restart","RumiaBox-露米娅的神秘盒子","Shop Mod","Spicy Shops","StSLib","TestMod","【遗物卡牌】REMEMod"],"gold_per_floor":[119,132,307,325,325,325,351,259,259,259,288,306,306,67,67,163,163,181,19,19,38,38,67,67,87,87,121,121,139,12,25,25,129,129,140,154,166,53,70,96,96,110,110,138,150,150,160,171,171,171],"floor_reached":51,"playtime":2196,"items_purged":["Defend_B"],"score":1209,"play_id":"813e0f24-bdcf-4e18-89d4-9777fe90c717","local_time":"20201219220405","is_ascension_mode":false,"campfire_choices":[{"data":"MostiFishMod:NightSea","floor":6.0,"key":"SMITH"},{"data":"testmod-Automaton","floor":10.0,"key":"SMITH"},{"data":"MostiFishMod:SparklingWater","floor":13.0,"key":"SMITH"},{"data":"Static Discharge","floor":15,"key":"SMITH"},{"data":"FateMeister","floor":24,"key":"SMITH"},{"data":"HeartBreak_Remiria","floor":32,"key":"SMITH"},{"data":"RitualDagger","floor":41,"key":"SMITH"},{"data":"MostiFishMod:GoodWordForIt","floor":46,"key":"SMITH"},{"data":"Violence","floor":49,"key":"SMITH"}],"circlet_count":0,"master_deck":["Strike_B","Strike_B","Strike_B","Strike_B","Defend_B","Defend_B","Defend_B","Zap","Dualcast","Defragment","MostiFishMod:Neptune","MostiFishMod:TheEndOfMoonlight","MostiFishMod:SparklingWater+1","MostiFishMod:FantasySummer","MostiFishMod:NightSea+1","Defragment","ServantFlier","Doubt","Static Discharge+1","testmod-Automaton+1","MostiFishMod:CullingBlade+1","MostiFishMod:FrostNova","MostiFishMod:WinterMarkForm","MostiFishMod:ButterFly+1","RitualDagger+1","FateMeister+1","Expertise","Impregnable+1","FateMeister+1","REME_MusicOfDeath","HeartBreak_Remiria+1","Darkness","Violence+1","Feed","MostiFishMod:GoodWordForIt+1","Double Energy+1","KoKei+1"],"relics":["Cracked Core","DaveBox","testmod-TestBox","REME_ComplimentaryCards","NeowsBlessing","testmod-PortableAltar","MoonlightInvasionPlan","Question Card","PrismaticShard","testmod-HeartOfStrike","REME_IWantAll","Lizard Tail","Dota2Spire:Dagon","ImportantClient","FrostBlade","Membership Card","PreservedInsect","testmod-ArcanaOfDestiny","Bag of Preparation","MerchantsRug","SoulBox","Gremlin Horn","DianPoetry","Dota2Spire:ArcaneBoots","MagicDraw1","Dota2Spire:Butterfly"],"acts_visited":["Exordium","TheCity","TheBeyond"],"potions_floor_usage":[25,30,30,42],"damage_taken":[{"damage":1.0,"enemies":"Jaw Worm","floor":1.0,"turns":1.0},{"damage":1.0,"enemies":"Cultist","floor":2.0,"turns":1.0},{"damage":1.0,"enemies":"Small Slimes","floor":4.0,"turns":1.0},{"damage":1.0,"enemies":"Gremlin Nob","floor":7.0,"turns":2.0},{"damage":0.0,"enemies":"Lagavulin","floor":11.0,"turns":2.0},{"damage":5.0,"enemies":"Red Slaver","floor":12.0,"turns":3.0},{"damage":0,"enemies":"Slime Boss","floor":16,"turns":3},{"damage":0,"enemies":"2 Thieves","floor":18,"turns":2},{"damage":0,"enemies":"Chosen","floor":21,"turns":1},{"damage":0,"enemies":"Book of Stabbing","floor":23,"turns":2},{"damage":6,"enemies":"Centurion and Healer","floor":25,"turns":3},{"damage":5,"enemies":"Slavers","floor":27,"turns":2},{"damage":0,"enemies":"Snecko","floor":29,"turns":1},{"damage":0,"enemies":"Chosen and Byrds","floor":31,"turns":1},{"damage":0,"enemies":"Collector","floor":33,"turns":2},{"damage":5,"enemies":"3 Shapes","floor":35,"turns":3},{"damage":0,"enemies":"3 Darklings","floor":36,"turns":2},{"damage":0,"enemies":"Transient","floor":37,"turns":4},{"damage":5,"enemies":"Sphere and 2 Shapes","floor":39,"turns":2},{"damage":0,"enemies":"Nemesis","floor":40,"turns":1},{"damage":1,"enemies":"3 Darklings","floor":42,"turns":2},{"damage":0,"enemies":"Giant Head","floor":44,"turns":2},{"damage":0,"enemies":"Transient","floor":45,"turns":4},{"damage":0,"enemies":"Maw","floor":47,"turns":1},{"damage":0,"enemies":"4 Shapes","floor":48,"turns":1},{"damage":0,"enemies":"Time Eater","floor":50,"turns":1}],"seed_played":"-6656122123581130029","potions_obtained":[{"floor":2.0,"key":"EssenceOfSteel"},{"floor":16,"key":"EntropicBrew"},{"floor":21,"key":"testmod-TestPotion"},{"floor":29,"key":"Explosive Potion"},{"floor":35,"key":"BlessingOfTheForge"},{"floor":40,"key":"PotionOfCapacity"},{"floor":45,"key":"FocusPotion"},{"floor":48,"key":"Dota2Spire:Clarity"}],"is_trial":false,"path_per_floor":["M","M","?","M","?","R","E","$","T","R","E","M","R","$","R","B",null,"M","$","?","M","?","E","R","M","T","E","?","M","$","M","R","B",null,"M","M","M","$","M","E","R","M","T","E","M","R","M","M","R","B",null],"character_chosen":"DEFECT","items_purchased":["testmod-Automaton","Dota2Spire:Dagon","Membership Card","Bag of Preparation","MerchantsRug","Violence","Gremlin Horn","DianPoetry"],"campfire_rested":0,"item_purchase_floors":[8,14,19,30,30,30,38,38],"current_hp_per_floor":[73,72,72,70,70,69,67,67,66,65,64,58,58,58,58,58,58,57,56,55,54,47,52,51,52,52,51,51,50,49,48,47,46,45,42,46,45,44,45,45,44,42,42,41,40,39,38,37,36,35],"gold":171,"neow_bonus":"THREE_ENEMY_KILL","is_daily":false,"chose_seed":false,"campfire_upgraded":9,"win_rate":0.0,"timestamp":1608386645,"path_taken":["M","M","?","M","?","R","E","$","T","R","E","?","R","$","R","BOSS","M","$","?","?","?","E","R","M","T","E","?","?","$","M","R","BOSS","M","M","M","$","M","E","R","M","T","E","M","R","M","?","R","BOSS"],"items_purchased_type":["Card","Relic","Relic","Relic","Relic","Card","Relic","Relic"],"build_version":"2020-12-13","purchased_purges":1,"victory":true,"max_hp_per_floor":[74,73,72,71,70,69,68,67,66,65,64,63,62,61,60,59,58,57,56,55,54,53,52,51,54,53,52,51,50,49,48,47,46,45,47,46,45,44,46,45,44,43,42,41,40,39,38,37,36,35],"card_choices":[{"not_picked":["Cold Snap","Compile Driver"],"picked":"Defragment","floor":1.0},{"not_picked":["Sucker Punch","BloodyMagicSquare","HagoromoKu"],"picked":"ServantFlier","floor":2.0},{"not_picked":["TalkToTheHand","Mishyaguji+1","Evaluate"],"picked":"Static Discharge","floor":4.0},{"not_picked":["Gash","Noxious Fumes","VampireKiss","Dagger Spray"],"picked":"SKIP","floor":7.0},{"not_picked":["Ragnarok","BathedInBlood","Body Slam","Streamline"],"picked":"SKIP","floor":11.0},{"not_picked":["Blind","BodyStrengthen","SashWhip","Heatsinks"],"picked":"SKIP","floor":12.0},{"not_picked":["MostiFishMod:IceShield","MostiFishMod:FantasySummer","Metamorphosis"],"picked":"MostiFishMod:CullingBlade","floor":16},{"not_picked":["CrushJoints","BloodCollect","Anger"],"picked":"MostiFishMod:ButterFly+1","floor":18},{"not_picked":["BloodSurge+1","Warpath","ThirdEye+1","FlyingSleeves"],"picked":"SKIP","floor":21},{"not_picked":["Expertise","Impregnable+1","REME_MusicOfDeath"],"picked":"FateMeister","floor":23},{"not_picked":["testmod-Mystery","testmod-DeathImprint","testmod-HeadAttack"],"picked":"Singing Bowl","floor":25},{"not_picked":["RikonNoKama+1","AutumnBlades+","Sweeping Beam","BowlingBash"],"picked":"SKIP","floor":25},{"not_picked":["SenseofElegance","Backflip","Go for the Eyes"],"picked":"HeartBreak_Remiria","floor":27},{"not_picked":["ClearTheMind+1","Backflip","FastHealing","Streamline"],"picked":"SKIP","floor":29},{"not_picked":["Deadly Poison","Compile Driver","Twin Strike","BloodSurge"],"picked":"SKIP","floor":31},{"not_picked":["MostiFishMod:LethalBlade","Burst","HeartBreak_Remiria"],"picked":"Feed","floor":33},{"not_picked":["Headbutt","Feint","TalkToTheHand+1","Flechettes"],"picked":"SKIP","floor":35},{"not_picked":["BloodCleaner+1","MostiFishMod:PerfectParry","FlyingSleeves+1","WinterElement+"],"picked":"SKIP","floor":36},{"not_picked":["CutThroughFate","MakuraSeki+1","CondensedBubble+","Armaments+1"],"picked":"SKIP","floor":37},{"not_picked":["HagoromoMizu+1","Melter","Feint","MostiFishMod:Speedup"],"picked":"SKIP","floor":39},{"not_picked":["MiserableFate_Remiria","BloodCleaner","JyouchiJin+1","Coolheaded"],"picked":"SKIP","floor":40},{"not_picked":["CondensedBubble+","MostiFishMod:FireWorks","KinbakuJin+1","BodyStrengthen"],"picked":"SKIP","floor":42},{"not_picked":["Self Repair","Compile Driver","LunaDial"],"picked":"MostiFishMod:GoodWordForIt","floor":44},{"not_picked":["JyouchiJin+1","CrushJoints","CutThroughFate+1","RocketKickup"],"picked":"SKIP","floor":45},{"not_picked":["Enlightenment","Dropkick","RikonNoKama+1"],"picked":"Double Energy+1","floor":47},{"not_picked":["Cripple","Mishyaguji+1","DoubleEdge"],"picked":"KoKei+1","floor":48}],"player_experience":4900,"relics_obtained":[{"floor":1.0,"key":"Question Card"},{"floor":1.0,"key":"PrismaticShard"},{"floor":7.0,"key":"testmod-HeartOfStrike"},{"floor":9.0,"key":"REME_IWantAll"},{"floor":11.0,"key":"Lizard Tail"},{"floor":16,"key":"ImportantClient"},{"floor":23,"key":"PreservedInsect"},{"floor":26,"key":"testmod-ArcanaOfDestiny"},{"floor":27,"key":"testmod-OneHitWonder"},{"floor":40,"key":"Dota2Spire:ArcaneBoots"},{"floor":43,"key":"MagicDraw1"},{"floor":44,"key":"Dota2Spire:Butterfly"}],"event_choices":[{"damage_healed":0.0,"max_hp_gain":0.0,"max_hp_loss":0.0,"gold_gain":175.0,"event_name":"Liars Game","player_choice":"AGREE","floor":3.0,"gold_loss":0.0,"damage_taken":0.0,"cards_obtained":["Doubt"]},{"damage_healed":0.0,"max_hp_gain":0.0,"max_hp_loss":0.0,"gold_gain":0.0,"event_name":"The Woman in Blue","player_choice":"Bought 0 Potions","floor":5.0,"gold_loss":0.0,"damage_taken":0.0},{"damage_healed":0,"gold_gain":0,"player_choice":"Upgraded","damage_taken":0,"max_hp_gain":0,"max_hp_loss":0,"event_name":"Upgrade Shrine","floor":20,"gold_loss":0,"cards_upgraded":["MostiFishMod:CullingBlade"]},{"damage_healed":0,"gold_gain":0,"player_choice":"Joined the Cult","damage_taken":6,"max_hp_gain":0,"max_hp_loss":0,"event_name":"Nest","floor":22,"gold_loss":0,"cards_obtained":["RitualDagger"]},{"damage_healed":0,"gold_gain":0,"player_choice":"Read","damage_taken":0,"max_hp_gain":0,"max_hp_loss":0,"event_name":"The Library","floor":28,"gold_loss":0,"cards_obtained":["Darkness"]}],"is_beta":false,"boss_relics":[{"not_picked":["testmod-SaigiyounoYou","RhineFirstAidKit"],"picked":"FrostBlade"},{"not_picked":["BloodWine","AddBug"],"picked":"SoulBox"}],"items_purged_floors":[19],"is_endless":false,"potions_floor_spawned":[2,16,21,23,29,35,40,45,48],"ascension_level":0}}