{"host":"hfxp6ue4pvwo3fit","time":1608362130,"event":{"mods":["AchievementEnabler","BaseMod","Colored Map","Colored Powertips","Highlight Path","Minty Spire (QoL Compilation)","StSLib","SuperFastMode"],"gold_per_floor":[112,112,129,144,69,69,98,98,170,197,197,210,240,240,240,314,314,331,13,30,47,61,94,94,120,120,136,136,136],"floor_reached":28,"playtime":1121,"items_purged":["Shame"],"score":500,"play_id":"67da367f-0624-46c5-ab50-c33398e49c00","local_time":"20201219011530","is_ascension_mode":true,"campfire_choices":[{"data":"1","floor":6,"key":"LIFT"},{"data":"2","floor":8,"key":"LIFT"},{"data":"Creative AI","floor":15,"key":"SMITH"},{"floor":24,"key":"REST"}],"circlet_count":0,"master_deck":["AscendersBane","Strike_B","Strike_B","Strike_B","Defend_B","Defend_B","Defend_B","Defend_B","Zap","Dualcast","Go for the Eyes","Leap","Gash","FTL","Creative AI+1","FTL","Leap","Rainbow","Flash of Steel","Gash","Ball Lightning","Chill"],"relics":["Cracked Core","Girya","Omamori","Ornamental Fan","Gambling Chip","Bag of Preparation","Singing Bowl","Busted Crown","Medical Kit","HornCleat","White Beast Statue","Matryoshka"],"acts_visited":["Exordium","TheCity"],"potions_floor_usage":[10,10,16,25,28],"damage_taken":[{"damage":0,"enemies":"2 Louse","floor":1,"turns":4},{"damage":4,"enemies":"Cultist","floor":3,"turns":3},{"damage":0,"enemies":"Small Slimes","floor":4,"turns":3},{"damage":21,"enemies":"Lagavulin","floor":7,"turns":6},{"damage":17,"enemies":"Gremlin Nob","floor":10,"turns":4},{"damage":0,"enemies":"Gremlin Gang","floor":12,"turns":4},{"damage":5,"enemies":"3 Sentries","floor":13,"turns":6},{"damage":12,"enemies":"Hexaghost","floor":16,"turns":8},{"damage":10,"enemies":"3 Byrds","floor":18,"turns":5},{"damage":7,"enemies":"Shell Parasite","floor":20,"turns":5},{"damage":9,"enemies":"Snake Plant","floor":21,"turns":5},{"damage":1,"enemies":"Chosen and Byrds","floor":22,"turns":6},{"damage":23,"enemies":"Book of Stabbing","floor":23,"turns":4},{"damage":25,"enemies":"Slavers","floor":25,"turns":5},{"damage":6,"enemies":"Shelled Parasite and Fungi","floor":27,"turns":6},{"damage":9,"enemies":"Book of Stabbing","floor":28,"turns":3}],"seed_played":"8306641677540915339","potions_obtained":[{"floor":4,"key":"SteroidPotion"},{"floor":7,"key":"Weak Potion"},{"floor":13,"key":"DistilledChaos"},{"floor":16,"key":"Explosive Potion"},{"floor":22,"key":"PotionOfCapacity"},{"floor":27,"key":"Ancient Potion"}],"is_trial":false,"path_per_floor":["M","?","M","M","$","R","E","R","T","E","?","M","E","?","R","B",null,"M","$","M","M","M","E","R","E","T","M","E"],"character_chosen":"DEFECT","items_purchased":["Flash of Steel","Medical Kit","FocusPotion"],"campfire_rested":1,"item_purchase_floors":[19,19,19],"current_hp_per_floor":[64,64,60,60,60,60,39,39,39,22,22,22,17,17,17,5,55,47,47,40,33,32,11,34,9,9,5,0,0],"gold":136,"neow_bonus":"ONE_RARE_RELIC","is_daily":false,"chose_seed":false,"campfire_upgraded":1,"win_rate":0.0,"timestamp":1608362130,"path_taken":["M","?","?","M","$","R","E","R","T","E","?","?","E","?","R","BOSS","M","$","M","M","M","E","R","E","T","M","E"],"items_purchased_type":["Card","Relic","Potion"],"build_version":"2020-12-13","purchased_purges":1,"victory":false,"max_hp_per_floor":[71,71,71,71,71,71,71,71,71,71,71,71,71,71,71,71,71,73,73,73,75,75,77,77,77,77,79,79,79],"card_choices":[{"not_picked":["Melter","Storm"],"picked":"Go for the Eyes","floor":1},{"not_picked":["Heatsinks","Leap"],"picked":"Gash","floor":3},{"not_picked":["Turbo","Leap"],"picked":"FTL","floor":4},{"not_picked":["Compile Driver","Skim"],"picked":"Creative AI","floor":7},{"not_picked":["Beam Cell","Compile Driver"],"picked":"FTL","floor":10},{"not_picked":["Compile Driver","Rebound"],"picked":"Leap","floor":12},{"not_picked":["Redo","Core Surge","Steam"],"picked":"SKIP","floor":13},{"not_picked":["Hyperbeam","Core Surge"],"picked":"Rainbow","floor":16},{"not_picked":["Reinforced Body"],"picked":"Singing Bowl","floor":18},{"not_picked":[],"picked":"Gash","floor":20},{"not_picked":["Rebound"],"picked":"Singing Bowl","floor":21},{"not_picked":[],"picked":"Ball Lightning","floor":22},{"not_picked":["Steam"],"picked":"Singing Bowl","floor":23},{"not_picked":[],"picked":"Chill","floor":25},{"not_picked":["Gash"],"picked":"Singing Bowl","floor":27}],"player_experience":389525,"relics_obtained":[{"floor":7,"key":"Omamori"},{"floor":9,"key":"Ornamental Fan"},{"floor":10,"key":"Gambling Chip"},{"floor":13,"key":"Bag of Preparation"},{"floor":23,"key":"HornCleat"},{"floor":25,"key":"White Beast Statue"},{"floor":26,"key":"Matryoshka"}],"event_choices":[{"damage_healed":0,"gold_gain":0,"player_choice":"1 cards matched","damage_taken":0,"max_hp_gain":0,"max_hp_loss":0,"event_name":"Match and Keep!","floor":2,"gold_loss":0,"cards_obtained":["Leap"]},{"cards_removed":["Strike_B"],"damage_healed":0,"gold_gain":0,"player_choice":"Card Removal","damage_taken":0,"max_hp_gain":0,"max_hp_loss":0,"event_name":"Wheel of Change","floor":11,"gold_loss":0},{"damage_healed":0,"gold_gain":0,"player_choice":"Searched \u00271\u0027 times","damage_taken":0,"relics_obtained":["Singing Bowl"],"max_hp_gain":0,"max_hp_loss":0,"event_name":"Dead Adventurer","floor":14,"gold_loss":0}],"is_beta":false,"boss_relics":[{"not_picked":["FrozenCore","Fusion Hammer"],"picked":"Busted Crown"}],"items_purged_floors":[5],"is_endless":false,"potions_floor_spawned":[4,7,13,16,22,23,27],"killed_by":"Book of Stabbing","ascension_level":16}}