{"host":"jzehok24c0182h89","time":1608344850,"event":{"mods":["Bard","BaseMod","Colored Map","Colored Powertips","Downfall","Hermit","Marisa????????","Minty Spire (QoL Compilation)","Random Character Button","Shade Mod","StSLib","The Alterego","The Blackbeard","The Blue Laboratory","The Bug Knight","The Construct","The Cursed","The Disciple","The Hierophant","The Necromancer","The Servant 0.9.4"],"gold_per_floor":[112,125,200,212,227,258,16,16,16,28,28,28,28,61,61,166,166,183,196,7,7,24,54,66,66,66,93,106,119,119,130,130,234,234,254,274,294,294,294],"floor_reached":38,"playtime":3039,"items_purged":[],"score":546,"play_id":"57fdf3d3-3b64-4a78-b2ca-8067c8f5b851","local_time":"20201218212730","is_ascension_mode":true,"campfire_choices":[{"floor":8.0,"key":"REST"},{"data":"TheCursedMod:SmokeScreen","floor":11.0,"key":"SMITH"},{"data":"TheCursedMod:CircleOfFlame","floor":13.0,"key":"SMITH"},{"floor":15.0,"key":"REST"},{"data":"TheCursedMod:LuckyCharm","floor":25.0,"key":"SMITH"},{"data":"TheCursedMod:CursedMace","floor":30.0,"key":"SMITH"},{"data":"TheCursedMod:SpitefulPlan","floor":32.0,"key":"SMITH"}],"circlet_count":0,"master_deck":["TheCursedMod:Strike_TheCursed","TheCursedMod:Strike_TheCursed","TheCursedMod:Strike_TheCursed","TheCursedMod:Strike_TheCursed","TheCursedMod:Defend_TheCursed","TheCursedMod:Defend_TheCursed","TheCursedMod:Defend_TheCursed","TheCursedMod:Defend_TheCursed","TheCursedMod:CursedWand","TheCursedMod:CleanUpWorkshop","TheCursedMod:Dregs","TheCursedMod:StunningStrike","TheCursedMod:SoulReap","TheCursedMod:SmokeScreen+1","TheCursedMod:Wield","TheCursedMod:CircleOfFlame+1","TheCursedMod:RavingStaff","TheCursedMod:SurpriseAttack","TheCursedMod:SurpriseAttack","TheCursedMod:CursedShiv","TheCursedMod:CursedMace+1","TheCursedMod:Stigma","TheCursedMod:Obscuration","TheCursedMod:VoidForm","TheCursedMod:LuckyCharm+1","TheCursedMod:Wield","TheCursedMod:HellfireBreathing","TheCursedMod:FleshFromBone","TheCursedMod:CursedSpellbook+1","TheCursedMod:StingEye+1","TheCursedMod:SpitefulPlan+1","TheCursedMod:CircleOfAbyss","TheCursedMod:TacticalStrike+1"],"relics":["TheCursedMod:BlackMagic101","Orichalcum","Darkstone Periapt","Oddly Smooth Stone","Kunai","TheCursedMod:OminousMark","Membership Card","construct:BoolHorns","TheCursedMod:DemonicMark","Bottled Flame","Fusion Hammer"],"acts_visited":["TheBeyond"],"potions_floor_usage":[38],"damage_taken":[{"damage":7.0,"enemies":"Small Slimes","floor":1.0,"turns":3.0},{"damage":7.0,"enemies":"Jaw Worm","floor":2.0,"turns":4.0},{"damage":0.0,"enemies":"Cultist","floor":4.0,"turns":4.0},{"damage":9.0,"enemies":"Exordium Wildlife","floor":5.0,"turns":4.0},{"damage":44.0,"enemies":"3 Sentries","floor":6.0,"turns":13.0},{"damage":0.0,"enemies":"2 Fungi Beasts","floor":10.0,"turns":3.0},{"damage":22.0,"enemies":"Lagavulin","floor":14.0,"turns":5.0},{"damage":32.0,"enemies":"Hexaghost","floor":16.0,"turns":12.0},{"damage":0.0,"enemies":"Shell Parasite","floor":18.0,"turns":5.0},{"damage":8.0,"enemies":"3 Byrds","floor":19.0,"turns":3.0},{"damage":0.0,"enemies":"3 Cultists","floor":22.0,"turns":5.0},{"damage":5.0,"enemies":"Book of Stabbing","floor":23.0,"turns":5.0},{"damage":12.0,"enemies":"Sentry and Sphere","floor":24.0,"turns":8.0},{"damage":0.0,"enemies":"Gremlin Leader","floor":27.0,"turns":8.0},{"damage":13.0,"enemies":"Shelled Parasite and Fungi","floor":28.0,"turns":5.0},{"damage":8.0,"enemies":"Chosen and Byrds","floor":29.0,"turns":8.0},{"damage":2.0,"enemies":"Centurion and Healer","floor":31.0,"turns":7.0},{"damage":13.0,"enemies":"Champ","floor":33.0,"turns":10.0},{"damage":13,"enemies":"3 Darklings","floor":35,"turns":4},{"damage":2,"enemies":"3 Shapes","floor":36,"turns":4},{"damage":49,"enemies":"Jaw Worm Horde","floor":37,"turns":7},{"damage":19,"enemies":"4 Shapes","floor":38,"turns":7}],"seed_played":"-4481084208455380058","potions_obtained":[{"floor":1.0,"key":"blueLaboratory:HummingbirdPotion"},{"floor":16.0,"key":"Strength Potion"},{"floor":18.0,"key":"Block Potion"},{"floor":19.0,"key":"blueLaboratory:Moonshine"},{"floor":23.0,"key":"blueLaboratory:PhilterOfMotion"}],"is_trial":false,"path_per_floor":["M","M","?","M","M","E","$","R","T","M","R","?","R","E","R","B",null,"M","M","$","?","M","E","M","R","T","E","M","M","R","M","R","B",null,"M","M","M","M"],"character_chosen":"THE_CURSED","items_purchased":["Darkstone Periapt","Membership Card","TheCursedMod:HellfireBreathing"],"campfire_rested":2,"item_purchase_floors":[7,20,20],"current_hp_per_floor":[61,59,48,48,44,5,5,25,25,27,27,27,27,12,32,5,68,68,60,60,60,65,66,56,56,56,61,48,47,47,60,60,68,68,60,63,19,0,0],"gold":294,"neow_bonus":"THREE_RARE_CARDS","is_daily":false,"chose_seed":false,"campfire_upgraded":5,"win_rate":0.0,"timestamp":1608344850,"path_taken":["M","M","?","M","M","E","$","R","T","M","R","?","R","E","R","BOSS","M","M","$","?","?","E","M","R","T","E","M","M","R","M","R","BOSS","M","M","M","M"],"items_purchased_type":["Relic","Relic","Card"],"build_version":"2020-12-13","purchased_purges":0,"victory":false,"max_hp_per_floor":[68,68,68,68,68,68,68,68,68,68,68,68,68,68,68,68,68,68,68,68,68,68,68,68,68,68,68,68,68,68,68,68,68,68,68,68,68,68,68],"card_choices":[{"not_picked":["TheCursedMod:OutForBlood","TheCursedMod:DemonSword"],"picked":"TheCursedMod:StunningStrike","floor":0.0},{"not_picked":["TheCursedMod:PrepareRite","TheCursedMod:CursedShiv"],"picked":"TheCursedMod:SoulReap","floor":1.0},{"not_picked":["TheCursedMod:Torture","TheCursedMod:Stretching"],"picked":"TheCursedMod:SmokeScreen","floor":2.0},{"not_picked":["TheCursedMod:TroublousMinions","TheCursedMod:VitalStrike"],"picked":"TheCursedMod:Wield","floor":4.0},{"not_picked":["TheCursedMod:ManaCirculation","TheCursedMod:VitalStrike","TheCursedMod:CircleOfCorruption"],"picked":"SKIP","floor":5.0},{"not_picked":["TheCursedMod:CursedAmulet","TheCursedMod:EmpowerCircles"],"picked":"TheCursedMod:CircleOfFlame","floor":6.0},{"not_picked":["TheCursedMod:Stretching","TheCursedMod:ReleasedKnowledge"],"picked":"TheCursedMod:RavingStaff","floor":10.0},{"not_picked":["TheCursedMod:FuryStrike","TheCursedMod:StingEye"],"picked":"TheCursedMod:Obscuration","floor":14.0},{"not_picked":["TheCursedMod:DarkBarrier","TheCursedMod:StunningStrike"],"picked":"TheCursedMod:VoidForm","floor":16.0},{"not_picked":["TheCursedMod:VitalStrike","TheCursedMod:CircleOfCorruption+1"],"picked":"TheCursedMod:LuckyCharm","floor":18.0},{"not_picked":["TheCursedMod:CircleOfFlame","TheCursedMod:CursedMace"],"picked":"TheCursedMod:Wield","floor":19.0},{"not_picked":["TheCursedMod:CursedMace+1","TheCursedMod:CircleOfFlame"],"picked":"TheCursedMod:FleshFromBone","floor":22.0},{"not_picked":["TheCursedMod:CursedMace+1","TheCursedMod:OutForBlood","TheCursedMod:CircleOfFlame"],"picked":"SKIP","floor":23.0},{"not_picked":["TheCursedMod:CursedStaff+1","TheCursedMod:Grudge","TheCursedMod:CursedAmulet"],"picked":"SKIP","floor":24.0},{"not_picked":["TheCursedMod:CursedMace","TheCursedMod:Obscuration"],"picked":"TheCursedMod:CursedSpellbook+1","floor":27.0},{"not_picked":["TheCursedMod:PrepareRite","TheCursedMod:FuryStrike"],"picked":"TheCursedMod:StingEye+1","floor":28.0},{"not_picked":["TheCursedMod:Stretching","TheCursedMod:Torture+1","TheCursedMod:CursedAmulet"],"picked":"SKIP","floor":29.0},{"not_picked":["TheCursedMod:CursedSpellbook+1","TheCursedMod:CircleOfFocus+1"],"picked":"TheCursedMod:SpitefulPlan","floor":31.0},{"not_picked":["TheCursedMod:DemonSword","TheCursedMod:DarkBarrier"],"picked":"TheCursedMod:CircleOfAbyss","floor":33.0},{"not_picked":["TheCursedMod:VitalStrike+1","TheCursedMod:CursedBlade+1","TheCursedMod:CircleOfCorruption+1"],"picked":"SKIP","floor":35},{"not_picked":["TheCursedMod:CursedMace+1","TheCursedMod:CircleOfAbyss"],"picked":"TheCursedMod:TacticalStrike+1","floor":36},{"not_picked":["TheCursedMod:CircleOfFlame","TheCursedMod:FleshFromBone+1","TheCursedMod:HellsGateOpen"],"picked":"SKIP","floor":37}],"player_experience":800251,"relics_obtained":[{"floor":6.0,"key":"Orichalcum"},{"floor":9.0,"key":"Oddly Smooth Stone"},{"floor":14.0,"key":"Kunai"},{"floor":23.0,"key":"construct:BoolHorns"},{"floor":26.0,"key":"TheCursedMod:DemonicMark"},{"floor":27.0,"key":"Bottled Flame"}],"event_choices":[{"damage_healed":0.0,"max_hp_gain":0.0,"max_hp_loss":0.0,"gold_gain":75.0,"event_name":"World of Goop","player_choice":"Gather Gold","floor":3.0,"gold_loss":0.0,"damage_taken":11.0},{"damage_healed":0.0,"max_hp_gain":0.0,"max_hp_loss":0.0,"gold_gain":0.0,"event_name":"Fountain of Cleansing","player_choice":"Ignored","floor":21.0,"gold_loss":0.0,"damage_taken":0.0}],"is_beta":false,"boss_relics":[{"not_picked":["Pandora\u0027s Box","construct:ClawGrip"],"picked":"TheCursedMod:OminousMark"},{"not_picked":["Empty Cage","SacredBark"],"picked":"Fusion Hammer"}],"items_purged_floors":[],"is_endless":false,"potions_floor_spawned":[1,16,18,19,23,35],"killed_by":"4 Shapes","ascension_level":4}}