{"host":"1shobamjx3kfwgso","time":1608419002,"event":{"mods":["2.2 Compatiblity","AchievementEnabler","Act Like it!","Aspiration","BaseMod","Beaked The Cultist","BetterRewards","Block Reminder","CCEM","CapriCore","Challenge The Spire","Clockwork Mod","Colored Map","Colored Powertips","Conjunction","Conspire","Defuse TimeMaze Blight","Downfall","Elementarium","Energized Spire","Exacting","FoggyMod","GifTheSpireLib","Halation","Hallownest","Hermit","Highlight Path","Hubris","Infinite Spire","Lobotomy","LobotomyExtend","Mimic Mod","Minty Spire (QoL Compilation)","Pale of the Ancients","Quick Restart","Relic Sorter","Replay The Spire","Shade Mod","Shop Mod","StSLib","Stuff the Spire","The Bladedancer","The Bug Knight","The Construct","The Cursed","The Druid","The Gatherer","The Immortal","The Juggle","The Mystic","The Sage","The Servant 0.9.4","TheFirefly","TheVacant","Uncapped","vexMod"],"gold_per_floor":[113,113,113,132,132,163,163,163,163,163,188,188,188,18,18,143,143,159,159,159,130,130,130,146,146,146,146,146,146,146,21,21,146,146,175,175,175,211,161,161,161,461,485,2,2,277,277,127,127,142,142],"floor_reached":52,"playtime":3524,"items_purged":["Regret","beaked:CrazyRituals+1","Decay","Regret"],"score":667,"play_id":"4ece850e-1d84-4358-a30c-115f20ec8d11","local_time":"20201219180322","is_ascension_mode":false,"campfire_choices":[{"floor":7.0,"key":"REST"},{"data":"Dualcast","floor":10.0,"key":"SMITH"},{"floor":15.0,"key":"REST"},{"floor":23.0,"key":"REST"},{"data":"StuffTheSpire:ForEach","floor":25.0,"key":"SMITH"},{"data":"hubris:Ukulele","floor":27.0,"key":"SMITH"},{"data":"Zap","floor":32.0,"key":"SMITH"},{"data":"conspire:SpireCoStock","floor":40,"key":"SMITH"},{"data":"Hologram","floor":45,"key":"SMITH"},{"data":"Cold Snap","floor":49,"key":"SMITH"}],"circlet_count":0,"master_deck":["Strike_B","Strike_B","Strike_B","Strike_B","Defend_B","Defend_B","Defend_B","Defend_B","Zap+1","Dualcast+1","Cold Snap+1","OldLady","hubris:Ukulele+1","Capacitor+1","Bloodbath","Storm+1","Replay:SS_forest_6+1","MHz","Echo Form+1","Creative AI+1","StuffTheSpire:ForEach+1","StuffTheSpire:ForEach+1","FTL+1","OSAHOGD","Hologram+1","conspire:SpireCoStock+1"],"relics":["Cracked Core","CogitoBucket","RabbitCall","LetterFromLob","Anchor","hubris:Towel","infinitespire:WardingShard","Frozen Egg 2","Replay:Baseball","halation:PromiseList","halation:BottledLove","Golden Idol","energizedSpire:UnstableMolecules","MerchantsRug","Nunchaku","Golden Egg","Onion Ring","CCEMRelics:OldTooth","infinitespire:EvilPickle","hubris:RunicObelisk","hubris:ToyBattleship","Juzu Bracelet","StuffTheSpire:ForceGauntlet"],"acts_visited":["Exordium","TheCity","TheBeyond"],"potions_floor_usage":[50,50],"damage_taken":[{"damage":0.0,"enemies":"Small Slimes","floor":1.0,"turns":3.0},{"damage":0.0,"enemies":"Jaw Worm","floor":4.0,"turns":3.0},{"damage":21.0,"enemies":"Replay:BlueRogue","floor":6.0,"turns":5.0},{"damage":28.0,"enemies":"3 Sentries","floor":11.0,"turns":7.0},{"damage":50.0,"enemies":"Hexaghost","floor":16.0,"turns":8.0},{"damage":53.0,"enemies":"3 Byrds","floor":18.0,"turns":9.0},{"damage":3.0,"enemies":"Shell Parasite","floor":24.0,"turns":5.0},{"damage":40.0,"enemies":"Pondfish","floor":33.0,"turns":5.0},{"damage":7.0,"enemies":"3 Shapes","floor":35.0,"turns":4.0},{"damage":5,"enemies":"Orb Walker","floor":38,"turns":3},{"damage":42,"enemies":"Donu and Deca","floor":50,"turns":6}],"seed_played":"153362097742951659","potions_obtained":[{"floor":11.0,"key":"FearPotion"},{"floor":33.0,"key":"Weak Potion"},{"floor":38,"key":"Cursed Concoction"}],"is_trial":false,"path_per_floor":["M","?","?","M","?","E","R","?","T","R","E","T","?","$","R","B",null,"M","?","M","$","?","R","M","R","T","R","$","?","T","$","R","B",null,"M","?","M","M","?","R","?","?","T","$","R","?","?","$","R_BF","B",null,null],"character_chosen":"DEFECT","items_purchased":["Replay:SS_forest_6+1","MerchantsRug","Nunchaku","Juzu Bracelet","StuffTheSpire:ForceGauntlet","Energy Potion"],"campfire_rested":3,"item_purchase_floors":[14,21,21,44,44,44],"current_hp_per_floor":[75,50,50,50,50,29,51,59,59,59,31,31,31,31,53,18,75,36,29,29,29,29,51,61,61,61,61,61,61,61,61,61,34,75,68,68,68,63,63,63,63,63,63,63,63,63,63,63,63,23,23],"gold":142,"neow_bonus":"","is_daily":false,"chose_seed":false,"campfire_upgraded":7,"win_rate":0.0,"timestamp":1608419002,"path_taken":["M","?","?","?","?","E","R","?","T","R","E","?","?","$","R","BOSS","M","?","?","?","?","R","?","R","T","R","$","?","?","?","R","BOSS","M","?","?","?","?","R","?","?","T","$","R","?","?","$","R_BF","BOSS"],"items_purchased_type":["Card","Relic","Relic","Relic","Relic","Potion"],"build_version":"2020-12-13","purchased_purges":4,"victory":true,"max_hp_per_floor":[75,75,75,75,75,75,75,75,75,75,75,75,75,75,75,75,75,75,75,75,75,75,75,75,75,75,75,75,75,75,75,75,75,75,75,75,75,75,75,75,75,75,75,75,75,75,75,75,75,75,75],"card_choices":[{"not_picked":["WallGazer","CherryBlossoms","MeatLantern"],"picked":"Singing Bowl","floor":1.0},{"not_picked":["Ball Lightning","Hologram"],"picked":"Cold Snap","floor":1.0},{"not_picked":["Bloodbath","MeatLantern","ShyLook"],"picked":"Singing Bowl","floor":4.0},{"not_picked":["WallGazer","Bloodbath"],"picked":"OldLady","floor":4.0},{"not_picked":["Rebound","FTL"],"picked":"hubris:Ukulele","floor":4.0},{"not_picked":["Coolheaded","Streamline"],"picked":"Capacitor+1","floor":6.0},{"not_picked":["BeautyBeast","MeatLantern","QueenBee"],"picked":"Singing Bowl","floor":6.0},{"not_picked":["PunishingBird","Scorched"],"picked":"Bloodbath","floor":11.0},{"not_picked":["Stack","Beam Cell"],"picked":"Storm+1","floor":11.0},{"not_picked":["CherryBlossoms","ShyLook","FieryBird"],"picked":"Singing Bowl","floor":16.0},{"not_picked":["MeatLantern","ShyLook"],"picked":"MHz","floor":16.0},{"not_picked":["StuffTheSpire:EventHorizon","hubris:DoWhile"],"picked":"Echo Form+1","floor":16.0},{"not_picked":["sneckomod:UnknownClassORANGE+1","sneckomod:UnknownClassBLADEMASTER_GRAY+1","sneckomod:UnknownClassBUGKNIGHT_GRAY_COLOR+1"],"picked":"SKIP","floor":18.0},{"not_picked":["Beam Cell","StuffTheSpire:GlassShard+1","Redo"],"picked":"SKIP","floor":18.0},{"not_picked":["MeatLantern","Alriune","BeautyBeast"],"picked":"Singing Bowl","floor":24.0},{"not_picked":["StuffTheSpire:CleanHardDrive","ReplayGash+1"],"picked":"StuffTheSpire:ForEach","floor":24.0},{"not_picked":["hubris:SpecializedCircuitry+1","Biased Cognition+1"],"picked":"StuffTheSpire:ForEach","floor":33.0},{"not_picked":["MeatLantern","MeltingLove","WhitesApple"],"picked":"Singing Bowl","floor":33.0},{"not_picked":["BootSequence","Undo"],"picked":"Gash+1","floor":35.0},{"not_picked":["Rudolta","Scarecrow","SilentOrchestra"],"picked":"Singing Bowl","floor":35.0},{"not_picked":["SpiderBud","BodiesMountain"],"picked":"OSAHOGD","floor":38},{"not_picked":["Aggregate","Go for the Eyes+1"],"picked":"Hologram","floor":38}],"player_experience":273440,"relics_obtained":[{"floor":1.0,"key":"LetterFromLob"},{"floor":6.0,"key":"Frozen Egg 2"},{"floor":9.0,"key":"Replay:Baseball"},{"floor":11.0,"key":"halation:PromiseList"},{"floor":12.0,"key":"halation:BottledLove"},{"floor":26.0,"key":"Golden Egg"},{"floor":30.0,"key":"CCEMRelics:OldTooth"},{"floor":43,"key":"hubris:ToyBattleship"}],"event_choices":[{"damage_healed":0.0,"max_hp_gain":0.0,"max_hp_loss":0.0,"gold_gain":0.0,"event_name":"Scrap Ooze","player_choice":"Success","floor":2.0,"gold_loss":0.0,"damage_taken":25.0,"relics_obtained":["Anchor"]},{"damage_healed":0.0,"max_hp_gain":0.0,"max_hp_loss":0.0,"gold_gain":0.0,"event_name":"Big Fish","player_choice":"Box","floor":5.0,"gold_loss":0.0,"damage_taken":0.0,"relics_obtained":["infinitespire:WardingShard"],"cards_obtained":["Regret"]},{"damage_healed":0.0,"max_hp_gain":0.0,"max_hp_loss":0.0,"gold_gain":0.0,"event_name":"Golden Idol","player_choice":"Take Wound","floor":13.0,"gold_loss":0.0,"damage_taken":0.0,"relics_obtained":["Golden Idol"],"cards_obtained":["Injury"]},{"damage_healed":0.0,"max_hp_gain":0.0,"max_hp_loss":0.0,"gold_gain":0.0,"event_name":"Match and Keep!","player_choice":"1 cards matched","floor":19.0,"gold_loss":0.0,"damage_taken":0.0,"cards_obtained":["Creative AI"]},{"cards_removed":["Injury"],"damage_healed":0.0,"max_hp_gain":0.0,"max_hp_loss":0.0,"gold_gain":0.0,"event_name":"Purifier","player_choice":"Purged","floor":20.0,"gold_loss":0.0,"damage_taken":0.0},{"damage_healed":0.0,"max_hp_gain":0.0,"max_hp_loss":0.0,"gold_gain":0.0,"event_name":"Wheel of Change","player_choice":"Cursed","floor":22.0,"gold_loss":0.0,"damage_taken":0.0,"cards_obtained":["Decay"]},{"cards_removed":["conspire:NecroticWound"],"damage_healed":0.0,"max_hp_gain":0.0,"max_hp_loss":0.0,"gold_gain":0.0,"event_name":"Purifier","player_choice":"Purged","floor":36.0,"gold_loss":0.0,"damage_taken":0.0},{"damage_healed":0,"gold_gain":0,"cards_transformed":["Gash"],"player_choice":"Transformed","damage_taken":0,"max_hp_gain":0,"max_hp_loss":0,"event_name":"Transmorgrifier","floor":37,"gold_loss":0,"cards_obtained":["FTL"]},{"damage_healed":0,"gold_gain":0,"player_choice":"Invest 1","damage_taken":0,"max_hp_gain":0,"max_hp_loss":0,"event_name":"conspire:Investor","floor":39,"gold_loss":0},{"damage_healed":0,"gold_gain":300,"player_choice":"Gold","damage_taken":0,"max_hp_gain":0,"max_hp_loss":0,"event_name":"Wheel of Change","floor":42,"gold_loss":0},{"damage_healed":0,"gold_gain":275,"player_choice":"Desecrate","damage_taken":0,"max_hp_gain":0,"max_hp_loss":0,"event_name":"Golden Shrine","floor":46,"gold_loss":0,"cards_obtained":["Regret"]}],"is_beta":false,"boss_relics":[{"not_picked":["energizedSpire:RedRose","FrozenCore"],"picked":"Replay:Grab Bag"},{"not_picked":["aspiration:FutureDiary","Replay:Wanted Poster"],"picked":"energizedSpire:UnstableMolecules"},{"not_picked":["StuffTheSpire:ModemDavis","energizedSpire:CursedPentagram"],"picked":"halation:SmartPhone"},{"not_picked":["construct:WeddingRing","CCEMRelics:TransientCore"],"picked":"beaked:SacredDeck"},{"not_picked":["CCEMRelics:GreenEgg","Honey Jar"],"picked":"hubris:RunicObelisk"}],"items_purged_floors":[14,21,31,48],"is_endless":false,"potions_floor_spawned":[11,38],"ascension_level":0}}