{"host":"9ndbo4kgsfoemf7y","time":1608362396,"event":{"mods":["AchievementEnabler","BaseMod","Colored Map","DeckTracker","Keyboard Shortcuts","Minty Spire (QoL Compilation)","Permanent Neow","Quick Restart","Relic Stats","StSLib","SuperFastMode"],"gold_per_floor":[99,99,99,99,99,99,99,99,99,99,99,99,99,79,79,79,79,79,79,79,0,0,0],"floor_reached":22,"playtime":603,"items_purged":[],"score":370,"play_id":"68ef6043-293b-47b6-9e42-2d5adfa8a73c","local_time":"20201219161956","is_ascension_mode":true,"campfire_choices":[{"data":"Bouncing Flask","floor":6.0,"key":"SMITH"},{"floor":10.0,"key":"REST"},{"data":"Cloak And Dagger","floor":15.0,"key":"SMITH"}],"circlet_count":0,"master_deck":["AscendersBane","Strike_G","Strike_G","Defend_G","Defend_G","Defend_G","Defend_G","Defend_G","Survivor","Neutralize","Bouncing Flask+1","Acrobatics","Backstab","Blade Dance","Terror","Blade Dance","Leg Sweep","Die Die Die","Cloak And Dagger+1","Grand Finale","A Thousand Cuts+1","Escape Plan+1","Predator+1","Bouncing Flask"],"relics":["Ectoplasm","Tough Bandages","White Beast Statue","Omamori","Astrolabe","Red Mask"],"acts_visited":["Exordium","TheCity"],"potions_floor_usage":[22],"damage_taken":[{"damage":3.0,"enemies":"2 Louse","floor":1.0,"turns":3.0},{"damage":3.0,"enemies":"Small Slimes","floor":2.0,"turns":3.0},{"damage":1.0,"enemies":"Cultist","floor":3.0,"turns":4.0},{"damage":1.0,"enemies":"2 Fungi Beasts","floor":4.0,"turns":3.0},{"damage":12.0,"enemies":"Gremlin Gang","floor":5.0,"turns":4.0},{"damage":21.0,"enemies":"Lagavulin","floor":7.0,"turns":5.0},{"damage":1.0,"enemies":"3 Louse","floor":8.0,"turns":4.0},{"damage":0.0,"enemies":"Blue Slaver","floor":12.0,"turns":2.0},{"damage":13.0,"enemies":"Gremlin Nob","floor":13.0,"turns":4.0},{"damage":6.0,"enemies":"Looter","floor":14.0,"turns":2.0},{"damage":4.0,"enemies":"Hexaghost","floor":16.0,"turns":7.0},{"damage":19.0,"enemies":"3 Byrds","floor":18.0,"turns":3.0},{"damage":5.0,"enemies":"Masked Bandits","floor":19.0,"turns":3.0},{"damage":15.0,"enemies":"2 Thieves","floor":21.0,"turns":4.0},{"damage":26,"enemies":"Sentry and Sphere","floor":22,"turns":3}],"seed_played":"1458239356900305057","potions_obtained":[{"floor":1.0,"key":"GamblersBrew"},{"floor":3.0,"key":"GhostInAJar"},{"floor":4.0,"key":"SkillPotion"},{"floor":7.0,"key":"Explosive Potion"},{"floor":12.0,"key":"Regen Potion"},{"floor":13.0,"key":"BlessingOfTheForge"},{"floor":14.0,"key":"ColorlessPotion"},{"floor":16.0,"key":"FearPotion"},{"floor":19.0,"key":"Energy Potion"}],"is_trial":false,"path_per_floor":["M","M","M","M","M","R","E","M","T","R","?","M","E","M","R","B",null,"M","?","?","M","M"],"character_chosen":"THE_SILENT","items_purchased":[],"campfire_rested":1,"item_purchase_floors":[],"current_hp_per_floor":[56,53,52,51,39,39,18,17,17,36,41,41,40,34,34,30,61,42,37,37,22,0,0],"gold":0,"neow_bonus":"BOSS_RELIC","is_daily":false,"chose_seed":false,"campfire_upgraded":2,"win_rate":0.0,"timestamp":1608362396,"path_taken":["M","M","M","M","M","R","E","M","T","R","?","M","E","M","R","BOSS","M","?","?","M","M"],"items_purchased_type":[],"build_version":"2020-12-13","purchased_purges":0,"victory":false,"max_hp_per_floor":[66,66,66,66,66,66,66,66,66,66,71,71,71,71,71,71,71,71,71,71,71,71,71],"relic_stats":{"Tough Bandages":[36],"counters":[15,54],"Astrolabe":["A Thousand Cuts","Escape Plan","Predator"],"Ectoplasm":468,"obtain_stats":[{"Tough Bandages":7,"Astrolabe":17,"Ectoplasm":0,"Omamori":13,"Red Mask":19,"White Beast Statue":9,"Ring of the Snake":0},{"Tough Bandages":6,"Astrolabe":11,"Ectoplasm":0,"Omamori":9,"Red Mask":13,"White Beast Statue":7,"Ring of the Snake":0},{"Tough Bandages":22,"Astrolabe":41,"Ectoplasm":0,"Omamori":32,"Red Mask":47,"White Beast Statue":26,"Ring of the Snake":0}]},"card_choices":[{"not_picked":["Dash","Acrobatics"],"picked":"Bouncing Flask","floor":1.0},{"not_picked":["Poisoned Stab","Slice"],"picked":"Acrobatics","floor":2.0},{"not_picked":["Acrobatics","Dagger Throw"],"picked":"Backstab","floor":3.0},{"not_picked":["Infinite Blades","Outmaneuver"],"picked":"Blade Dance","floor":4.0},{"not_picked":["Storm of Steel","Skewer"],"picked":"Terror","floor":5.0},{"not_picked":["Flying Knee","Acrobatics","Skewer"],"picked":"SKIP","floor":7.0},{"not_picked":["Outmaneuver","Dagger Spray"],"picked":"Blade Dance","floor":8.0},{"not_picked":["Outmaneuver","Unload"],"picked":"Leg Sweep","floor":12.0},{"not_picked":["Acrobatics","Underhanded Strike"],"picked":"Die Die Die","floor":13.0},{"not_picked":["Dagger Spray","Dodge and Roll"],"picked":"Cloak And Dagger","floor":14.0},{"not_picked":["Doppelganger","Bullet Time"],"picked":"Grand Finale","floor":16.0},{"not_picked":["Underhanded Strike","Dash","Outmaneuver"],"picked":"SKIP","floor":18.0},{"not_picked":["Underhanded Strike","Dagger Spray"],"picked":"Bouncing Flask","floor":21.0}],"player_experience":703609,"relics_obtained":[{"floor":7.0,"key":"Tough Bandages"},{"floor":9.0,"key":"White Beast Statue"},{"floor":13.0,"key":"Omamori"},{"floor":19.0,"key":"Red Mask"}],"event_choices":[{"damage_healed":0.0,"max_hp_gain":5.0,"max_hp_loss":0.0,"gold_gain":0.0,"event_name":"Big Fish","player_choice":"Donut","floor":11.0,"gold_loss":0.0,"damage_taken":0.0},{"damage_healed":0.0,"max_hp_gain":0.0,"max_hp_loss":0.0,"gold_gain":0.0,"event_name":"Masked Bandits","player_choice":"Fought Bandits","floor":19.0,"gold_loss":0.0,"damage_taken":0.0},{"damage_healed":0.0,"max_hp_gain":0.0,"max_hp_loss":0.0,"gold_gain":0.0,"event_name":"Vampires","player_choice":"Ignored","floor":20.0,"gold_loss":0.0,"damage_taken":0.0}],"is_beta":false,"boss_relics":[{"not_picked":["Runic Pyramid","Runic Dome"],"picked":"Astrolabe"}],"items_purged_floors":[],"is_endless":false,"potions_floor_spawned":[1,3,4,7,12,13,14,16,18,19,21],"killed_by":"Sentry and Sphere","ascension_level":17}}