{"host":"9tzam4717zt8ei1o","time":1608373031,"event":{"mods":["BaseMod","Colored Map","Keyboard Shortcuts","Minty Spire (QoL Compilation)","Quick Restart","StSLib","SuperFastMode"],"gold_per_floor":[117,131,145,156,171,171,185,185,210,210,226,243,263,263,263,263,263],"floor_reached":16,"playtime":406,"items_purged":[],"score":196,"play_id":"85abe675-7275-4c55-9db8-f59138446c8b","local_time":"20201219191711","is_ascension_mode":true,"campfire_choices":[{"data":"Bouncing Flask","floor":6,"key":"SMITH"},{"data":"Tactician","floor":8,"key":"SMITH"},{"floor":10,"key":"REST"},{"data":"Footwork","floor":15,"key":"SMITH"}],"circlet_count":0,"master_deck":["AscendersBane","Strike_G","Strike_G","Strike_G","Defend_G","Defend_G","Defend_G","Defend_G","Defend_G","Survivor","Neutralize","Tactician+1","Backflip","Prepared","Bouncing Flask+1","Dagger Spray","Backflip","Footwork+1","Noxious Fumes"],"relics":["Ring of the Snake","Anchor"],"acts_visited":["Exordium"],"potions_floor_usage":[2,2,12,16,16],"damage_taken":[{"damage":1,"enemies":"2 Louse","floor":1,"turns":4},{"damage":7,"enemies":"Jaw Worm","floor":2,"turns":7},{"damage":0,"enemies":"Small Slimes","floor":3,"turns":4},{"damage":13,"enemies":"3 Louse","floor":4,"turns":8},{"damage":9,"enemies":"Large Slime","floor":5,"turns":8},{"damage":11,"enemies":"2 Fungi Beasts","floor":7,"turns":3},{"damage":0,"enemies":"Blue Slaver","floor":11,"turns":3},{"damage":3,"enemies":"Large Slime","floor":12,"turns":6},{"damage":11,"enemies":"Exordium Thugs","floor":13,"turns":5},{"damage":23,"enemies":"Slime Boss","floor":16,"turns":11}],"seed_played":"7528829967888224019","potions_obtained":[{"floor":1,"key":"EntropicBrew"},{"floor":4,"key":"BlessingOfTheForge"},{"floor":5,"key":"DistilledChaos"},{"floor":7,"key":"Dexterity Potion"},{"floor":13,"key":"Dexterity Potion"}],"is_trial":false,"path_per_floor":["M","M","M","M","M","R","M","R","T","R","M","M","M","?","R","B"],"character_chosen":"THE_SILENT","items_purchased":[],"campfire_rested":1,"item_purchase_floors":[],"current_hp_per_floor":[58,51,51,38,29,29,18,18,18,37,37,34,23,16,16,0,0],"gold":263,"neow_bonus":"TRANSFORM_CARD","is_daily":false,"chose_seed":false,"campfire_upgraded":3,"win_rate":0.0,"timestamp":1608373031,"path_taken":["M","M","M","M","M","R","M","R","T","R","M","M","M","?","R","BOSS"],"items_purchased_type":[],"build_version":"2020-12-13","purchased_purges":0,"victory":false,"max_hp_per_floor":[66,66,66,66,66,66,66,66,66,66,66,66,66,66,66,66,66],"card_choices":[{"not_picked":["Flechettes","Well Laid Plans"],"picked":"Backflip","floor":1},{"not_picked":["Sucker Punch","Leg Sweep"],"picked":"Prepared","floor":2},{"not_picked":["Outmaneuver","Setup"],"picked":"Bouncing Flask","floor":3},{"not_picked":["Outmaneuver","Night Terror","Dodge and Roll"],"picked":"SKIP","floor":4},{"not_picked":["Outmaneuver","Finisher"],"picked":"Dagger Spray","floor":5},{"not_picked":["Predator","Bouncing Flask"],"picked":"Backflip","floor":7},{"not_picked":["Cloak And Dagger","Backflip"],"picked":"Footwork","floor":11},{"not_picked":["Prepared","Sucker Punch","Finisher"],"picked":"SKIP","floor":12},{"not_picked":["Dagger Spray","Prepared"],"picked":"Noxious Fumes","floor":13}],"player_experience":92103,"relics_obtained":[{"floor":9,"key":"Anchor"}],"event_choices":[{"cards_removed":["Strike_G"],"damage_healed":0,"gold_gain":0,"player_choice":"Card Removal","damage_taken":7,"max_hp_gain":0,"max_hp_loss":0,"event_name":"Golden Wing","floor":14,"gold_loss":0}],"is_beta":false,"boss_relics":[],"items_purged_floors":[],"is_endless":false,"potions_floor_spawned":[1,4,5,7,13],"killed_by":"Slime Boss","ascension_level":20}}