{"host":"f55lpzc7830gmx23","time":1608391412,"event":{"mods":["BaseMod","Better Note","Downfall","Hermit","Minty Spire (QoL Compilation)","StSLib","The Blackbeard","The Cursed","The Necromancer"],"gold_per_floor":[214,214,234,309,274,129,145,145,199,199,231,231,247,94,94,224,224,262,289,302,62,62,62,87,87,168,220,220,220,220,264,264,384,384,416,416,432,456,456,456,481,481,481],"floor_reached":41,"playtime":2027,"items_purged":[],"score":643,"play_id":"54dd5bf1-b034-4b36-bbca-3341324b4099","local_time":"20201219162332","is_ascension_mode":true,"campfire_choices":[{"data":"blackbeard:Cutlass","floor":8.0,"key":"SMITH"},{"data":"blackbeard:AgileStrike","floor":10.0,"key":"SMITH"},{"data":"blackbeard:Salvager","floor":15.0,"key":"SMITH"},{"floor":23.0,"key":"REST"},{"floor":25.0,"key":"REST"},{"data":"blackbeard:TacticalRetreat","floor":28.0,"key":"SMITH"},{"data":"blackbeard:DelayedPain","floor":30.0,"key":"SMITH"},{"floor":32.0,"key":"REST"},{"floor":40.0,"key":"REST"}],"circlet_count":0,"master_deck":["AscendersBane","blackbeard:BlackbeardStrike","blackbeard:BlackbeardStrike","blackbeard:BlackbeardStrike","blackbeard:IntimidatingStrike","blackbeard:BlackbeardDefend","blackbeard:BlackbeardDefend","blackbeard:BlackbeardDefend","blackbeard:BlackbeardDefend","blackbeard:Cutlass+1","blackbeard:RemoveScurvy","blackbeard:Revenge","blackbeard:AgileStrike+1","blackbeard:Bandana","blackbeard:TacticalRetreat+1","blackbeard:Salvager+1","blackbeard:CloakAndCannonball","blackbeard:SmithingHammer","blackbeard:ReapersScythe","blackbeard:GoldenStrike","blackbeard:BountyHunter","blackbeard:GoldenDefense+1","blackbeard:AgileStrike","blackbeard:DelayedPain+1","blackbeard:InfiniteBarrage","blackbeard:BoostMorale","blackbeard:DoubleBottom","blackbeard:DeadlyArsenal"],"relics":["blackbeard:LoadTheCannons","PreservedInsect","Tiny Chest","Bronze Scales","Orrery","Philosopher\u0027s Stone","Molten Egg 2","Art of War","Singing Bowl","Fusion Hammer","Nunchaku"],"acts_visited":["Exordium","TheCity","TheBeyond"],"potions_floor_usage":[41],"damage_taken":[{"damage":0.0,"enemies":"2 Louse","floor":1.0,"turns":2.0},{"damage":13.0,"enemies":"Jaw Worm","floor":3.0,"turns":4.0},{"damage":8.0,"enemies":"Small Slimes","floor":7.0,"turns":4.0},{"damage":20.0,"enemies":"Lagavulin","floor":11.0,"turns":5.0},{"damage":7.0,"enemies":"Blue Slaver","floor":13.0,"turns":3.0},{"damage":22.0,"enemies":"The Guardian","floor":16.0,"turns":6.0},{"damage":32.0,"enemies":"Shell Parasite","floor":18.0,"turns":5.0},{"damage":8.0,"enemies":"Chosen","floor":19.0,"turns":4.0},{"damage":7.0,"enemies":"3 Cultists","floor":20.0,"turns":3.0},{"damage":20.0,"enemies":"Shelled Parasite and Fungi","floor":27.0,"turns":5.0},{"damage":9.0,"enemies":"Centurion and Healer","floor":31.0,"turns":7.0},{"damage":29.0,"enemies":"Automaton","floor":33.0,"turns":9.0},{"damage":58.0,"enemies":"3 Darklings","floor":35.0,"turns":5.0},{"damage":15.0,"enemies":"Orb Walker","floor":37.0,"turns":3.0},{"damage":53,"enemies":"Giant Head","floor":41,"turns":6}],"seed_played":"-3047162768079185367","potions_obtained":[{"floor":1.0,"key":"LiquidBronze"},{"floor":11.0,"key":"CultistPotion"},{"floor":12.0,"key":"blackbeard:OrangeJuicePotion"},{"floor":20.0,"key":"DistilledChaos"},{"floor":27.0,"key":"Weak Potion"},{"floor":37.0,"key":"Dexterity Potion"}],"is_trial":false,"path_per_floor":["M","?","M","?","?","$","M","R","T","R","E","?","M","$","R","B",null,"M","M","M","$","?","R","T","R","T","M","R","?","R","M","R","B",null,"M","?","M","T","?","R","E"],"character_chosen":"BLACKBEARD_CLASS","items_purchased":["PreservedInsect","Orrery","Molten Egg 2"],"campfire_rested":4,"item_purchase_floors":[6,14,21],"current_hp_per_floor":[68,68,60,49,67,67,64,64,64,64,49,49,55,55,55,33,65,38,35,28,28,28,50,50,72,72,59,59,59,59,55,77,53,71,13,13,6,6,6,29,0,0,0],"gold":481,"neow_bonus":"HUNDRED_GOLD","is_daily":false,"chose_seed":false,"campfire_upgraded":5,"win_rate":0.0,"timestamp":1608391412,"path_taken":["M","?","M","?","?","?","?","R","T","R","E","?","M","$","R","BOSS","M","?","M","$","?","R","?","R","T","M","R","?","R","?","R","BOSS","M","?","M","?","?","R","E"],"items_purchased_type":["Relic","Relic","Relic"],"build_version":"2020-12-13","purchased_purges":0,"victory":false,"max_hp_per_floor":[75,75,75,75,75,75,75,75,75,75,75,75,75,75,75,75,75,75,75,75,75,75,75,75,75,75,77,77,77,77,77,77,77,77,77,77,77,77,77,77,77,77,77],"card_choices":[{"not_picked":["blackbeard:CloakAndCannonball","blackbeard:BlindAttacks"],"picked":"blackbeard:RemoveScurvy","floor":1.0},{"not_picked":["blackbeard:BlindAttacks","blackbeard:WeaponProficiency"],"picked":"blackbeard:Revenge","floor":3.0},{"not_picked":["blackbeard:PiratesWill","blackbeard:Recklessness"],"picked":"blackbeard:AgileStrike","floor":7.0},{"not_picked":["blackbeard:CaptainsCabin","blackbeard:Intoxication"],"picked":"blackbeard:Bandana","floor":11.0},{"not_picked":["blackbeard:Fencing","blackbeard:ChaoticDefense"],"picked":"blackbeard:TacticalRetreat","floor":13.0},{"not_picked":["blackbeard:Bandana","blackbeard:GoldenDefense"],"picked":"blackbeard:Salvager","floor":14.0},{"not_picked":["blackbeard:BuriedTreasure","blackbeard:DeadlyArsenal"],"picked":"blackbeard:CloakAndCannonball","floor":14.0},{"not_picked":["blackbeard:Spear","blackbeard:CloakAndCannonball"],"picked":"blackbeard:SmithingHammer","floor":14.0},{"not_picked":["blackbeard:Shrapnel","blackbeard:Anchor"],"picked":"blackbeard:ReapersScythe","floor":14.0},{"not_picked":["blackbeard:ArmorUp","blackbeard:FieryDefense"],"picked":"blackbeard:GoldenStrike","floor":14.0},{"not_picked":["blackbeard:UndeadForm","blackbeard:Salvager"],"picked":"blackbeard:BountyHunter","floor":16.0},{"not_picked":["blackbeard:WiseDefense","blackbeard:Fencing"],"picked":"blackbeard:GoldenDefense+1","floor":18.0},{"not_picked":["blackbeard:SmithingHammer","blackbeard:TacticalRetreat"],"picked":"blackbeard:AgileStrike","floor":19.0},{"not_picked":["blackbeard:Eyepatch","blackbeard:BlindAttacks","blackbeard:FishingNets"],"picked":"SKIP","floor":20.0},{"not_picked":["blackbeard:Fencing+1","blackbeard:PiratesWill","blackbeard:Salvager"],"picked":"Singing Bowl","floor":27.0},{"not_picked":["blackbeard:SwordDance","blackbeard:TacticalRetreat"],"picked":"blackbeard:InfiniteBarrage","floor":31.0},{"not_picked":["blackbeard:ReapersScythe","blackbeard:HumongousCannonball+1"],"picked":"blackbeard:BoostMorale","floor":33.0},{"not_picked":["blackbeard:CatONineTails","blackbeard:PiratesWill"],"picked":"blackbeard:DoubleBottom","floor":35.0},{"not_picked":["blackbeard:RearmingStrike+1","blackbeard:Spear+1"],"picked":"blackbeard:DeadlyArsenal","floor":37.0}],"player_experience":426356,"relics_obtained":[{"floor":9.0,"key":"Tiny Chest"},{"floor":11.0,"key":"Bronze Scales"},{"floor":24.0,"key":"Art of War"},{"floor":26.0,"key":"Singing Bowl"},{"floor":38.0,"key":"Nunchaku"}],"event_choices":[{"damage_healed":0.0,"max_hp_gain":0.0,"max_hp_loss":0.0,"gold_gain":0.0,"event_name":"Golden Wing","player_choice":"Ignored","floor":2.0,"gold_loss":0.0,"damage_taken":0.0},{"damage_healed":0.0,"max_hp_gain":0.0,"max_hp_loss":0.0,"gold_gain":75.0,"event_name":"World of Goop","player_choice":"Gather Gold","floor":4.0,"gold_loss":0.0,"damage_taken":11.0},{"damage_healed":18.0,"max_hp_gain":0.0,"max_hp_loss":0.0,"gold_gain":0.0,"event_name":"The Cleric","player_choice":"Healed","floor":5.0,"gold_loss":35.0,"damage_taken":0.0},{"damage_healed":0.0,"max_hp_gain":0.0,"max_hp_loss":0.0,"gold_gain":0.0,"event_name":"Lab","player_choice":"Got Potions","floor":12.0,"gold_loss":0.0,"damage_taken":0.0},{"damage_healed":0.0,"max_hp_gain":0.0,"max_hp_loss":0.0,"gold_gain":0.0,"cards_transformed":["blackbeard:BlackbeardStrike"],"event_name":"Transmorgrifier","player_choice":"Transformed","floor":22.0,"gold_loss":0.0,"damage_taken":0.0,"cards_obtained":["blackbeard:DelayedPain"]},{"cards_removed":["blackbeard:BlackbeardStrike"],"damage_healed":0.0,"max_hp_gain":0.0,"max_hp_loss":0.0,"gold_gain":0.0,"event_name":"betterNote:BetterNote","player_choice":"Give","floor":29.0,"gold_loss":0.0,"damage_taken":0.0,"cards_obtained":["blackbeard:BlackbeardStrike"]},{"damage_healed":0.0,"max_hp_gain":0.0,"max_hp_loss":0.0,"gold_gain":0.0,"event_name":"Tomb of Lord Red Mask","player_choice":"Ignored","floor":36.0,"gold_loss":0.0,"damage_taken":0.0},{"damage_healed":0.0,"max_hp_gain":0.0,"max_hp_loss":0.0,"gold_gain":0.0,"event_name":"Mysterious Sphere","player_choice":"Ignored","floor":39.0,"gold_loss":0.0,"damage_taken":0.0}],"is_beta":false,"boss_relics":[{"not_picked":["SacredBark","Pandora\u0027s Box"],"picked":"Philosopher\u0027s Stone"},{"not_picked":["Runic Dome","blackbeard:Karategi"],"picked":"Fusion Hammer"}],"items_purged_floors":[],"is_endless":false,"potions_floor_spawned":[1,11,20,27,37],"killed_by":"Giant Head","ascension_level":10}}