{"host":"y0g3igjvi2dlgj2k","time":1608388151,"event":{"mods":["BaseMod","Colored Powertips","Defuse TimeMaze Blight","Downfall","Minty Spire (QoL Compilation)","StSLib"],"gold_per_floor":[99,111,126,137,156,167,216,236,247,172,190,204,54,47,61,61,61],"floor_reached":16,"playtime":1124,"items_purged":["hexamod:Strike"],"score":100,"play_id":"7b491498-ed22-4abb-a3cb-116be78679b3","local_time":"20201219152911","is_ascension_mode":false,"campfire_choices":[{"floor":1,"key":"RECALL"},{"floor":10,"key":"REST"}],"circlet_count":0,"master_deck":["hexamod:Strike","hexamod:Strike","hexamod:Strike","hexamod:Defend","hexamod:Defend","hexamod:Defend","hexamod:Defend","hexamod:Sear","hexamod:Float","hexamod:HauntingEcho","hexamod:InspiringFlames","hexamod:DynamicBlow","hexamod:ThirdSeal","hexamod:HeatCrush","hexamod:SecondSeal","hexamod:RadiantFlame","hexamod:FourthSeal","hexamod:ChargedBarrage","hexamod:InspiringFlames","hexamod:SoulSteal","hexamod:TimeOfNeed","hexamod:GhostflameInferno"],"relics":["hexamod:SpiritBrand","Vajra","downfall:HeartBlessingRed"],"acts_visited":["Exordium"],"potions_floor_usage":[12,13,16,16,16],"damage_taken":[{"damage":1,"enemies":"Cultist","floor":2,"turns":3},{"damage":1,"enemies":"Jaw Worm","floor":3,"turns":3},{"damage":7,"enemies":"2 Louse","floor":4,"turns":3},{"damage":15,"enemies":"Large Slime","floor":5,"turns":6},{"damage":5,"enemies":"Red Slaver","floor":6,"turns":4},{"damage":13,"enemies":"Blue Slaver","floor":8,"turns":3},{"damage":6,"enemies":"3 Louse","floor":9,"turns":3},{"damage":20,"enemies":"Gremlin Gang","floor":11,"turns":5},{"damage":17,"enemies":"Lots of Slimes","floor":12,"turns":3},{"damage":0,"enemies":"downfall:FleeingMerchant","floor":13,"turns":4},{"damage":4,"enemies":"downfall:FleeingMerchant","floor":14,"turns":4},{"damage":8,"enemies":"Blue Slaver","floor":15,"turns":4},{"damage":21,"enemies":"downfall:Defect","floor":16,"turns":4}],"seed_played":"-5585326279542920868","potions_obtained":[{"floor":3,"key":"AttackPotion"},{"floor":4,"key":"Explosive Potion"},{"floor":9,"key":"AttackPotion"},{"floor":12,"key":"Energy Potion"},{"floor":13,"key":"Fruit Juice"},{"floor":15,"key":"LiquidBronze"}],"is_trial":false,"path_per_floor":["R","M","M","M","M","M","T","M","M","R","M","M","$","$","M","B"],"character_chosen":"THE_SPIRIT","items_purchased":["hexamod:TimeOfNeed"],"campfire_rested":1,"item_purchase_floors":[13],"current_hp_per_floor":[77,76,75,68,53,48,48,35,29,52,32,15,20,16,8,0,0],"gold":61,"neow_bonus":"TEN_PERCENT_HP_BONUS","is_daily":false,"chose_seed":false,"campfire_upgraded":0,"win_rate":0.0,"timestamp":1608388151,"path_taken":["R","M","M","M","M","M","T","?","M","R","M","M","$","$","M","BOSS"],"items_purchased_type":["Card"],"build_version":"2020-12-13","purchased_purges":1,"victory":false,"max_hp_per_floor":[77,77,77,77,77,77,77,77,77,77,77,77,82,82,82,82,82],"card_choices":[{"not_picked":["hexamod:SpectersWail","hexamod:ThermalTransfer"],"picked":"hexamod:HauntingEcho","floor":2},{"not_picked":["hexamod:DynamicBlow","hexamod:HauntingEcho"],"picked":"hexamod:InspiringFlames","floor":3},{"not_picked":["hexamod:BacktrackSmack","hexamod:FirstSeal"],"picked":"hexamod:DynamicBlow","floor":4},{"not_picked":["hexamod:NecessarySacrifice","hexamod:NightmareStrike"],"picked":"hexamod:ThirdSeal","floor":5},{"not_picked":["hexamod:ShieldOfDarkness","hexamod:ThermalTransfer"],"picked":"hexamod:HeatCrush","floor":6},{"not_picked":["hexamod:AdvancingGuard","hexamod:DynamicBlow"],"picked":"hexamod:SecondSeal","floor":8},{"not_picked":["hexamod:InspiringFlames","hexamod:Hexaguard"],"picked":"hexamod:RadiantFlame","floor":9},{"not_picked":["hexamod:Firestarter","hexamod:Hexaguard"],"picked":"hexamod:FourthSeal","floor":11},{"not_picked":["hexamod:GhostLash","hexamod:BurningTouch"],"picked":"hexamod:ChargedBarrage","floor":11},{"not_picked":["hexamod:ThermalTransfer","hexamod:RecurringNightmare"],"picked":"hexamod:InspiringFlames","floor":12},{"not_picked":["hexamod:RecurringNightmare","hexamod:RainOfEmbers","hexamod:NightmareStrike"],"picked":"SKIP","floor":12},{"not_picked":["hexamod:InspiringFlames","hexamod:RainOfEmbers"],"picked":"hexamod:SoulSteal","floor":13},{"not_picked":["hexamod:TurnItUp","hexamod:Incineration","hexamod:RainOfEmbers"],"picked":"SKIP","floor":13},{"not_picked":["hexamod:ShieldOfDarkness","hexamod:Again"],"picked":"hexamod:GhostflameInferno","floor":14},{"not_picked":["hexamod:SecondSeal","hexamod:BacktrackSmack","hexamod:RetreatToShadows"],"picked":"SKIP","floor":14},{"not_picked":["hexamod:GhostShield","hexamod:ThermalTransfer","hexamod:Firestarter"],"picked":"SKIP","floor":15}],"player_experience":123878,"relics_obtained":[{"floor":7,"key":"Vajra"}],"event_choices":[],"is_beta":false,"boss_relics":[],"items_purged_floors":[13],"is_endless":false,"potions_floor_spawned":[3,4,6,9,11],"killed_by":"downfall:Defect","ascension_level":0}}