{"host":"igi9xpgoc000gxf5","time":1608400822,"event":{"mods":["BaseMod","Colored Powertips","Downfall","Googly Eyes","Minty Spire (QoL Compilation)","StSLib"],"gold_per_floor":[99,99,132,307,51,51,102,102,115,40,40,64,75,15,30,30,30],"floor_reached":16,"playtime":740,"items_purged":[],"score":121,"play_id":"09b2b21f-eec4-4f33-b009-e86e599ca209","local_time":"20201219190022","is_ascension_mode":false,"campfire_choices":[{"data":"sneckomod:SnekBite","floor":1,"key":"SMITH"},{"floor":6,"key":"REST"},{"floor":8,"key":"REST"},{"floor":10,"key":"RECALL"}],"circlet_count":0,"master_deck":["sneckomod:Strike+1","sneckomod:Strike+1","sneckomod:Strike+1","sneckomod:Defend","sneckomod:Defend+1","sneckomod:Defend","sneckomod:TailWhip+1","sneckomod:SnekBite+1","sneckomod:Unknown","sneckomod:Unknown","Regret","sneckomod:Unknown0Cost+1","Doubt","sneckomod:UnknownUncommonSkill","sneckomod:IronFang","sneckomod:UnknownStrike","sneckomod:RainOfDice","sneckomod:SoulRoll","sneckomod:DiceBlock"],"relics":["sneckomod:SneckoSoul","Whetstone","Shuriken","downfall:HeartBlessingBlue","Lantern"],"acts_visited":["Exordium"],"potions_floor_usage":[16,16],"damage_taken":[{"damage":73,"enemies":"3 Sentries","floor":3,"turns":10},{"damage":2,"enemies":"downfall:FleeingMerchant","floor":5,"turns":4},{"damage":5,"enemies":"Jaw Worm","floor":9,"turns":3},{"damage":1,"enemies":"Small Slimes","floor":13,"turns":2},{"damage":5,"enemies":"downfall:FleeingMerchant","floor":14,"turns":4},{"damage":4,"enemies":"2 Louse","floor":15,"turns":2},{"damage":89,"enemies":"downfall:Defect","floor":16,"turns":7}],"seed_played":"-1166556204297973816","potions_obtained":[{"floor":9,"key":"Fire Potion"},{"floor":13,"key":"PowerPotion"},{"floor":15,"key":"Guardian:BlockOnCardUsePotion"}],"is_trial":false,"path_per_floor":["R","?","E","?","$","R","T","R","M","R","?","T","M","$","M","B"],"character_chosen":"THE_SNECKO","items_purchased":["Shuriken","sneckomod:SoulRoll"],"campfire_rested":2,"item_purchase_floors":[5,14],"current_hp_per_floor":[99,99,33,33,32,62,62,92,87,97,97,97,97,92,88,0,0],"gold":30,"neow_bonus":"TEN_PERCENT_HP_BONUS","is_daily":false,"chose_seed":false,"campfire_upgraded":1,"win_rate":0.0,"timestamp":1608400822,"path_taken":["R","?","E","?","$","R","T","R","M","R","?","?","M","?","M","BOSS"],"items_purchased_type":["Relic","Card"],"build_version":"2020-12-13","purchased_purges":0,"victory":false,"max_hp_per_floor":[99,99,100,100,101,101,101,101,101,111,111,111,112,112,112,112,112],"card_choices":[{"not_picked":["sneckomod:SoulRoll","sneckomod:UnknownExhaust"],"picked":"sneckomod:Unknown0Cost","floor":3},{"not_picked":["sneckomod:WideSting","sneckomod:Unknown0Cost"],"picked":"sneckomod:UnknownUncommonSkill","floor":5},{"not_picked":["sneckomod:UnknownCommonSkill","sneckomod:DiceCrush"],"picked":"sneckomod:IronFang","floor":9},{"not_picked":["sneckomod:UnknownCommonSkill","sneckomod:SoulDraw"],"picked":"sneckomod:UnknownStrike","floor":13},{"not_picked":["sneckomod:SoulDraw","sneckomod:UnknownCommonSkill"],"picked":"sneckomod:RainOfDice","floor":14},{"not_picked":["sneckomod:DefensiveFlair","sneckomod:IronFang"],"picked":"sneckomod:DiceBlock","floor":15}],"player_experience":882605,"relics_obtained":[{"floor":3,"key":"Whetstone"},{"floor":12,"key":"Lantern"}],"event_choices":[{"damage_healed":0,"gold_gain":0,"player_choice":"Grow","damage_taken":0,"max_hp_gain":0,"max_hp_loss":0,"event_name":"Living Wall","floor":11,"gold_loss":0,"cards_upgraded":["sneckomod:Unknown0Cost"]}],"is_beta":false,"boss_relics":[],"items_purged_floors":[],"is_endless":false,"potions_floor_spawned":[9,13,15],"killed_by":"downfall:Defect","ascension_level":0}}