{"host":"e1ezmaebp4k769tb","time":1608390796,"event":{"mods":["2.2 Compatiblity","AchievementEnabler","AlwaysNeverKeys","BaseMod","CapriCore","Card Filter","Colored Powertips","Curses Come First","DeckTracker","Friendly Minions","Hermit","Highlight Path","Keyboard Shortcuts","Minty Spire (QoL Compilation)","Permanent Neow","Quick Restart","Red Circlet Mod","Relic Filter","Replay The Spire","StSLib","WarShipGirlsR/??á´Ò³R mod"],"gold_per_floor":[364,80,97,7,25,57,69,69,147,161,182,182,182,182,513,483,483,584,584,602,602,542,114,114,140,140,150,198,231,9,9,43,60,60,161,161,172,184,39,58,78,104,104,117,143,174,192,208,208,241,241,241,241,241,22,49,49],"floor_reached":58,"playtime":3950,"items_purged":["rmod:strick","rmod:strick","Delirium"],"score":1948,"play_id":"e9124d37-f785-45f9-b07b-2b74c19fe9a1","local_time":"20201220001316","is_ascension_mode":true,"campfire_choices":[{"floor":8,"key":"REST"},{"data":"rmod:diamondstrike","floor":12,"key":"SMITH"},{"floor":17,"key":"REST"},{"data":"rmod:expeditionaryescort","floor":26,"key":"SMITH"},{"data":"Apotheosis","floor":31,"key":"SMITH"},{"data":"rmod:steelsupply","floor":34,"key":"SMITH"},{"floor":49,"key":"REST"},{"floor":51,"key":"REST"},{"data":"rmod:basicallowance","floor":54,"key":"SMITH"}],"circlet_count":0,"master_deck":["AscendersBane","rmod:defend","rmod:defend","rmod:basicallowance+1","rmod:maingunfire","rmod:victimresponsibility+1","rmod:aluminumsupply+1","rmod:diaomin+1","rmod:supportescort","rmod:aluminumsupply+1","rmod:overbreakdown","rmod:diamondstrike+1","rmod:firesupport","rmod:overbreakdown","rmod:expeditionaryescort+1","rmod:advancebysurprise","rmod:steelsupply+1","rmod:stealaluminum","rmod:firesupport+1","Apotheosis+1","rmod:smokecover","rmod:fuelsupply","rmod:intelligenceanalysis+1","rmod:seals","rmod:diaomin+1","rmod:wasp+1","rmod:royalracing+1","rmod:wasp+1"],"relics":["rmod:firstchargereward","Oddly Smooth Stone","Replay:Bottled Eggs","Kunai","Odd Mushroom","Old Coin","ReplayTheSpireMod:DimensionalGlitch","Sling","War Paint","Letter Opener","Happy Flower","Onion Ring","ReplayTheSpireMod:CursedCoin","Simple Rune","Replay:Drink Me","Orrery","Anchor","Vajra","TungstenRod","Orichalcum","HandDrill","Bag of Marbles"],"acts_visited":["Exordium","TheCity","TheBeyond","TheEnding"],"potions_floor_usage":[6,11,15,15,17,18,18,20,25,25,25,29,29,52,56,57,57],"damage_taken":[{"damage":5,"enemies":"Small Slimes","floor":1,"turns":4},{"damage":1,"enemies":"2 Louse","floor":3,"turns":3},{"damage":7,"enemies":"Jaw Worm","floor":5,"turns":5},{"damage":32,"enemies":"3 Sentries","floor":6,"turns":12},{"damage":0,"enemies":"Large Slime","floor":7,"turns":8},{"damage":0,"enemies":"3 Louse","floor":10,"turns":5},{"damage":5,"enemies":"The Mushroom Lair","floor":11,"turns":6},{"damage":12,"enemies":"Gremlin Nob","floor":15,"turns":2},{"damage":6,"enemies":"Slime Boss","floor":18,"turns":9},{"damage":12,"enemies":"3 Byrds","floor":20,"turns":7},{"damage":5,"enemies":"Replay:Snechameleon","floor":25,"turns":5},{"damage":0,"enemies":"Chosen","floor":27,"turns":6},{"damage":17,"enemies":"Gremlin Leader","floor":29,"turns":6},{"damage":0,"enemies":"Replay:Snechameleon","floor":32,"turns":6},{"damage":9,"enemies":"Snecko","floor":33,"turns":8},{"damage":8,"enemies":"Champ","floor":35,"turns":9},{"damage":0,"enemies":"3 Darklings","floor":37,"turns":4},{"damage":0,"enemies":"Orb Walker","floor":38,"turns":2},{"damage":0,"enemies":"Spire Growth","floor":40,"turns":6},{"damage":12,"enemies":"3 Darklings","floor":41,"turns":5},{"damage":9,"enemies":"Giant Head","floor":42,"turns":6},{"damage":1,"enemies":"Jaw Worm Horde","floor":44,"turns":5},{"damage":0,"enemies":"R_Hoarder","floor":46,"turns":7},{"damage":0,"enemies":"Transient","floor":47,"turns":5},{"damage":18,"enemies":"Spire Growth","floor":48,"turns":4},{"damage":0,"enemies":"Nemesis","floor":50,"turns":3},{"damage":6,"enemies":"Awakened One","floor":52,"turns":8},{"damage":4,"enemies":"Shield and Spear","floor":56,"turns":6},{"damage":54,"enemies":"The Heart","floor":57,"turns":8}],"seed_played":"-3909262889451722441","potions_obtained":[{"floor":1,"key":"BlessingOfTheForge"},{"floor":7,"key":"EntropicBrew"},{"floor":10,"key":"AttackPotion"},{"floor":11,"key":"SkillPotion"},{"floor":24,"key":"AttackPotion"},{"floor":24,"key":"LiquidMemories"},{"floor":24,"key":"Regen Potion"},{"floor":25,"key":"Fire Potion"},{"floor":27,"key":"Block Potion"},{"floor":33,"key":"Block Potion"},{"floor":37,"key":"SkillPotion"},{"floor":40,"key":"DistilledChaos"},{"floor":41,"key":"FairyPotion"},{"floor":56,"key":"Swift Potion"}],"is_trial":false,"path_per_floor":["M","$","M","$","M","E","M","R","T","M","?","R","PTL","PTL","E","?","R","B",null,"M","?","?","$","?","E","R","M","T","E","$","R","E","M","R","B",null,"M","M","$","M","M","E","?","M","T","E","M","M","R","E","R","B",null,"R","$","E","B",null],"character_chosen":"PRAEFECT","items_purchased":["Oddly Smooth Stone","rmod:aluminumsupply","Death Potion","Sling","War Paint","rmod:steelsupply","ReplayTheSpireMod:CursedCoin","Apotheosis","rmod:smokecover","rmod:fuelsupply","Orrery","HandDrill","LiquidMemories"],"campfire_rested":4,"item_purchase_floors":[2,2,4,23,23,23,30,30,30,30,39,55,55],"current_hp_per_floor":[45,45,44,44,37,5,5,27,27,27,22,22,22,22,10,10,32,26,63,51,51,51,51,51,54,54,54,54,37,37,37,37,28,28,20,48,48,48,48,48,36,27,27,26,26,26,26,8,25,25,42,36,52,52,52,48,8],"gold":49,"neow_bonus":"TWO_FIFTY_GOLD","is_daily":false,"chose_seed":false,"campfire_upgraded":5,"win_rate":0.0,"timestamp":1608390796,"path_taken":["M","$","M","$","M","E","M","R","T","M","?","R","PTL","PTL","E","?","R","BOSS","M","?","?","$","?","E","R","?","T","E","$","R","E","M","R","BOSS","M","M","$","M","M","E","?","M","T","E","M","?","R","E","R","BOSS","R","$","E","BOSS"],"items_purchased_type":["Relic","Card","Potion","Relic","Relic","Card","Relic","Card","Card","Card","Relic","Relic","Potion"],"build_version":"2020-12-13","purchased_purges":3,"victory":true,"max_hp_per_floor":[75,75,75,75,75,75,75,75,75,75,75,75,75,75,75,75,75,75,75,75,75,75,75,75,75,75,75,75,75,75,75,75,75,75,75,57,57,57,57,57,57,57,57,57,57,57,57,57,57,57,57,57,57,57,57,57,57],"card_choices":[{"not_picked":["rmod:shuttlebombing","rmod:luckystar"],"picked":"rmod:victimresponsibility","floor":1},{"not_picked":["rmod:aviationdawn","rmod:victimresponsibility"],"picked":"rmod:diaomin","floor":3},{"not_picked":["rmod:luckystar","rmod:tearstotiara"],"picked":"rmod:supportescort","floor":5},{"not_picked":["rmod:circuitoustactics","rmod:spoils","rmod:secretscript"],"picked":"SKIP","floor":6},{"not_picked":["rmod:intelligenceanalysis","rmod:sl"],"picked":"rmod:aluminumsupply","floor":7},{"not_picked":["rmod:fuelsupply","rmod:aluminumsupply"],"picked":"rmod:overbreakdown","floor":10},{"not_picked":["rmod:sl","rmod:tearstotiara"],"picked":"rmod:diamondstrike","floor":11},{"not_picked":["rmod:overbreakdown","rmod:tearstotiara"],"picked":"rmod:firesupport","floor":15},{"not_picked":[],"picked":"rmod:overbreakdown","floor":16},{"not_picked":["rmod:auspiciousomen","rmod:fletcher"],"picked":"rmod:expeditionaryescort","floor":18},{"not_picked":["rmod:wife","rmod:tearstotiara"],"picked":"rmod:advancebysurprise","floor":20},{"not_picked":["rmod:capitalist","rmod:steelsupply"],"picked":"rmod:stealaluminum","floor":25},{"not_picked":["rmod:combined","rmod:bulid"],"picked":"rmod:firesupport+1","floor":27},{"not_picked":["rmod:tearstotiara","rmod:ammunitionsupply+1","rmod:fletcherpendant"],"picked":"SKIP","floor":29},{"not_picked":["rmod:highspeedmaneuver","rmod:chargemoney","rmod:generalist"],"picked":"SKIP","floor":32},{"not_picked":["rmod:fuelsupply","rmod:victimresponsibility+1","rmod:wife"],"picked":"SKIP","floor":33},{"not_picked":["rmod:fuelsupply+1","rmod:steelsupply"],"picked":"rmod:intelligenceanalysis+1","floor":37},{"not_picked":["rmod:diamondstrike","rmod:chargemoney","rmod:smokecover"],"picked":"SKIP","floor":38},{"not_picked":["rmod:circuitoustactics","rmod:firesupport"],"picked":"rmod:seals","floor":39},{"not_picked":["rmod:launchingtorpedo+1","rmod:ammunitionsupply"],"picked":"rmod:diaomin+1","floor":39},{"not_picked":["rmod:luckystar+1","rmod:expedition","rmod:goodfighter"],"picked":"SKIP","floor":40},{"not_picked":["rmod:fletcher","rmod:fuelsupply","rmod:circuitoustactics"],"picked":"SKIP","floor":41},{"not_picked":["rmod:intelligenceanalysis+1","rmod:steelsupply+1"],"picked":"rmod:wasp+1","floor":42},{"not_picked":["rmod:auspiciousomen","rmod:intelligenceanalysis"],"picked":"rmod:royalracing+1","floor":44},{"not_picked":["rmod:goodfighter","rmod:bulid"],"picked":"rmod:wasp+1","floor":46},{"not_picked":["rmod:intelligenceanalysis","rmod:fletcherpendant","rmod:ring"],"picked":"SKIP","floor":47},{"not_picked":["rmod:aggressivemary","rmod:wasp+1","rmod:fletcherpendant+1"],"picked":"SKIP","floor":48},{"not_picked":["rmod:gendarmerie+1","rmod:supportescort","rmod:unsinkable+1"],"picked":"SKIP","floor":50},{"not_picked":["rmod:victimresponsibility","rmod:garrisonisland+1","rmod:diamondstrike+1"],"picked":"SKIP","floor":56}],"player_experience":112677,"relics_obtained":[{"floor":6,"key":"Replay:Bottled Eggs"},{"floor":9,"key":"Kunai"},{"floor":11,"key":"Odd Mushroom"},{"floor":15,"key":"Old Coin"},{"floor":25,"key":"Letter Opener"},{"floor":28,"key":"Happy Flower"},{"floor":29,"key":"Onion Ring"},{"floor":32,"key":"Simple Rune"},{"floor":42,"key":"Anchor"},{"floor":45,"key":"Vajra"},{"floor":46,"key":"TungstenRod"},{"floor":50,"key":"Orichalcum"},{"floor":56,"key":"Bag of Marbles"}],"event_choices":[{"damage_healed":0,"gold_gain":0,"player_choice":"Fought Mushrooms","damage_taken":0,"max_hp_gain":0,"max_hp_loss":0,"event_name":"Mushrooms","floor":11,"gold_loss":0},{"cards_removed":["rmod:defend"],"damage_healed":0,"gold_gain":0,"player_choice":"Elegance","damage_taken":0,"max_hp_gain":0,"max_hp_loss":0,"event_name":"Back to Basics","floor":21,"gold_loss":0},{"damage_healed":0,"gold_gain":0,"player_choice":"Got Potions","damage_taken":0,"max_hp_gain":0,"max_hp_loss":0,"event_name":"Lab","floor":24,"gold_loss":0},{"damage_healed":0,"gold_gain":0,"player_choice":"Forge","damage_taken":0,"max_hp_gain":0,"max_hp_loss":0,"event_name":"Accursed Blacksmith","floor":43,"gold_loss":0,"cards_upgraded":["rmod:diaomin"]}],"is_beta":false,"boss_relics":[{"not_picked":["SacredBark","Ring of Chaos"],"picked":"ReplayTheSpireMod:DimensionalGlitch"},{"not_picked":["Abe\u0027s Treasure","Cursed Key"],"picked":"Replay:Drink Me"}],"items_purged_floors":[2,23,30],"is_endless":false,"potions_floor_spawned":[1,7,10,11,15,25,27,33,37,40,41,50,56],"ascension_level":10}}