{"host":"t7mx8yfj1no5p62f","time":1608410061,"event":{"mods":["BaseMod","Colored Map","Colored Powertips","Filter the Spire","Minty Spire (QoL Compilation)","Relic Stats","StSLib"],"gold_per_floor":[110,110,129,143,160,160,235,265,265,294,166,184,184,219,219,291,291,301,301,52,69,87,87,121,121,145,145,159,177,197,228,228,305,305,316,331,346,360,371,402,402,434,510,510,535,535,561,587,587,587,587,587,587,205,230,230],"floor_reached":57,"playtime":2997,"items_purged":["Strike_R","Pain","Strike_R"],"score":2904,"play_id":"a1eba3d9-3b27-4edf-a7a4-908407c403b0","local_time":"20201219153421","is_ascension_mode":true,"campfire_choices":[{"data":"Fire Breathing","floor":6,"key":"SMITH"},{"data":"Carnage","floor":15,"key":"SMITH"},{"data":"Shockwave","floor":23,"key":"SMITH"},{"data":"Demon Form","floor":27,"key":"SMITH"},{"data":"Disarm","floor":32,"key":"SMITH"},{"data":"Feel No Pain","floor":41,"key":"SMITH"},{"data":"Disarm","floor":44,"key":"SMITH"},{"data":"Second Wind","floor":46,"key":"SMITH"},{"floor":49,"key":"RECALL"},{"data":"Power Through","floor":53,"key":"SMITH"}],"circlet_count":0,"master_deck":["AscendersBane","Defend_R","Defend_R","Defend_R","Defend_R","Bash","Spot Weakness","Shockwave+1","Power Through","Second Wind+1","Carnage+1","Sword Boomerang","Evolve","Carnage","Reaper","Feel No Pain+1","Disarm+1","Body Slam+1","Demon Form+1","Power Through+1","Disarm+1","Limit Break","Feed","Pummel+1","True Grit+1","Armaments+1","Disarm","Exhume","Pummel"],"relics":["Snecko Eye","Bag of Marbles","MealTicket","Kunai","Smiling Mask","Coffee Dripper","WarpedTongs","Oddly Smooth Stone","Strawberry","Ginger","Empty Cage","CaptainsWheel","Bottled Flame","Calipers","Happy Flower","Mummified Hand","Centennial Puzzle","Boot"],"acts_visited":["Exordium","TheCity","TheBeyond","TheEnding"],"potions_floor_usage":[5,12,50,56,56],"damage_taken":[{"damage":3,"enemies":"2 Louse","floor":1,"turns":3},{"damage":0,"enemies":"Jaw Worm","floor":3,"turns":3},{"damage":0,"enemies":"Small Slimes","floor":4,"turns":3},{"damage":9,"enemies":"Gremlin Gang","floor":5,"turns":4},{"damage":34,"enemies":"Lagavulin","floor":8,"turns":8},{"damage":7,"enemies":"3 Sentries","floor":10,"turns":4},{"damage":0,"enemies":"Exordium Wildlife","floor":12,"turns":4},{"damage":5,"enemies":"Lagavulin","floor":14,"turns":6},{"damage":0,"enemies":"Slime Boss","floor":16,"turns":4},{"damage":11,"enemies":"Spheric Guardian","floor":18,"turns":3},{"damage":29,"enemies":"2 Thieves","floor":21,"turns":4},{"damage":4,"enemies":"Chosen and Byrds","floor":22,"turns":7},{"damage":21,"enemies":"Book of Stabbing","floor":24,"turns":5},{"damage":0,"enemies":"Centurion and Healer","floor":28,"turns":4},{"damage":3,"enemies":"Snecko","floor":29,"turns":4},{"damage":22,"enemies":"Sentry and Sphere","floor":30,"turns":5},{"damage":16,"enemies":"Gremlin Leader","floor":31,"turns":5},{"damage":4,"enemies":"Champ","floor":33,"turns":7},{"damage":8,"enemies":"Orb Walker","floor":35,"turns":4},{"damage":18,"enemies":"3 Darklings","floor":36,"turns":10},{"damage":28,"enemies":"Jaw Worm Horde","floor":37,"turns":6},{"damage":20,"enemies":"Transient","floor":38,"turns":6},{"damage":5,"enemies":"Maw","floor":39,"turns":8},{"damage":75,"enemies":"Reptomancer","floor":40,"turns":8},{"damage":30,"enemies":"Giant Head","floor":42,"turns":7},{"damage":3,"enemies":"Mind Bloom Boss Battle","floor":45,"turns":7},{"damage":77,"enemies":"Reptomancer","floor":48,"turns":9},{"damage":23,"enemies":"Donu and Deca","floor":50,"turns":8},{"damage":48,"enemies":"Awakened One","floor":51,"turns":13},{"damage":78,"enemies":"Shield and Spear","floor":55,"turns":6},{"damage":67,"enemies":"The Heart","floor":56,"turns":8}],"seed_played":"-7345386227893576403","potions_obtained":[{"floor":1,"key":"ColorlessPotion"},{"floor":5,"key":"Ancient Potion"},{"floor":8,"key":"Block Potion"},{"floor":16,"key":"SmokeBomb"},{"floor":21,"key":"PowerPotion"}],"is_trial":false,"path_per_floor":["M","?","M","M","M","R","?","E","T","E","$","M","?","E","R","B",null,"M","?","$","M","M","R","E","?","T","R","M","M","M","E","R","B",null,"M","M","M","M","M","E","R","E","T","R","?","R","T","E","R","B","B",null,"R","$","E","B",null],"character_chosen":"IRONCLAD","items_purchased":["Sword Boomerang","Feel No Pain","Disarm","DuplicationPotion","Centennial Puzzle","LiquidBronze","Pummel"],"campfire_rested":0,"item_purchase_floors":[11,20,20,20,54,54,54],"current_hp_per_floor":[65,65,65,65,56,56,45,11,11,4,19,19,19,14,14,14,60,55,55,70,49,51,51,42,75,82,82,82,79,57,74,74,82,82,86,83,68,60,97,91,91,97,97,97,101,101,101,30,30,64,107,107,107,107,71,39],"gold":230,"neow_bonus":"BOSS_RELIC","is_daily":false,"chose_seed":false,"campfire_upgraded":9,"win_rate":0.0,"timestamp":1608410061,"path_taken":["M","?","M","M","M","R","?","E","T","E","$","M","?","E","R","BOSS","M","?","$","?","M","R","E","?","T","R","M","M","M","E","R","BOSS","M","M","?","M","M","E","R","E","T","R","?","R","?","E","R","BOSS","BOSS","R","$","E","BOSS"],"items_purchased_type":["Card","Card","Card","Potion","Relic","Potion","Card"],"build_version":"2020-12-13","purchased_purges":3,"victory":true,"max_hp_per_floor":[75,75,75,75,75,75,75,75,75,75,75,75,75,75,75,75,75,75,75,75,75,75,75,75,75,82,82,82,82,82,82,82,82,82,86,90,93,93,97,97,97,97,97,97,101,101,101,104,104,107,107,107,107,107,107,107],"relic_stats":{"Centennial Puzzle":[6],"Happy Flower":[14],"counters":[31,183],"Mummified Hand":[25],"Snecko Eye":[293,295,306,318],"MealTicket":30,"Kunai":[19],"Ginger":[13],"Smiling Mask":125,"Boot":[4],"obtain_stats":[{"Calipers":45,"Happy Flower":47,"Oddly Smooth Stone":24,"Ginger":31,"Smiling Mask":14,"Empty Cage":34,"Boot":55,"Burning Blood":0,"WarpedTongs":19,"CaptainsWheel":40,"Bottled Flame":42,"Centennial Puzzle":54,"Mummified Hand":48,"Strawberry":26,"Snecko Eye":0,"MealTicket":9,"Bag of Marbles":8,"Coffee Dripper":17,"Kunai":10},{"Calipers":26,"Happy Flower":26,"Oddly Smooth Stone":13,"Ginger":17,"Smiling Mask":8,"Empty Cage":18,"Boot":30,"Burning Blood":0,"WarpedTongs":10,"CaptainsWheel":24,"Bottled Flame":25,"Centennial Puzzle":29,"Mummified Hand":27,"Strawberry":13,"Snecko Eye":0,"MealTicket":5,"Bag of Marbles":5,"Coffee Dripper":9,"Kunai":6},{"Calipers":139,"Happy Flower":139,"Oddly Smooth Stone":58,"Ginger":76,"Smiling Mask":35,"Empty Cage":83,"Boot":175,"Burning Blood":0,"WarpedTongs":42,"CaptainsWheel":125,"Bottled Flame":132,"Centennial Puzzle":169,"Mummified Hand":148,"Strawberry":58,"Snecko Eye":0,"MealTicket":21,"Bag of Marbles":21,"Coffee Dripper":39,"Kunai":25}],"WarpedTongs":[136]},"card_choices":[{"not_picked":["Headbutt","Iron Wave"],"picked":"Spot Weakness","floor":1},{"not_picked":["Shrug It Off","Armaments"],"picked":"Power Through","floor":3},{"not_picked":["Rupture","Sword Boomerang"],"picked":"Second Wind","floor":4},{"not_picked":["Pummel","Metallicize"],"picked":"Fire Breathing","floor":5},{"not_picked":["Flex","Entrench"],"picked":"Carnage","floor":8},{"not_picked":["Infernal Blade","Wild Strike","Searing Blow"],"picked":"SKIP","floor":10},{"not_picked":["Seeing Red","Sever Soul"],"picked":"Evolve","floor":12},{"not_picked":["Body Slam","Evolve"],"picked":"Carnage","floor":14},{"not_picked":["Bludgeon","Offering"],"picked":"Reaper","floor":16},{"not_picked":["Pommel Strike","Sentinel","Clothesline"],"picked":"SKIP","floor":18},{"not_picked":["Dropkick","Headbutt"],"picked":"Body Slam+1","floor":21},{"not_picked":["Flex","Clash","Anger"],"picked":"SKIP","floor":22},{"not_picked":["Shrug It Off","Anger+1"],"picked":"Demon Form","floor":24},{"not_picked":["Wild Strike","Uppercut","Combust"],"picked":"SKIP","floor":28},{"not_picked":["Armaments","Twin Strike"],"picked":"Power Through","floor":29},{"not_picked":["Cleave","Dropkick"],"picked":"Disarm","floor":30},{"not_picked":["Twin Strike","Offering"],"picked":"Limit Break","floor":31},{"not_picked":["Immolate","Brutality"],"picked":"Feed","floor":33},{"not_picked":["Clothesline","Twin Strike","Flex"],"picked":"SKIP","floor":35},{"not_picked":["Second Wind","Shrug It Off"],"picked":"Pummel+1","floor":36},{"not_picked":["Combust+1","True Grit","Anger"],"picked":"SKIP","floor":37},{"not_picked":["Thunderclap","Berserk","Inflame+1"],"picked":"SKIP","floor":38},{"not_picked":["Wild Strike+1","Carnage"],"picked":"True Grit+1","floor":39},{"not_picked":["Clash","Entrench"],"picked":"Armaments+1","floor":40},{"not_picked":["True Grit","Evolve+1"],"picked":"Disarm","floor":42},{"not_picked":["Warcry","Twin Strike"],"picked":"Exhume","floor":48},{"not_picked":["True Grit","Body Slam","Havoc"],"picked":"SKIP","floor":55}],"player_experience":1570490,"relics_obtained":[{"floor":8,"key":"Bag of Marbles"},{"floor":9,"key":"MealTicket"},{"floor":10,"key":"Kunai"},{"floor":14,"key":"Smiling Mask"},{"floor":24,"key":"Oddly Smooth Stone"},{"floor":26,"key":"Strawberry"},{"floor":31,"key":"Ginger"},{"floor":40,"key":"CaptainsWheel"},{"floor":42,"key":"Bottled Flame"},{"floor":45,"key":"Calipers"},{"floor":47,"key":"Happy Flower"},{"floor":48,"key":"Mummified Hand"},{"floor":55,"key":"Boot"}],"event_choices":[{"damage_healed":0,"gold_gain":0,"cards_transformed":["Strike_R"],"player_choice":"Change","damage_taken":0,"max_hp_gain":0,"max_hp_loss":0,"event_name":"Living Wall","floor":2,"gold_loss":0,"cards_obtained":["Shockwave"]},{"damage_healed":0,"gold_gain":75,"player_choice":"Gather Gold","damage_taken":11,"max_hp_gain":0,"max_hp_loss":0,"event_name":"World of Goop","floor":7,"gold_loss":0},{"damage_healed":0,"gold_gain":0,"player_choice":"Ignored","damage_taken":0,"max_hp_gain":0,"max_hp_loss":0,"event_name":"Liars Game","floor":13,"gold_loss":0},{"damage_healed":0,"gold_gain":0,"player_choice":"Rummage","damage_taken":0,"relics_obtained":["WarpedTongs"],"max_hp_gain":0,"max_hp_loss":0,"event_name":"Accursed Blacksmith","floor":19,"gold_loss":0,"cards_obtained":["Pain"]},{"cards_removed":["Fire Breathing"],"damage_healed":33,"gold_gain":0,"player_choice":"Offered Uncommon","damage_taken":0,"max_hp_gain":0,"max_hp_loss":0,"event_name":"Bonfire Elementals","floor":25,"gold_loss":0},{"damage_healed":0,"gold_gain":0,"player_choice":"Fight","damage_taken":0,"max_hp_gain":0,"max_hp_loss":0,"event_name":"MindBloom","floor":45,"gold_loss":0}],"is_beta":false,"boss_relics":[{"not_picked":["Velvet Choker","Calling Bell"],"picked":"Coffee Dripper"},{"not_picked":["Sozu","SacredBark"],"picked":"Empty Cage"}],"items_purged_floors":[11,20,54],"is_endless":false,"potions_floor_spawned":[1,5,8,16,21,22,28,30,31,36,38,42,48],"ascension_level":20}}