{"host":"7cfzm0fn42wwm7gf","time":1608362601,"event":{"mods":["Alarm Clock","BaseMod","Colored Powertips","Highlight Path","Minty Spire (QoL Compilation)","Quick Restart","Relic Stats","Waifu the Spire"],"gold_per_floor":[110,285,300,44,61,61,96,96,96,22,22,22,22,22],"floor_reached":13,"playtime":434,"items_purged":["Doubt"],"score":138,"play_id":"d405d874-e00f-41fa-b466-ff29c5d15332","local_time":"20201219152321","is_ascension_mode":true,"campfire_choices":[{"data":"Well Laid Plans","floor":6.0,"key":"SMITH"},{"data":"Neutralize","floor":8.0,"key":"SMITH"},{"data":"Calculated Gamble","floor":12,"key":"SMITH"}],"circlet_count":0,"master_deck":["AscendersBane","Strike_G","Strike_G","Strike_G","Strike_G","Strike_G","Defend_G","Defend_G","Defend_G","Defend_G","Defend_G","Survivor","Neutralize+1","Acrobatics","Deadly Poison","Well Laid Plans+1","Escape Plan","Calculated Gamble+1","Parasite"],"relics":["Ring of the Snake","Toolbox","Darkstone Periapt","Pocketwatch"],"acts_visited":["Exordium"],"potions_floor_usage":[13],"damage_taken":[{"damage":3.0,"enemies":"Cultist","floor":1.0,"turns":4.0},{"damage":1.0,"enemies":"Small Slimes","floor":3.0,"turns":5.0},{"damage":2.0,"enemies":"Jaw Worm","floor":5.0,"turns":5.0},{"damage":14.0,"enemies":"3 Sentries","floor":7.0,"turns":7.0},{"damage":0,"enemies":"Lagavulin","floor":13,"turns":3}],"seed_played":"-4582694273116733955","potions_obtained":[{"floor":3.0,"key":"Weak Potion"},{"floor":7.0,"key":"Weak Potion"}],"is_trial":false,"path_per_floor":["M","?","M","$","M","R","E","R","T","$","?","R","E"],"character_chosen":"THE_SILENT","items_purchased":["Toolbox","Well Laid Plans","Calculated Gamble"],"campfire_rested":0,"item_purchase_floors":[4,4,10],"current_hp_per_floor":[62,62,61,61,59,59,45,45,45,45,69,69,69,69],"gold":22,"neow_bonus":"TEN_PERCENT_HP_BONUS","is_daily":false,"chose_seed":false,"campfire_upgraded":3,"win_rate":0.0,"timestamp":1608362601,"path_taken":["M","?","M","$","M","R","E","R","T","$","?","R","E"],"items_purchased_type":["Relic","Card","Card"],"build_version":"2020-12-13","purchased_purges":1,"victory":false,"max_hp_per_floor":[72,72,72,72,72,72,72,72,72,72,78,78,78,78],"relic_stats":{"Darkstone Periapt":6,"counters":[5,24],"obtain_stats":[{"Darkstone Periapt":7,"Toolbox":4,"Ring of the Snake":0,"Pocketwatch":9},{"Darkstone Periapt":4,"Toolbox":2,"Ring of the Snake":0,"Pocketwatch":4},{"Darkstone Periapt":21,"Toolbox":9,"Ring of the Snake":0,"Pocketwatch":21}],"Ring of the Snake":[10],"Pocketwatch":[0]},"card_choices":[{"not_picked":["Sucker Punch","Eviscerate"],"picked":"Acrobatics","floor":1.0},{"not_picked":["Blur","Dagger Throw"],"picked":"Deadly Poison","floor":3.0},{"not_picked":["Finisher","Skewer"],"picked":"Escape Plan","floor":5.0},{"not_picked":["Poisoned Stab","Slice","Noxious Fumes"],"picked":"SKIP","floor":7.0}],"player_experience":105273,"relics_obtained":[{"floor":7.0,"key":"Darkstone Periapt"},{"floor":9.0,"key":"Pocketwatch"}],"event_choices":[{"damage_healed":0.0,"max_hp_gain":0.0,"max_hp_loss":0.0,"gold_gain":175.0,"event_name":"Liars Game","player_choice":"AGREE","floor":2.0,"gold_loss":0.0,"damage_taken":0.0,"cards_obtained":["Doubt"]},{"damage_healed":18,"gold_gain":0,"player_choice":"Healed and dodged fight","damage_taken":0,"max_hp_gain":0,"max_hp_loss":0,"event_name":"Mushrooms","floor":11,"gold_loss":0,"cards_obtained":["Parasite"]}],"is_beta":false,"boss_relics":[],"items_purged_floors":[4],"is_endless":false,"potions_floor_spawned":[3,7],"killed_by":"Lagavulin","ascension_level":14}}