{"host":"xodzlm10r37577ou","time":1608386130,"event":{"mods":["Act Like it!","BaseMod","Gensokyo","Koishi","KomeijiMod","Marisa£¨ìFÓê¡¡Ä§ÀíÉ³£©","Minty Spire (QoL Compilation)","Reimu£¨²©ÀöÁéÃÎ£©","Remilia£¨ÀÙÃ×ÀòÑÇ£©","Replay The Spire","StSLib","The Administrix","The Servant 0.9.4","Youmu£¨»êÆÇÑýÃÎ£©","¡¾¶«·½¶þ´Î´´×÷¡¿°ËÔÆ×Ïmod"],"gold_per_floor":[137,137,137,155,7,7,7,18,42,55,55,83,96,126,126,231,231,251,7,7,23,41,41,54,54,54,54,54],"floor_reached":27,"playtime":1419,"items_purged":[],"score":213,"play_id":"23510ed6-6d54-401e-a1d1-5fb88fa2f941","local_time":"20201219215530","is_ascension_mode":false,"campfire_choices":[{"data":"Realm_recovery_purpleEX","floor":6,"key":"SMITH"},{"data":"PositiveMatter_Antimatter_Universe_purple","floor":11,"key":"SMITH"},{"data":"Fancifulhole_purple","floor":15,"key":"SMITH"},{"data":"Theboundaryofcreation_purpleEX","floor":23,"key":"SMITH"},{"data":"Mirror_TwoAndThreeElementRealm_purple","floor":25,"key":"SMITH"}],"circlet_count":0,"master_deck":["AT_purpleEX","AT_purpleEX","AT_purpleEX","Defend_purpleEX","Defend_purpleEX","Defend_purpleEX","Observe_purple_1","Observe_purple_2","SfantasyHide_purple","Mirror_TwoAndThreeElementRealm_purple+1","Realm_recovery_purpleEX+1","OpenedBox_purple","PositiveMatter_Antimatter_Universe_purple+1","Worldmountain_purple","EighthInstrument_OneDividesIntoTwo_purple","Fancifulhole_purple+1","Theboundaryofcreation_purpleEX+1","Shallow_ocean_purpleEX","Fancifulhole_purple"],"relics":["Boundary_crack","Memoryfragments_purpleEX","NeowsBlessing","TentaclePot:ReiMu","Oddly Smooth Stone","Eternal Feather","Odd Mushroom","Empty Cage","Sundial","CrazyTorch:ReiMu"],"acts_visited":["Exordium","TheCity"],"potions_floor_usage":[12,12],"damage_taken":[{"damage":0,"enemies":"Jaw Worm","floor":1,"turns":1},{"damage":0,"enemies":"Cultist","floor":4,"turns":1},{"damage":0,"enemies":"Small Slimes","floor":8,"turns":1},{"damage":16,"enemies":"3 Louse","floor":10,"turns":3},{"damage":22,"enemies":"Gremlin Nob","floor":12,"turns":3},{"damage":0,"enemies":"2 Fungi Beasts","floor":13,"turns":3},{"damage":15,"enemies":"The Mushroom Lair","floor":14,"turns":3},{"damage":23,"enemies":"The Guardian","floor":16,"turns":9},{"damage":28,"enemies":"Chosen","floor":18,"turns":5},{"damage":15,"enemies":"Shell Parasite","floor":21,"turns":5},{"damage":35,"enemies":"Snecko","floor":22,"turns":6},{"damage":20,"enemies":"Cultist and Chosen","floor":24,"turns":6},{"damage":6,"enemies":"Centurion and Healer","floor":27,"turns":2}],"seed_played":"-779451188830151786","potions_obtained":[{"floor":1,"key":"Fire Potion"},{"floor":8,"key":"AttackPotion"},{"floor":16,"key":"Strength Potion"},{"floor":22,"key":"BlessingOfTheForge"},{"floor":24,"key":"Strength Potion"}],"is_trial":false,"path_per_floor":["M","?","?","M","$","R","$","M","T","M","R","E","M","?","R","B",null,"M","$","?","M","M","R","M","R","T","M"],"character_chosen":"Youkari","items_purchased":["TentaclePot:ReiMu","Sundial"],"campfire_rested":0,"item_purchase_floors":[5,19],"current_hp_per_floor":[70,70,70,70,70,70,70,70,70,56,56,38,39,24,33,12,73,47,47,62,54,19,28,13,22,22,24,24],"gold":54,"neow_bonus":"THREE_ENEMY_KILL","is_daily":false,"chose_seed":false,"campfire_upgraded":5,"win_rate":0.0,"timestamp":1608386130,"path_taken":["M","?","?","?","?","R","?","M","T","?","R","E","M","?","R","BOSS","M","$","?","M","M","R","M","R","T","M"],"items_purchased_type":["Relic","Relic"],"build_version":"2020-12-13","purchased_purges":0,"victory":false,"max_hp_per_floor":[70,70,70,70,70,70,70,70,70,70,70,73,73,73,73,73,73,73,73,73,73,73,73,73,73,73,73,73],"card_choices":[{"not_picked":["Shallow_ocean_purpleEX","Boundary_DynamicStaticEquilibrium_purple"],"picked":"SfantasyHide_purple","floor":1},{"not_picked":["AdvanceAttack_purple","Line_surface_state_purple"],"picked":"Realm_recovery_purpleEX","floor":4},{"not_picked":["Boundary_LightAndDark_purple","Boundary_DynamicStaticEquilibrium_purple"],"picked":"OpenedBox_purple","floor":8},{"not_picked":["ExternalForce_HighSpeedFlying_purple","DarkRealmRedLine_purple"],"picked":"PositiveMatter_Antimatter_Universe_purple","floor":10},{"not_picked":["MNeedle_purple","Bait_Toxicbait_purple"],"picked":"Worldmountain_purple","floor":12},{"not_picked":["RuleDissolution_purple","SharpContractionReality_purple"],"picked":"EighthInstrument_OneDividesIntoTwo_purple","floor":13},{"not_picked":["EighthInstrument_OneDividesIntoTwo_purple","MetroBOOM_purple"],"picked":"Fancifulhole_purple","floor":14},{"not_picked":["ContainerChange_purple","ProofOfUnderstanding_purple"],"picked":"Theboundaryofcreation_purpleEX","floor":16},{"not_picked":["Worldmountain_purple","WeekHit_purple+1"],"picked":"Shallow_ocean_purpleEX","floor":18},{"not_picked":["SharpContractionReality_purple+1","RuptureOfTimeAndSpace_purple"],"picked":"Fancifulhole_purple","floor":21},{"not_picked":["Realm_recovery_purpleEX","AdvanceAttack_purple","Boundary_of_Extermination_purpleEX"],"picked":"SKIP","floor":22},{"not_picked":["Realm_recovery_purpleEX","Umbrella_purple","Mirror_Drifter_purple"],"picked":"SKIP","floor":24}],"player_experience":911375,"relics_obtained":[{"floor":9,"key":"Oddly Smooth Stone"},{"floor":12,"key":"Eternal Feather"},{"floor":14,"key":"Odd Mushroom"},{"floor":26,"key":"CrazyTorch:ReiMu"}],"event_choices":[{"damage_healed":0,"gold_gain":0,"player_choice":"1 cards matched","damage_taken":0,"max_hp_gain":0,"max_hp_loss":0,"event_name":"Match and Keep!","floor":3,"gold_loss":0,"cards_obtained":["Mirror_TwoAndThreeElementRealm_purple"]},{"damage_healed":0,"gold_gain":0,"player_choice":"Fought Mushrooms","damage_taken":0,"max_hp_gain":0,"max_hp_loss":0,"event_name":"Mushrooms","floor":14,"gold_loss":0}],"is_beta":false,"boss_relics":[{"not_picked":["Replay:Ancient Bell","Ring of Chaos"],"picked":"Empty Cage"}],"items_purged_floors":[],"is_endless":false,"potions_floor_spawned":[1,8,16,22,24],"killed_by":"Centurion and Healer","ascension_level":0}}