{"host":"naykp6d9ulahlwib","time":1608417690,"event":{"mods":["BaseMod","Highlight Path","Minty Spire (QoL Compilation)","Shop Mod","StSLib"],"gold_per_floor":[111,111,111,36,36,36,36,74,100,0,0,19,34,59,59,148,148,167,190,190,190,210,210,226,226,226,226,226,242,242,285,285,379,379,400,400,78,92,92,92],"floor_reached":39,"playtime":4140,"items_purged":["Strike_B","Dualcast+1","Strike_B"],"score":647,"play_id":"bf546c32-f3c1-488f-b40d-00ec7a9cb569","local_time":"20201219164130","is_ascension_mode":true,"campfire_choices":[{"data":"Reprogram","floor":6.0,"key":"SMITH"},{"floor":11.0,"key":"REST"},{"floor":15.0,"key":"REST"},{"floor":23.0,"key":"REST"},{"data":"Fusion","floor":25.0,"key":"SMITH"},{"floor":27.0,"key":"REST"},{"data":"Reprogram","floor":30.0,"key":"SMITH"},{"floor":32.0,"key":"REST"}],"circlet_count":0,"master_deck":["AscendersBane","Strike_B+1","Strike_B","Defend_B","Defend_B+1","Defend_B","Defend_B+1","Reprogram+1","Fusion+1","Rebound","Meteor Strike","Reprogram+1","Barrage+1","Ghostly","Ghostly","Ghostly","Ghostly","Ghostly","Leap","Hyperbeam","Conserve Battery"],"relics":["Cracked Core","Mango","Golden Idol","CaptainsWheel","Omamori","SlaversCollar","War Paint","Unceasing Top","Red Mask","Sozu"],"acts_visited":["Exordium","TheCity","TheBeyond"],"potions_floor_usage":[38],"damage_taken":[{"damage":1.0,"enemies":"Cultist","floor":1.0,"turns":3.0},{"damage":20.0,"enemies":"3 Sentries","floor":8.0,"turns":11.0},{"damage":0.0,"enemies":"2 Louse","floor":12.0,"turns":3.0},{"damage":0.0,"enemies":"Jaw Worm","floor":13.0,"turns":4.0},{"damage":0.0,"enemies":"Large Slime","floor":14.0,"turns":9.0},{"damage":13.0,"enemies":"Slime Boss","floor":16.0,"turns":13.0},{"damage":7.0,"enemies":"Chosen","floor":18.0,"turns":6.0},{"damage":31.0,"enemies":"Shell Parasite","floor":19.0,"turns":11.0},{"damage":47.0,"enemies":"Sentry and Sphere","floor":22.0,"turns":10.0},{"damage":13.0,"enemies":"Centurion and Healer","floor":24.0,"turns":8.0},{"damage":24.0,"enemies":"Snake Plant","floor":29.0,"turns":7.0},{"damage":4.0,"enemies":"Masked Bandits","floor":31.0,"turns":7.0},{"damage":17.0,"enemies":"Automaton","floor":33.0,"turns":9.0},{"damage":2,"enemies":"Orb Walker","floor":35,"turns":6},{"damage":3,"enemies":"3 Shapes","floor":38,"turns":7},{"damage":29,"enemies":"3 Darklings","floor":39,"turns":2}],"seed_played":"-6103593128107070047","potions_obtained":[{"floor":1.0,"key":"Strength Potion"},{"floor":8.0,"key":"EntropicBrew"},{"floor":12.0,"key":"BlessingOfTheForge"},{"floor":19.0,"key":"PotionOfCapacity"},{"floor":24.0,"key":"Dexterity Potion"},{"floor":29.0,"key":"SteroidPotion"},{"floor":33.0,"key":"EssenceOfSteel"}],"is_trial":false,"path_per_floor":["M","?","?","$","?","R","?","E","T","$","R","M","M","M","R","B",null,"M","M","?","?","M","R","M","R","T","R","?","M","R","?","R","B",null,"M","?","$","M","M"],"character_chosen":"DEFECT","items_purchased":["Leap","Hyperbeam"],"campfire_rested":5,"item_purchase_floors":[37,37],"current_hp_per_floor":[81,65,45,45,45,45,45,25,25,25,49,49,49,49,73,60,77,82,51,51,51,4,28,15,15,15,39,39,15,15,11,23,6,32,30,30,30,27,0,0],"gold":92,"neow_bonus":"ONE_RARE_RELIC","is_daily":false,"chose_seed":false,"campfire_upgraded":3,"win_rate":0.0,"timestamp":1608417690,"path_taken":["M","?","?","?","?","R","?","E","T","?","R","M","M","M","R","BOSS","M","M","?","?","M","R","M","R","T","R","?","M","R","?","R","BOSS","M","?","$","?","M"],"items_purchased_type":["Card","Card"],"build_version":"2020-12-13","purchased_purges":3,"victory":false,"max_hp_per_floor":[82,82,82,82,82,82,82,82,82,82,82,82,82,82,82,82,82,82,82,82,82,82,82,82,82,82,82,41,41,41,41,41,41,41,41,41,41,41,41,41],"card_choices":[{"not_picked":["Gash","Leap"],"picked":"Reprogram","floor":1.0},{"not_picked":["Steam Power","Storm","Chaos"],"picked":"SKIP","floor":8.0},{"not_picked":["Compile Driver","Ball Lightning","Beam Cell"],"picked":"SKIP","floor":12.0},{"not_picked":["Compile Driver","Loop"],"picked":"Fusion","floor":13.0},{"not_picked":["Steam Power","Cold Snap"],"picked":"Rebound","floor":14.0},{"not_picked":["Core Surge","All For One"],"picked":"Meteor Strike","floor":16.0},{"not_picked":["Hologram","Turbo","Gash"],"picked":"SKIP","floor":18.0},{"not_picked":["Tempest","Capacitor","Beam Cell"],"picked":"SKIP","floor":19.0},{"not_picked":["Gash","Hello World"],"picked":"Barrage+1","floor":22.0},{"not_picked":["Ball Lightning","Barrage","Redo"],"picked":"SKIP","floor":24.0},{"not_picked":["Stack","Loop","Heatsinks"],"picked":"SKIP","floor":29.0},{"not_picked":["Steam","Gash","Fusion"],"picked":"SKIP","floor":35},{"not_picked":["Barrage","Compile Driver"],"picked":"Conserve Battery","floor":38}],"player_experience":831934,"relics_obtained":[{"floor":8.0,"key":"CaptainsWheel"},{"floor":9.0,"key":"Omamori"},{"floor":26.0,"key":"Unceasing Top"},{"floor":31.0,"key":"Red Mask"}],"event_choices":[{"damage_healed":0.0,"max_hp_gain":0.0,"max_hp_loss":0.0,"gold_gain":0.0,"event_name":"Shining Light","player_choice":"Entered Light","floor":2.0,"gold_loss":0.0,"damage_taken":16.0,"cards_upgraded":["Strike_B","Dualcast"]},{"damage_healed":0.0,"max_hp_gain":0.0,"max_hp_loss":0.0,"gold_gain":0.0,"event_name":"Golden Idol","player_choice":"Take Damage","floor":3.0,"gold_loss":0.0,"damage_taken":20.0,"relics_obtained":["Golden Idol"]},{"damage_healed":0.0,"max_hp_gain":0.0,"max_hp_loss":0.0,"gold_gain":0.0,"event_name":"The Cleric","player_choice":"Leave","floor":5.0,"gold_loss":0.0,"damage_taken":0.0},{"cards_removed":["Zap"],"damage_healed":0.0,"max_hp_gain":0.0,"max_hp_loss":0.0,"gold_gain":0.0,"event_name":"Living Wall","player_choice":"Forget","floor":7.0,"gold_loss":0.0,"damage_taken":0.0},{"damage_healed":0.0,"max_hp_gain":0.0,"max_hp_loss":0.0,"gold_gain":0.0,"event_name":"Addict","player_choice":"Stole Relic","floor":20.0,"gold_loss":0.0,"damage_taken":0.0,"relics_obtained":["War Paint"],"cards_obtained":["Shame"]},{"damage_healed":0.0,"max_hp_gain":0.0,"max_hp_loss":0.0,"gold_gain":0.0,"event_name":"The Library","player_choice":"Read","floor":21.0,"gold_loss":0.0,"damage_taken":0.0,"cards_obtained":["Reprogram"]},{"damage_healed":0.0,"max_hp_gain":0.0,"max_hp_loss":41.0,"gold_gain":0.0,"event_name":"Ghosts","player_choice":"Became a Ghost","floor":28.0,"gold_loss":0.0,"damage_taken":0.0,"cards_obtained":["Ghostly","Ghostly","Ghostly","Ghostly","Ghostly"]},{"damage_healed":0.0,"max_hp_gain":0.0,"max_hp_loss":0.0,"gold_gain":0.0,"event_name":"Masked Bandits","player_choice":"Fought Bandits","floor":31.0,"gold_loss":0.0,"damage_taken":0.0},{"damage_healed":0,"gold_gain":0,"player_choice":"Got Potions","damage_taken":0,"max_hp_gain":0,"max_hp_loss":0,"event_name":"Lab","floor":36,"gold_loss":0}],"is_beta":false,"boss_relics":[{"not_picked":["Pandora\u0027s Box","Fusion Hammer"],"picked":"SlaversCollar"},{"not_picked":["Velvet Choker","Empty Cage"],"picked":"Sozu"}],"items_purged_floors":[4,10,37],"is_endless":false,"potions_floor_spawned":[1,8,12,19,24,29,31,33],"killed_by":"3 Darklings","ascension_level":13}}