{"host":"90zmhqhem9nbzoc6","time":1608409991,"event":{"mods":["AchievementEnabler","Aspiration","BaseMod","Better Note","Better Third Choice","BetterRewards","Colored Map","Colored Powertips","Conspire","Downfall","Energized Spire","Friendly Minions","GifTheSpireLib","Hermit","Hubris","Infinite Spire","Minty Spire (QoL Compilation)","Quick Restart","Replay The Spire","Spikes Relics","StSLib","Stuff the Spire","The Blue Laboratory","The Construct","The Jungle"],"gold_per_floor":[110,110,110,127,143,143,6,6,29,53,53,53,91,109,109,224,224,244,264,264,266,127,160,160,204,231,85,107,125,125,146,146,257,257,278,278,295,315,338,338,379,578,578,578,594,616,640,667,667,688,688,688,29,76,86],"floor_reached":56,"playtime":2543,"items_purged":[],"score":1094,"play_id":"de326852-2607-45ed-b7d1-3b8e235a33ca","local_time":"20201219123311","is_ascension_mode":false,"campfire_choices":[{"data":"hermit:CursedWeapon","floor":6,"key":"SMITH"},{"floor":8,"key":"RECALL"},{"data":"hermit:GhostlyPresence","floor":12,"key":"SMITH"},{"data":"hermit:DeadMansHand","floor":15,"key":"SMITH"},{"data":"hermit:Reprieve","floor":24,"key":"SMITH"},{"data":"hermit:Manifest","floor":30,"key":"SMITH"},{"data":"infinitespire:Punishment","floor":32,"key":"SMITH"},{"data":"hermit:Midnight","floor":40,"key":"SMITH"},{"data":"hermit:HeroicBravado","floor":44,"key":"SMITH"},{"floor":49,"key":"REST"},{"data":"hubris:Fate","floor":52,"key":"SMITH"}],"circlet_count":0,"master_deck":["hermit:Strike_Hermit","hermit:Strike_Hermit","hermit:Strike_Hermit","hermit:Strike_Hermit","hermit:Defend_Hermit","hermit:Defend_Hermit","hermit:Defend_Hermit","hermit:Defend_Hermit","hermit:Snapshot","hermit:Covet","hermit:CursedWeapon+1","StuffTheSpire:CuriosityCurse","hermit:GhostlyPresence+1","hermit:SprayPray","hermit:Horror+1","hermit:Spite","hermit:Scavenge","hermit:DeadMansHand+1","hermit:Gambit","hermit:HoleUp+1","hermit:Gestalt+1","infinitespire:Punishment+1","hermit:Reprieve+1","hermit:BigShot+1","hermit:FinalCanter","hermit:SprayPray","hermit:Manifest+1","hermit:GoldenBullet","hermit:HeroicBravado+1","hermit:Glare+1","hubris:Fate+1","hermit:Midnight+1","hermit:Misfire+1","hermit:Quickdraw+1","ReplayTheSpireMod:Splinters","hermit:GhostlyPresence","hermit:Grudge","hermit:ShadowCloak+1","hermit:Manifest+1","hermit:Manifest+1","hermit:Misfire+1","Flash of Steel+1","hermit:BigShot+1","hermit:Manifest"],"relics":["hermit:Momento","Lee\u0027s Waffle","infinitespire:Midas Blood","Question Card","SnailShell","StuffTheSpire:CocoNut","construct:WeddingRing","Garlic","StuffTheSpire:GrapeVine","Ancient Tea Set","Pet Ghost","Philosopher\u0027s Stone","Golden Egg","Regal Pillow","Lizard Tail","ReplayTheSpireMod:TigerMarble","Pen Nib"],"acts_visited":["Exordium","TheCity","TheBeyond","TheEnding"],"potions_floor_usage":[13,16,23,37,48],"damage_taken":[{"damage":0,"enemies":"Cultist","floor":1,"turns":4},{"damage":4,"enemies":"2 Louse","floor":4,"turns":3},{"damage":3,"enemies":"Jaw Worm","floor":5,"turns":4},{"damage":18,"enemies":"Lagavulin","floor":13,"turns":6},{"damage":0,"enemies":"3 Louse","floor":14,"turns":2},{"damage":8,"enemies":"Slime Boss","floor":16,"turns":9},{"damage":2,"enemies":"Chosen","floor":18,"turns":3},{"damage":2,"enemies":"Shell Parasite","floor":19,"turns":2},{"damage":4,"enemies":"conspire:SneckoGhost","floor":23,"turns":7},{"damage":3,"enemies":"Book of Stabbing","floor":25,"turns":4},{"damage":2,"enemies":"Snecko","floor":28,"turns":3},{"damage":2,"enemies":"Shelled Parasite and Fungi","floor":29,"turns":4},{"damage":2,"enemies":"Centurion and Healer","floor":31,"turns":2},{"damage":3,"enemies":"conspire:MysteriousRune","floor":33,"turns":7},{"damage":2,"enemies":"3 Shapes","floor":35,"turns":3},{"damage":0,"enemies":"Orb Walker","floor":37,"turns":2},{"damage":3,"enemies":"Transient","floor":38,"turns":5},{"damage":3,"enemies":"Maw","floor":39,"turns":6},{"damage":4,"enemies":"Nemesis","floor":41,"turns":5},{"damage":2,"enemies":"Sphere and 2 Shapes","floor":45,"turns":3},{"damage":9,"enemies":"Jaw Worm Horde","floor":46,"turns":2},{"damage":0,"enemies":"Spire Growth","floor":47,"turns":3},{"damage":7,"enemies":"Sphere and 2 Shapes","floor":48,"turns":3},{"damage":53,"enemies":"Donu and Deca","floor":50,"turns":12},{"damage":44,"enemies":"Shield and Spear","floor":54,"turns":8},{"damage":45,"enemies":"The Heart","floor":55,"turns":3}],"seed_played":"3740447644672757954","potions_obtained":[{"floor":5,"key":"Fire Potion"},{"floor":13,"key":"Swift Potion"},{"floor":14,"key":"Slimebound:ThreeZeroPotion"},{"floor":19,"key":"blueLaboratory:BubblePotion"},{"floor":23,"key":"AttackPotion"},{"floor":25,"key":"SneckoOil"},{"floor":33,"key":"blueLaboratory:BottledHope"},{"floor":35,"key":"Explosive Potion"},{"floor":41,"key":"Fire Potion"},{"floor":45,"key":"SteroidPotion"},{"floor":48,"key":"blueLaboratory:AbyssPotion"}],"is_trial":false,"path_per_floor":["M","?","?","M","M","R","$","R","T","T","?","R","E","M","R","B",null,"M","M","?","?","$","E","R","E","T","$","M","M","R","M","R","B",null,"M","AVR","M","M","M","R","E","?","T","R","M","M","M","M","R","B",null,"R","$","E","B",null],"character_chosen":"HERMIT","items_purchased":["Lee\u0027s Waffle","infinitespire:Midas Blood","hermit:Horror+1","hermit:Spite","hermit:Reprieve","Pet Ghost","Lizard Tail","hermit:Misfire","ReplayTheSpireMod:TigerMarble","Flash of Steel","hermit:BigShot+1"],"campfire_rested":1,"item_purchase_floors":[0,0,7,7,22,27,53,53,53,53,53],"current_hp_per_floor":[82,82,82,78,75,75,75,75,75,75,82,82,71,71,71,63,89,87,85,85,79,79,79,79,76,76,76,74,72,72,70,70,79,89,87,87,87,84,81,81,77,77,77,77,75,74,82,75,89,40,89,89,89,64,31],"gold":86,"neow_bonus":"","is_daily":false,"chose_seed":false,"campfire_upgraded":9,"win_rate":0.0,"timestamp":1608409991,"path_taken":["M","?","?","M","M","R","$","R","T","?","?","R","E","M","R","BOSS","M","M","?","?","$","E","R","E","T","$","M","M","R","?","R","BOSS","M","AVR","M","M","M","R","E","?","T","R","M","M","M","M","R","BOSS","R","$","E","BOSS"],"items_purchased_type":["Relic","Relic","Card","Card","Card","Relic","Relic","Card","Relic","Card","Card"],"build_version":"2020-12-13","purchased_purges":0,"victory":true,"max_hp_per_floor":[82,82,82,82,82,82,82,82,82,82,82,82,89,89,89,89,89,89,89,89,89,89,89,89,89,89,89,89,89,89,89,89,89,89,89,89,89,89,89,89,89,89,89,89,89,89,89,89,89,89,89,89,89,89,89],"card_choices":[{"not_picked":["hermit:Quickdraw","hermit:Ricochet"],"picked":"hermit:CursedWeapon","floor":1},{"not_picked":["hermit:WideOpen","hermit:FlashPowder","hermit:Coalescence"],"picked":"hermit:GhostlyPresence","floor":4},{"not_picked":["hermit:Deadeye","hermit:Snipe","hermit:Midnight"],"picked":"hermit:SprayPray","floor":5},{"not_picked":["hermit:Maintenance","hermit:Shortfuse","hermit:Roughhouse"],"picked":"hermit:Scavenge","floor":13},{"not_picked":["hermit:Ricochet","hermit:CalledShot","hermit:Desperado"],"picked":"hermit:DeadMansHand","floor":14},{"not_picked":["hermit:Purgatory","hermit:Roughhouse","hermit:Dissolve"],"picked":"hermit:Gambit","floor":16},{"not_picked":["hermit:Desperado","hermit:BodyArmor","hermit:WideOpen"],"picked":"hermit:HoleUp+1","floor":18},{"not_picked":["hermit:BodyArmor","hermit:ItchyTrigger+1","hermit:Dive"],"picked":"hermit:Gestalt+1","floor":19},{"not_picked":["hermit:CalledShot","hermit:Desperado","hermit:Vantage"],"picked":"hermit:BigShot+1","floor":23},{"not_picked":["hermit:GoldenBullet","hermit:Malice","hermit:FullyLoaded+1"],"picked":"hermit:FinalCanter","floor":25},{"not_picked":["hermit:Quickdraw","hermit:BodyArmor+1","hermit:Desperado"],"picked":"hermit:SprayPray","floor":28},{"not_picked":["hermit:Malice","hermit:Showdown","hermit:BigShot"],"picked":"hermit:Manifest","floor":29},{"not_picked":["hermit:FullyLoaded","hermit:Feint","hermit:HighCaliber"],"picked":"hermit:GoldenBullet","floor":31},{"not_picked":["hermit:HighNoon","hermit:Roughhouse","hermit:FinalCanter"],"picked":"hermit:HeroicBravado","floor":33},{"not_picked":["hermit:Ricochet+1","hermit:Shortfuse+1","hermit:Feint"],"picked":"hermit:Glare+1","floor":35},{"not_picked":["hermit:GoldenBullet","hermit:HighCaliber+1","hermit:LowProfile"],"picked":"hermit:Midnight","floor":37},{"not_picked":["hermit:Vantage+1","hermit:Virtue+1","hermit:Feint+1"],"picked":"hermit:Misfire+1","floor":38},{"not_picked":["hermit:Feint+1","hermit:Vantage","hermit:Adapt","hermit:DeadMansHand"],"picked":"SKIP","floor":39},{"not_picked":["hermit:BodyArmor+1","hermit:NoHoldsBarred+1","hermit:Shortfuse"],"picked":"hermit:Quickdraw+1","floor":41},{"not_picked":["hermit:BodyArmor+1","hermit:FullyLoaded+1","hermit:Dive+1"],"picked":"hermit:GhostlyPresence","floor":42},{"not_picked":["hermit:LowProfile+1","hermit:Showdown","hermit:Ricochet+1"],"picked":"hermit:Grudge","floor":45},{"not_picked":["hermit:Combo","hermit:PistolWhip+1","hermit:WideOpen+1"],"picked":"hermit:ShadowCloak+1","floor":46},{"not_picked":["hermit:WideOpen+1","hermit:Glare+1","hermit:TrackingShot"],"picked":"hermit:Manifest+1","floor":47},{"not_picked":["hermit:Roulette","hermit:Vantage","hermit:Feint+1"],"picked":"hermit:Manifest+1","floor":48},{"not_picked":["hermit:CalledShot","hermit:DeadMansHand+1","hermit:HighCaliber"],"picked":"hermit:Manifest","floor":54}],"player_experience":221328,"relics_obtained":[{"floor":10,"key":"SnailShell"},{"floor":13,"key":"StuffTheSpire:CocoNut"},{"floor":23,"key":"Garlic"},{"floor":25,"key":"StuffTheSpire:GrapeVine"},{"floor":26,"key":"Ancient Tea Set"},{"floor":41,"key":"Golden Egg"},{"floor":43,"key":"Regal Pillow"},{"floor":54,"key":"Pen Nib"}],"event_choices":[{"damage_healed":0,"gold_gain":0,"player_choice":"Leave","damage_taken":0,"max_hp_gain":0,"max_hp_loss":0,"event_name":"conspire:Investor","floor":2,"gold_loss":0},{"cards_removed":["hermit:Gestalt"],"damage_healed":0,"gold_gain":0,"player_choice":"Take \u0026 Give","damage_taken":0,"max_hp_gain":0,"max_hp_loss":0,"event_name":"betterNote:BetterNote","floor":20,"gold_loss":0,"cards_obtained":["infinitespire:Punishment"]},{"damage_healed":0,"gold_gain":0,"player_choice":"","damage_taken":6,"max_hp_gain":0,"max_hp_loss":0,"event_name":"Knowing Skull","floor":21,"potions_obtained":[],"gold_loss":0,"cards_obtained":[]}],"is_beta":false,"boss_relics":[{"not_picked":["Snecko Eye","hubris:Stopwatch"],"picked":"construct:WeddingRing"},{"not_picked":["StuffTheSpire:ModemDavis","hubris:TerracottaHorce"],"picked":"Philosopher\u0027s Stone"}],"items_purged_floors":[],"is_endless":false,"potions_floor_spawned":[5,13,14,19,23,25,33,35,41,45,48],"ascension_level":0}}