{"host":"sav7uxregyirlf69","time":1608360875,"event":{"mods":["AchievementEnabler","BaseMod","Colored Map","DeckTracker","Keyboard Shortcuts","Minty Spire (QoL Compilation)","READ ME - Guardian Mod","StSLib","SuperFastMode"],"gold_per_floor":[117,137,147,72,72,72,72,106,106,106,130,210,230,230,230,326,326,340,340,361,361,261,261,277,277,303,218,218,232,314,329,329,329,329],"floor_reached":33,"playtime":548,"items_purged":["Strike_G","Strike_G"],"score":490,"play_id":"e1d4e10f-5fe0-478f-a090-97ab33132c65","local_time":"20201219155435","is_ascension_mode":true,"campfire_choices":[{"data":"Terror","floor":6,"key":"SMITH"},{"floor":15,"key":"REST"},{"floor":23,"key":"REST"},{"floor":25,"key":"REST"},{"floor":32,"key":"REST"}],"circlet_count":0,"master_deck":["AscendersBane","Strike_G","Strike_G","Strike_G","Defend_G","Defend_G","Defend_G","Defend_G","Defend_G","Survivor","Neutralize","Backstab","Blade Dance","Escape Plan","Acrobatics","Terror+1","Footwork+1","After Image","Adrenaline","Calculated Gamble+1","Finisher","Backflip"],"relics":["Ring of the Snake","Prayer Wheel","Golden Idol","Tiny Chest","Mercury Hourglass","Shuriken","Busted Crown","PreservedInsect","Bag of Marbles","Vajra","Letter Opener","Pear","Matryoshka"],"acts_visited":["Exordium","TheCity"],"potions_floor_usage":[16,24,29,33],"damage_taken":[{"damage":1,"enemies":"Cultist","floor":1,"turns":5},{"damage":0,"enemies":"Small Slimes","floor":2,"turns":2},{"damage":0,"enemies":"Jaw Worm","floor":3,"turns":3},{"damage":33,"enemies":"Gremlin Nob","floor":8,"turns":4},{"damage":8,"enemies":"Blue Slaver","floor":11,"turns":3},{"damage":0,"enemies":"2 Fungi Beasts","floor":13,"turns":2},{"damage":12,"enemies":"The Guardian","floor":16,"turns":12},{"damage":17,"enemies":"2 Thieves","floor":18,"turns":4},{"damage":6,"enemies":"Shell Parasite","floor":20,"turns":4},{"damage":22,"enemies":"Snecko","floor":24,"turns":6},{"damage":38,"enemies":"Cultist and Chosen","floor":29,"turns":4},{"damage":0,"enemies":"Centurion and Healer","floor":31,"turns":4},{"damage":37,"enemies":"Automaton","floor":33,"turns":6}],"seed_played":"6476057554142318784","potions_obtained":[{"floor":1,"key":"DuplicationPotion"},{"floor":8,"key":"Dexterity Potion"},{"floor":16,"key":"BlessingOfTheForge"},{"floor":24,"key":"FearPotion"},{"floor":31,"key":"Explosive Potion"}],"is_trial":false,"path_per_floor":["M","M","M","$","?","R","?","E","T","$","M","T","M","?","R","B",null,"M","T","M","T","$","R","M","R","T","?","T","M","T","M","R","B"],"character_chosen":"THE_SILENT","items_purchased":[],"campfire_rested":4,"item_purchase_floors":[],"current_hp_per_floor":[43,43,43,43,43,43,43,10,10,10,2,2,2,2,20,8,47,30,30,24,24,24,42,20,38,38,38,48,10,10,10,31,0,0],"gold":329,"neow_bonus":"ONE_RARE_RELIC","is_daily":false,"chose_seed":false,"campfire_upgraded":1,"win_rate":0.0,"timestamp":1608360875,"path_taken":["M","M","M","$","?","R","?","E","T","?","M","?","M","?","R","BOSS","M","?","M","?","$","R","M","R","T","?","?","M","?","?","R","BOSS"],"items_purchased_type":[],"build_version":"2020-12-13","purchased_purges":2,"victory":false,"max_hp_per_floor":[66,66,66,66,60,60,60,60,60,60,60,60,60,60,60,60,60,60,60,60,60,60,60,60,60,60,60,70,70,70,70,70,70,70],"card_choices":[{"not_picked":["Leg Sweep","Flying Knee"],"picked":"Backstab","floor":1},{"not_picked":["Eviscerate","Backflip"],"picked":"Blade Dance","floor":1},{"not_picked":["Outmaneuver","Heel Hook"],"picked":"Escape Plan","floor":2},{"not_picked":["Quick Slash","Underhanded Strike"],"picked":"Acrobatics","floor":2},{"not_picked":["Dagger Throw","Blur"],"picked":"Terror","floor":3},{"not_picked":["Blade Dance","Flechettes","Dagger Throw"],"picked":"SKIP","floor":3},{"not_picked":["Acrobatics","Dash"],"picked":"Footwork","floor":8},{"not_picked":["Footwork","Choke","Dagger Throw"],"picked":"SKIP","floor":11},{"not_picked":["Dodge and Roll","Footwork","PiercingWail"],"picked":"SKIP","floor":11},{"not_picked":["Calculated Gamble","Catalyst"],"picked":"After Image","floor":13},{"not_picked":["Deflect","Bane","Blur"],"picked":"SKIP","floor":13},{"not_picked":["Doppelganger","Burst"],"picked":"Adrenaline","floor":16},{"not_picked":["Quick Slash"],"picked":"SKIP","floor":18},{"not_picked":["Predator"],"picked":"SKIP","floor":18},{"not_picked":["Deadly Poison"],"picked":"SKIP","floor":20},{"not_picked":["Bane"],"picked":"SKIP","floor":20},{"not_picked":[],"picked":"Calculated Gamble+1","floor":24},{"not_picked":["Outmaneuver+1"],"picked":"SKIP","floor":24},{"not_picked":["Dagger Spray"],"picked":"SKIP","floor":29},{"not_picked":["Underhanded Strike+1"],"picked":"SKIP","floor":29},{"not_picked":[],"picked":"Finisher","floor":31},{"not_picked":[],"picked":"Backflip","floor":31}],"player_experience":951063,"relics_obtained":[{"floor":8,"key":"Tiny Chest"},{"floor":9,"key":"Mercury Hourglass"},{"floor":12,"key":"Shuriken"},{"floor":19,"key":"PreservedInsect"},{"floor":21,"key":"Bag of Marbles"},{"floor":26,"key":"Vajra"},{"floor":28,"key":"Pear"},{"floor":30,"key":"Matryoshka"}],"event_choices":[{"damage_healed":0,"gold_gain":0,"player_choice":"Lose Max HP","damage_taken":0,"relics_obtained":["Golden Idol"],"max_hp_gain":0,"max_hp_loss":6,"event_name":"Golden Idol","floor":5,"gold_loss":0},{"damage_healed":0,"gold_gain":0,"player_choice":"Ignored","damage_taken":0,"max_hp_gain":0,"max_hp_loss":0,"event_name":"Liars Game","floor":7,"gold_loss":0},{"damage_healed":0,"gold_gain":0,"player_choice":"Grow","damage_taken":0,"max_hp_gain":0,"max_hp_loss":0,"event_name":"Living Wall","floor":14,"gold_loss":0,"cards_upgraded":["Footwork"]},{"damage_healed":0,"gold_gain":0,"player_choice":"Obtained Relic","damage_taken":0,"relics_obtained":["Letter Opener"],"max_hp_gain":0,"max_hp_loss":0,"event_name":"Addict","floor":27,"gold_loss":85}],"is_beta":false,"boss_relics":[{"not_picked":["Velvet Choker","Calling Bell"],"picked":"Busted Crown"}],"items_purged_floors":[4,22],"is_endless":false,"potions_floor_spawned":[1,8,13,16,24,31],"killed_by":"Automaton","ascension_level":20}}