{"host":"77pvex58kafzx78l","time":1608360761,"event":{"mods":["BaseMod","Better Vampires","DeckTracker","Googly Eyes","Minty Spire (QoL Compilation)","Quick Restart","StSLib","SuperFastMode"],"gold_per_floor":[109,109,12,23,23,55,123,123,168,202,226,268,280,342,354,439,451,508,570,597,659,268,268,294,294,294,294,334,52,101,197,197,302,302,343,390,440,490,580,637,637,637,637],"floor_reached":42,"playtime":987,"items_purged":["Defend_P","Pain","Strike_P"],"score":984,"play_id":"730ce75a-b5a9-411a-9136-ce409ae91364","local_time":"20201219145241","is_ascension_mode":true,"campfire_choices":[{"data":"Eruption","floor":8.0,"key":"SMITH"},{"data":"SignatureMove","floor":13.0,"key":"SMITH"},{"data":"Vault","floor":15.0,"key":"SMITH"},{"data":"Wish","floor":23.0,"key":"SMITH"},{"data":"Vigilance","floor":25.0,"key":"SMITH"},{"data":"BowlingBash","floor":27.0,"key":"SMITH"},{"data":"Prepared","floor":32.0,"key":"SMITH"},{"data":"Phantasmal Killer","floor":41.0,"key":"SMITH"}],"circlet_count":0,"master_deck":["AscendersBane","Strike_P","Strike_P","Defend_P","Defend_P","Defend_P","Eruption+1","Vigilance+1","PathToVictory","BowlingBash+1","SignatureMove+1","FlurryOfBlows","Vault+1","PathToVictory","Wish+1","Prostrate","Prepared+1","Phantasmal Killer+1","Well Laid Plans+1","Vault+1","Hologram"],"relics":["PureWater","NeowsBlessing","Akabeko","SsserpentHead","Meat on the Bone","Damaru","MawBank","Lantern","Calling Bell","Bag of Preparation","Question Card","StoneCalendar","WarpedTongs","Pocketwatch","Pen Nib","Ice Cream","PrismaticShard","Sozu","Vajra"],"acts_visited":["Exordium","TheCity","TheBeyond"],"potions_floor_usage":[42,42],"damage_taken":[{"damage":0.0,"enemies":"2 Louse","floor":1.0,"turns":1.0},{"damage":0.0,"enemies":"Small Slimes","floor":4.0,"turns":1.0},{"damage":0.0,"enemies":"Gremlin Nob","floor":6.0,"turns":1.0},{"damage":0.0,"enemies":"Cultist","floor":7.0,"turns":2.0},{"damage":22.0,"enemies":"Lagavulin","floor":10.0,"turns":4.0},{"damage":0.0,"enemies":"Blue Slaver","floor":11.0,"turns":1.0},{"damage":37.0,"enemies":"3 Sentries","floor":12.0,"turns":8.0},{"damage":0.0,"enemies":"Slime Boss","floor":16.0,"turns":3.0},{"damage":32.0,"enemies":"3 Byrds","floor":18.0,"turns":5.0},{"damage":0.0,"enemies":"Spheric Guardian","floor":20.0,"turns":2.0},{"damage":21.0,"enemies":"Slavers","floor":24.0,"turns":6.0},{"damage":4.0,"enemies":"Cultist and Chosen","floor":28.0,"turns":5.0},{"damage":0.0,"enemies":"Shelled Parasite and Fungi","floor":30.0,"turns":4.0},{"damage":2.0,"enemies":"Snecko","floor":31.0,"turns":4.0},{"damage":1.0,"enemies":"Collector","floor":33.0,"turns":7.0},{"damage":3.0,"enemies":"3 Shapes","floor":35.0,"turns":6.0},{"damage":8.0,"enemies":"Orb Walker","floor":36.0,"turns":3.0},{"damage":0.0,"enemies":"Jaw Worm Horde","floor":39.0,"turns":3.0},{"damage":27.0,"enemies":"Giant Head","floor":40.0,"turns":6.0},{"damage":6,"enemies":"Reptomancer","floor":42,"turns":2}],"seed_played":"2041937851824606088","potions_obtained":[{"floor":4.0,"key":"Energy Potion"},{"floor":6.0,"key":"FearPotion"},{"floor":18.0,"key":"DuplicationPotion"},{"floor":28.0,"key":"DuplicationPotion"}],"is_trial":false,"path_per_floor":["M","?","$","M","?","E","M","R","T","E","M","E","R","?","R","B",null,"M","?","M","?","$","R","E","R","T","R","M","$","M","M","R","B",null,"M","M","?","?","M","E","R","E"],"character_chosen":"WATCHER","items_purchased":["PathToVictory","Pocketwatch","PrismaticShard"],"campfire_rested":0,"item_purchase_floors":[3,22,29],"current_hp_per_floor":[61,43,43,43,43,43,43,43,43,33,45,20,20,20,20,32,59,39,39,39,39,39,39,30,30,30,30,38,38,38,36,36,35,60,57,49,49,49,49,34,34,28,28],"gold":637,"neow_bonus":"THREE_ENEMY_KILL","is_daily":false,"chose_seed":false,"campfire_upgraded":8,"win_rate":0.0,"timestamp":1608360761,"path_taken":["M","?","$","M","?","E","?","R","T","E","M","E","R","?","R","BOSS","M","?","M","?","$","R","E","R","T","R","M","$","M","?","R","BOSS","M","M","?","?","?","E","R","E"],"items_purchased_type":["Card","Relic","Relic"],"build_version":"2020-12-13","purchased_purges":3,"victory":false,"max_hp_per_floor":[68,68,68,68,68,68,68,68,68,68,68,68,68,68,68,68,68,68,68,68,68,68,68,68,68,68,68,68,68,68,68,68,68,68,68,68,68,68,68,68,68,68,68],"card_choices":[{"not_picked":["EmptyBody","Halt","EmptyFist"],"picked":"SKIP","floor":1.0},{"not_picked":["Prostrate","Swivel"],"picked":"BowlingBash","floor":4.0},{"not_picked":["Evaluate","CarveReality"],"picked":"SignatureMove","floor":6.0},{"not_picked":["Prostrate","Protect"],"picked":"FlurryOfBlows","floor":7.0},{"not_picked":["Wireheading","CrushJoints"],"picked":"Vault","floor":10.0},{"not_picked":["ThirdEye","SandsOfTime"],"picked":"PathToVictory","floor":11.0},{"not_picked":["Wireheading","ClearTheMind","FlurryOfBlows"],"picked":"SKIP","floor":12.0},{"not_picked":["Scrawl","Ragnarok"],"picked":"Wish","floor":16.0},{"not_picked":["ForeignInfluence+1","ThirdEye","JustLucky"],"picked":"Prostrate","floor":18.0},{"not_picked":["FlurryOfBlows","CutThroughFate","CarveReality","Crescendo"],"picked":"SKIP","floor":20.0},{"not_picked":["Prostrate","EmptyBody","Evaluate","Judgement"],"picked":"SKIP","floor":24.0},{"not_picked":["Consecrate","EmptyBody","Protect","Halt"],"picked":"SKIP","floor":28.0},{"not_picked":["Halt","Flame Barrier","Anger+1"],"picked":"Prepared","floor":30.0},{"not_picked":["FlurryOfBlows","JustLucky","Clash","Halt"],"picked":"SKIP","floor":31.0},{"not_picked":["Bullet Time","Corruption","Machine Learning"],"picked":"Phantasmal Killer","floor":33.0},{"not_picked":["Sucker Punch+1","Thunderclap","Cold Snap","SashWhip"],"picked":"SKIP","floor":35.0},{"not_picked":["CarveReality","SandsOfTime","Collect"],"picked":"Well Laid Plans+1","floor":36.0},{"not_picked":["FollowUp","JustLucky+1","Intimidate+1","Bane"],"picked":"SKIP","floor":39.0},{"not_picked":["Rebound+1","Riddle With Holes+1","Buffer"],"picked":"Hologram","floor":40.0}],"player_experience":277031,"relics_obtained":[{"floor":6.0,"key":"Meat on the Bone"},{"floor":9.0,"key":"Damaru"},{"floor":10.0,"key":"MawBank"},{"floor":12.0,"key":"Lantern"},{"floor":17.0,"key":"Bag of Preparation"},{"floor":17.0,"key":"Question Card"},{"floor":17.0,"key":"StoneCalendar"},{"floor":24.0,"key":"Pen Nib"},{"floor":26.0,"key":"Ice Cream"},{"floor":40.0,"key":"Vajra"}],"event_choices":[{"damage_healed":0.0,"max_hp_gain":0.0,"max_hp_loss":0.0,"gold_gain":0.0,"event_name":"Scrap Ooze","player_choice":"Success","floor":2.0,"gold_loss":0.0,"damage_taken":18.0,"relics_obtained":["Akabeko"]},{"damage_healed":0.0,"max_hp_gain":0.0,"max_hp_loss":0.0,"gold_gain":0.0,"event_name":"FaceTrader","player_choice":"Trade","floor":5.0,"gold_loss":0.0,"damage_taken":0.0,"relics_obtained":["SsserpentHead"]},{"cards_removed":["Strike_P"],"damage_healed":0.0,"max_hp_gain":0.0,"max_hp_loss":0.0,"gold_gain":0.0,"event_name":"Living Wall","player_choice":"Forget","floor":14.0,"gold_loss":0.0,"damage_taken":0.0},{"damage_healed":0.0,"max_hp_gain":0.0,"max_hp_loss":0.0,"gold_gain":0.0,"event_name":"Cursed Tome","player_choice":"Ignored","floor":19.0,"gold_loss":0.0,"damage_taken":0.0},{"damage_healed":0.0,"max_hp_gain":0.0,"max_hp_loss":0.0,"gold_gain":0.0,"event_name":"Accursed Blacksmith","player_choice":"Rummage","floor":21.0,"gold_loss":0.0,"damage_taken":0.0,"relics_obtained":["WarpedTongs"],"cards_obtained":["Pain"]},{"damage_healed":0.0,"max_hp_gain":0.0,"max_hp_loss":0.0,"gold_gain":0.0,"event_name":"Mysterious Sphere","player_choice":"Ignored","floor":37.0,"gold_loss":0.0,"damage_taken":0.0},{"damage_healed":0.0,"max_hp_gain":0.0,"max_hp_loss":0.0,"gold_gain":0.0,"event_name":"Duplicator","player_choice":"Copied","floor":38.0,"gold_loss":0.0,"damage_taken":0.0,"cards_obtained":["Vault"]}],"is_beta":false,"boss_relics":[{"not_picked":["SlaversCollar","Runic Dome"],"picked":"Calling Bell"},{"not_picked":["Velvet Choker","Snecko Eye"],"picked":"Sozu"}],"items_purged_floors":[3,22,29],"is_endless":false,"potions_floor_spawned":[4,6,11,12,16,18,28,33,36,40],"killed_by":"Reptomancer","ascension_level":14}}