{"host":"9c5kazgg71l3jb6l","time":1608367108,"event":{"mods":["BaseMod","Minty Spire (QoL Compilation)","StSLib","The Alterego","Waifu the Spire"],"gold_per_floor":[114,114,114,130,205,237,412,362,362,362,392,457,477,506,506,607,607,620,631,631,556,471,496,496,526,602,139,168,183,183,183,183,279,279,297,310,360,30,30,61,106,106,130,158,79,79,89,37,37,37],"floor_reached":51,"playtime":3246,"items_purged":[],"score":1035,"play_id":"7ce96be9-7d02-4528-a5c0-e05db1a707a1","local_time":"20201219163828","is_ascension_mode":true,"campfire_choices":[{"data":"alterego_mod:Impale","floor":10.0,"key":"SMITH"},{"data":"alterego_mod:BigMeatyClaws","floor":15.0,"key":"SMITH"},{"data":"alterego_mod:Mirror","floor":24.0,"key":"SMITH"},{"data":"alterego_mod:BrynhildrsRune","floor":30.0,"key":"SMITH"},{"data":"alterego_mod:Smother","floor":32.0,"key":"SMITH"},{"data":"alterego_mod:TrashNCrash","floor":42.0,"key":"SMITH"},{"data":"alterego_mod:Undulate","floor":49.0,"key":"SMITH"}],"circlet_count":0,"master_deck":["alterego_mod:Strike+1","alterego_mod:Strike+1","alterego_mod:Strike","alterego_mod:Strike","alterego_mod:Defend","alterego_mod:Defend","alterego_mod:Defend","alterego_mod:Impale+1","alterego_mod:BigMeatyClaws+1","alterego_mod:BrynhildrsRune+1","alterego_mod:Cushion","alterego_mod:Bunnysuit","alterego_mod:Smother+1","alterego_mod:Mirror+1","alterego_mod:Undulate+1","alterego_mod:AlterEgo","alterego_mod:Cooking+1","alterego_mod:TrashNCrash+1","alterego_mod:Rake","alterego_mod:IndependentAction+1","alterego_mod:Vow+1","Enlightenment+1","alterego_mod:PurpleHair+1","alterego_mod:Nekomimi+1","alterego_mod:GoddessCore+1"],"relics":["alterego_mod:MasochisticConstitution","NeowsBlessing","Pantograph","Eternal Feather","Toy Ornithopter","Omamori","Blue Candle","Black Star","Frozen Egg 2","Art of War","Oddly Smooth Stone","Bird Faced Urn","MealTicket","Matryoshka","PreservedInsect","White Beast Statue","Happy Flower","Sling","Toxic Egg 2","Bronze Scales","Coffee Dripper","Turnip","Gremlin Horn","Bag of Preparation","StoneCalendar","Ginger","Blood Vial","Whetstone","Ancient Tea Set","Nunchaku","Potion Belt"],"acts_visited":["Exordium","TheCity","TheBeyond"],"potions_floor_usage":[50,50,50,50],"damage_taken":[{"damage":3.0,"enemies":"Small Slimes","floor":1.0,"turns":5.0},{"damage":1.0,"enemies":"Cultist","floor":4.0,"turns":3.0},{"damage":1.0,"enemies":"Gremlin Nob","floor":6.0,"turns":3.0},{"damage":21.0,"enemies":"Lagavulin","floor":11.0,"turns":6.0},{"damage":29.0,"enemies":"Gremlin Nob","floor":12.0,"turns":6.0},{"damage":2.0,"enemies":"Jaw Worm","floor":13.0,"turns":7.0},{"damage":17.0,"enemies":"Gremlin Nob","floor":14.0,"turns":4.0},{"damage":38.0,"enemies":"The Guardian","floor":16.0,"turns":10.0},{"damage":10.0,"enemies":"Shell Parasite","floor":18.0,"turns":7.0},{"damage":2.0,"enemies":"Chosen","floor":19.0,"turns":5.0},{"damage":39.0,"enemies":"Gremlin Leader","floor":23.0,"turns":10.0},{"damage":38.0,"enemies":"Book of Stabbing","floor":25.0,"turns":8.0},{"damage":7.0,"enemies":"Slavers","floor":28.0,"turns":5.0},{"damage":8.0,"enemies":"Snecko","floor":29.0,"turns":5.0},{"damage":14.0,"enemies":"Automaton","floor":33.0,"turns":6.0},{"damage":15.0,"enemies":"Orb Walker","floor":35.0,"turns":4.0},{"damage":2.0,"enemies":"3 Shapes","floor":36.0,"turns":6.0},{"damage":26.0,"enemies":"Mind Bloom Boss Battle","floor":37.0,"turns":10.0},{"damage":22.0,"enemies":"Giant Head","floor":40.0,"turns":8.0},{"damage":25.0,"enemies":"2 Orb Walkers","floor":41.0,"turns":4.0},{"damage":0.0,"enemies":"Reptomancer","floor":44.0,"turns":3.0},{"damage":35.0,"enemies":"3 Darklings","floor":47.0,"turns":6.0},{"damage":84,"enemies":"Donu and Deca","floor":50,"turns":7}],"seed_played":"-8426607592686321507","potions_obtained":[{"floor":3.0,"key":"LiquidMemories"},{"floor":3.0,"key":"LiquidMemories"},{"floor":3.0,"key":"Fruit Juice"},{"floor":4.0,"key":"Strength Potion"},{"floor":14.0,"key":"Energy Potion"},{"floor":23.0,"key":"Block Potion"},{"floor":28.0,"key":"SneckoOil"},{"floor":29.0,"key":"SteroidPotion"},{"floor":33.0,"key":"AttackPotion"},{"floor":35.0,"key":"PowerPotion"},{"floor":36.0,"key":"Weak Potion"},{"floor":37.0,"key":"Regen Potion"},{"floor":41.0,"key":"Energy Potion"},{"floor":47.0,"key":"SteroidPotion"}],"is_trial":false,"path_per_floor":["M","$","?","M","?","E","?","?","T","R","E","?","M","E","R","B",null,"M","M","?","?","?","E","R","E","T","$","E","M","R","?","R","B",null,"M","M","?","$","?","E","?","R","T","E","$","T","M","$","R","B",null],"character_chosen":"The_Alterego","items_purchased":["Happy Flower","alterego_mod:Rake","Sling","Gremlin Horn","Enlightenment+1","alterego_mod:Nekomimi+1","ColorlessPotion"],"campfire_rested":0,"item_purchase_floors":[27,27,27,38,38,45,48],"current_hp_per_floor":[71,71,76,76,65,72,72,72,72,78,65,44,55,39,48,36,83,81,80,80,80,80,82,86,64,64,79,88,89,89,89,89,80,90,81,92,75,90,90,76,77,89,89,95,95,95,89,96,96,28],"gold":37,"neow_bonus":"THREE_ENEMY_KILL","is_daily":false,"chose_seed":false,"campfire_upgraded":7,"win_rate":0.0,"timestamp":1608367108,"path_taken":["M","$","?","?","?","E","?","?","T","R","E","?","M","E","R","BOSS","M","M","?","?","?","E","R","E","T","$","E","M","R","?","R","BOSS","M","M","?","$","?","E","?","R","T","E","?","?","M","?","R","BOSS"],"items_purchased_type":["Relic","Card","Relic","Relic","Card","Card","Potion"],"build_version":"2020-12-13","purchased_purges":0,"victory":true,"max_hp_per_floor":[71,71,76,77,77,78,78,78,78,78,79,80,81,82,82,83,83,84,85,85,85,85,86,86,87,87,87,88,89,89,89,89,90,90,91,92,93,93,93,94,95,95,95,95,95,95,96,96,96,97],"card_choices":[{"not_picked":["alterego_mod:GoddessCore","alterego_mod:Cycle","alterego_mod:Bounce"],"picked":"SKIP","floor":1.0},{"not_picked":["alterego_mod:Bunnysuit","alterego_mod:Jiggle"],"picked":"alterego_mod:Cushion","floor":4.0},{"not_picked":["alterego_mod:BoobPocket","alterego_mod:GoddessCore","alterego_mod:Lingerie"],"picked":"SKIP","floor":6.0},{"not_picked":["alterego_mod:MagicResistance","alterego_mod:BiFurious"],"picked":"alterego_mod:Bunnysuit","floor":11.0},{"not_picked":["alterego_mod:RidiculouslyBig","alterego_mod:Skirt"],"picked":"alterego_mod:Smother","floor":12.0},{"not_picked":["alterego_mod:Support","alterego_mod:Maid"],"picked":"alterego_mod:Mirror","floor":13.0},{"not_picked":["alterego_mod:Cooking","alterego_mod:Santa"],"picked":"alterego_mod:Undulate","floor":14.0},{"not_picked":["alterego_mod:STier","alterego_mod:Tantrum"],"picked":"alterego_mod:AlterEgo","floor":16.0},{"not_picked":["alterego_mod:Jiggle","alterego_mod:Skirt","alterego_mod:BustOut"],"picked":"SKIP","floor":18.0},{"not_picked":["alterego_mod:DiscoLights","alterego_mod:Punishment"],"picked":"alterego_mod:Cooking+1","floor":19.0},{"not_picked":["alterego_mod:GachaTicket+1","alterego_mod:Exercise"],"picked":"alterego_mod:TrashNCrash","floor":23.0},{"not_picked":["alterego_mod:BiFurious","alterego_mod:RidiculouslyBig+1","alterego_mod:BreastValley+1"],"picked":"SKIP","floor":25.0},{"not_picked":["alterego_mod:TrashNCrash+1","alterego_mod:BiFurious"],"picked":"alterego_mod:IndependentAction+1","floor":28.0},{"not_picked":["alterego_mod:DiscoLights+1","alterego_mod:Rip+1","alterego_mod:Crossover+1"],"picked":"SKIP","floor":29.0},{"not_picked":["alterego_mod:IdEs+1","alterego_mod:SideboobHour"],"picked":"alterego_mod:Vow+1","floor":33.0},{"not_picked":["alterego_mod:Jiggle+1","alterego_mod:PerceptionDisorder+1","alterego_mod:Rip"],"picked":"SKIP","floor":35.0},{"not_picked":["alterego_mod:Punishment+1","alterego_mod:RidiculouslyBig+1","alterego_mod:BiFurious"],"picked":"SKIP","floor":36.0},{"not_picked":["alterego_mod:PerceptionDisorder+1","alterego_mod:Maid"],"picked":"alterego_mod:Bloomers+1","floor":37.0},{"not_picked":["alterego_mod:RidiculouslyBig+1","alterego_mod:BiFurious+1","alterego_mod:Support+1"],"picked":"SKIP","floor":40.0},{"not_picked":["alterego_mod:1TonWallop+1","alterego_mod:Skirt+1"],"picked":"alterego_mod:PurpleHair+1","floor":41.0},{"not_picked":["alterego_mod:Rip+1","alterego_mod:Maid","alterego_mod:Cooking+1"],"picked":"SKIP","floor":44.0},{"not_picked":["alterego_mod:Bounce+1","alterego_mod:Jiggle+1"],"picked":"alterego_mod:GoddessCore+1","floor":47.0}],"player_experience":1289783,"relics_obtained":[{"floor":6.0,"key":"Pantograph"},{"floor":9.0,"key":"Eternal Feather"},{"floor":11.0,"key":"Toy Ornithopter"},{"floor":14.0,"key":"Blue Candle"},{"floor":23.0,"key":"Oddly Smooth Stone"},{"floor":23.0,"key":"Bird Faced Urn"},{"floor":25.0,"key":"MealTicket"},{"floor":25.0,"key":"Matryoshka"},{"floor":26.0,"key":"PreservedInsect"},{"floor":26.0,"key":"White Beast Statue"},{"floor":28.0,"key":"Toxic Egg 2"},{"floor":28.0,"key":"Bronze Scales"},{"floor":37.0,"key":"Turnip"},{"floor":40.0,"key":"Bag of Preparation"},{"floor":40.0,"key":"StoneCalendar"},{"floor":41.0,"key":"Ginger"},{"floor":43.0,"key":"Blood Vial"},{"floor":43.0,"key":"Whetstone"},{"floor":44.0,"key":"Ancient Tea Set"},{"floor":44.0,"key":"Nunchaku"},{"floor":46.0,"key":"Potion Belt"}],"event_choices":[{"damage_healed":0.0,"max_hp_gain":0.0,"max_hp_loss":0.0,"gold_gain":0.0,"event_name":"Lab","player_choice":"Got Potions","floor":3.0,"gold_loss":0.0,"damage_taken":0.0},{"damage_healed":0.0,"max_hp_gain":0.0,"max_hp_loss":0.0,"gold_gain":75.0,"event_name":"World of Goop","player_choice":"Gather Gold","floor":5.0,"gold_loss":0.0,"damage_taken":11.0},{"damage_healed":0.0,"max_hp_gain":0.0,"max_hp_loss":0.0,"gold_gain":175.0,"event_name":"Liars Game","player_choice":"AGREE","floor":7.0,"gold_loss":0.0,"damage_taken":0.0,"cards_obtained":["Doubt"]},{"cards_removed":["Doubt"],"damage_healed":0.0,"max_hp_gain":0.0,"max_hp_loss":0.0,"gold_gain":0.0,"event_name":"The Cleric","player_choice":"Card Removal","floor":8.0,"gold_loss":50.0,"damage_taken":0.0},{"damage_healed":0.0,"max_hp_gain":0.0,"max_hp_loss":0.0,"gold_gain":0.0,"event_name":"Dead Adventurer","player_choice":"Searched \u00273\u0027 times","floor":12.0,"gold_loss":0.0,"damage_taken":0.0,"relics_obtained":["Omamori"]},{"damage_healed":0.0,"max_hp_gain":0.0,"max_hp_loss":0.0,"gold_gain":0.0,"event_name":"The Mausoleum","player_choice":"Opened","floor":20.0,"gold_loss":0.0,"damage_taken":0.0,"relics_obtained":["Frozen Egg 2"],"cards_obtained":["Writhe"]},{"cards_removed":["alterego_mod:Defend"],"damage_healed":0.0,"max_hp_gain":0.0,"max_hp_loss":0.0,"gold_gain":0.0,"event_name":"Beggar","player_choice":"Gave Gold","floor":21.0,"gold_loss":75.0,"damage_taken":0.0},{"damage_healed":0.0,"max_hp_gain":0.0,"max_hp_loss":0.0,"gold_gain":0.0,"event_name":"Addict","player_choice":"Obtained Relic","floor":22.0,"gold_loss":85.0,"damage_taken":0.0,"relics_obtained":["Art of War"]},{"damage_healed":0.0,"max_hp_gain":0.0,"max_hp_loss":0.0,"gold_gain":0.0,"event_name":"Ghosts","player_choice":"Ignored","floor":31.0,"gold_loss":0.0,"damage_taken":0.0},{"damage_healed":0.0,"max_hp_gain":0.0,"max_hp_loss":0.0,"gold_gain":0.0,"event_name":"MindBloom","player_choice":"Fight","floor":37.0,"gold_loss":0.0,"damage_taken":0.0},{"cards_removed":["alterego_mod:Bloomers"],"damage_healed":0.0,"max_hp_gain":0.0,"max_hp_loss":0.0,"gold_gain":0.0,"event_name":"Falling","player_choice":"Removed Skill","floor":39.0,"gold_loss":0.0,"damage_taken":0.0},{"damage_healed":0.0,"max_hp_gain":0.0,"max_hp_loss":0.0,"gold_gain":0.0,"event_name":"Mysterious Sphere","player_choice":"Fight","floor":41.0,"gold_loss":0.0,"damage_taken":0.0}],"is_beta":false,"boss_relics":[{"not_picked":["Tiny House","Astrolabe"],"picked":"Black Star"},{"not_picked":["Fusion Hammer","Sozu"],"picked":"Coffee Dripper"}],"items_purged_floors":[],"is_endless":false,"potions_floor_spawned":[4,11,12,14,16,23,28,29,33,35,36,37,40,41,44,47],"ascension_level":1}}