{"host":"7yyoe0ei0fseceei","time":1608399037,"event":{"mods":["BaseMod","Colored Map","Highlight Path","Minty Spire (QoL Compilation)","Quick Restart"],"gold_per_floor":[111,111,261,186,186,186,219,219,219,248,262,262,337,363,363,441,441,451,451,466,381,45,45,5,5,29,60,60,74,102,112,112,186,186,196,196,196,196,33,63,63,63],"floor_reached":41,"playtime":1182,"items_purged":["Doubt","Regret"],"score":1088,"play_id":"3cfbb19b-a3c0-4f6b-9902-96414f4d5159","local_time":"20201219183037","is_ascension_mode":true,"campfire_choices":[{"data":"Survivor","floor":6.0,"key":"SMITH"},{"data":"Unload","floor":8.0,"key":"SMITH"},{"data":"Blade Dance","floor":12.0,"key":"SMITH"},{"data":"Cloak And Dagger","floor":15.0,"key":"SMITH"},{"floor":23.0,"key":"REST"},{"data":"Accuracy","floor":25.0,"key":"SMITH"},{"floor":32.0,"key":"REST"}],"circlet_count":0,"master_deck":["AscendersBane","Strike_G","Strike_G","Defend_G","Defend_G","Defend_G","Defend_G","Defend_G","Survivor+1","Neutralize","Blade Dance+1","Unload+1","Blade Dance+1","Cloak And Dagger+1","Cloak And Dagger","Storm of Steel","Terror+1","Choke","Accuracy+1","Backstab","Cloak And Dagger+1","Blade Dance","Backflip","A Thousand Cuts","Noxious Fumes+1","Dagger Spray+1","Reflex+1","Finisher+1","Accuracy+1","Footwork","Finisher+1","Tactician+1"],"relics":["Ring of the Snake","NeowsBlessing","Orichalcum","Potion Belt","Ancient Tea Set","Pocketwatch","Gambling Chip","Sozu","Toy Ornithopter","Blood Vial","Tiny Chest","Pen Nib","Girya","Astrolabe","Molten Egg 2","Bag of Marbles"],"acts_visited":["TheCity","TheBeyond"],"potions_floor_usage":[],"damage_taken":[{"damage":0.0,"enemies":"Jaw Worm","floor":1.0,"turns":1.0},{"damage":0.0,"enemies":"3 Sentries","floor":7.0,"turns":1.0},{"damage":0.0,"enemies":"Lagavulin","floor":10.0,"turns":1.0},{"damage":3.0,"enemies":"2 Louse","floor":11.0,"turns":2.0},{"damage":6.0,"enemies":"Gremlin Nob","floor":14.0,"turns":3.0},{"damage":34.0,"enemies":"Slime Boss","floor":16.0,"turns":13.0},{"damage":19.0,"enemies":"Chosen","floor":18.0,"turns":4.0},{"damage":0.0,"enemies":"2 Thieves","floor":20.0,"turns":4.0},{"damage":0.0,"enemies":"Book of Stabbing","floor":27.0,"turns":1.0},{"damage":6.0,"enemies":"3 Cultists","floor":29.0,"turns":3.0},{"damage":22.0,"enemies":"Gremlin Leader","floor":30.0,"turns":4.0},{"damage":0.0,"enemies":"Centurion and Healer","floor":31.0,"turns":3.0},{"damage":25.0,"enemies":"Champ","floor":33.0,"turns":6.0},{"damage":10.0,"enemies":"3 Shapes","floor":35.0,"turns":6.0},{"damage":46,"enemies":"Reptomancer","floor":40,"turns":3},{"damage":14,"enemies":"3 Darklings","floor":41,"turns":2}],"seed_played":"-8904599330159289425","potions_obtained":[{"floor":10.0,"key":"BlessingOfTheForge"},{"floor":14.0,"key":"LiquidBronze"},{"floor":16.0,"key":"SkillPotion"}],"is_trial":false,"path_per_floor":["M","?","?","$","?","R","E","R","T","E","M","R","?","E","R","B",null,"M","?","M","?","$","R","$","R","T","E","$","M","E","M","R","B",null,"M","?","?","T","$","E","M"],"character_chosen":"THE_SILENT","items_purchased":["Accuracy","Blood Vial","Backstab","Footwork","Finisher+1"],"campfire_rested":2,"item_purchase_floors":[22,22,24,39,39],"current_hp_per_floor":[59,59,59,59,59,59,59,59,59,59,56,56,45,39,39,5,51,32,14,14,14,14,35,35,35,35,37,37,33,13,15,36,13,57,49,49,49,49,49,5,0,0],"gold":63,"neow_bonus":"THREE_ENEMY_KILL","is_daily":false,"chose_seed":false,"campfire_upgraded":5,"win_rate":0.0,"timestamp":1608399037,"path_taken":["M","?","?","$","?","R","E","R","T","E","M","R","?","E","R","BOSS","M","?","M","?","$","R","?","R","T","E","?","M","E","M","R","BOSS","M","?","?","?","$","E","?"],"items_purchased_type":["Card","Relic","Card","Card","Card"],"build_version":"2020-12-13","purchased_purges":2,"victory":false,"max_hp_per_floor":[66,66,66,66,66,66,66,66,66,66,66,66,66,66,66,66,66,66,71,71,71,71,71,71,71,71,71,71,71,71,71,71,71,71,71,71,71,71,71,71,71,71],"card_choices":[{"not_picked":["Expertise","Deadly Poison"],"picked":"Blade Dance","floor":1.0},{"not_picked":["Dodge and Roll","Expertise"],"picked":"Unload","floor":7.0},{"not_picked":["Footwork","Dodge and Roll"],"picked":"Blade Dance","floor":10.0},{"not_picked":["Well Laid Plans","Flying Knee"],"picked":"Cloak And Dagger","floor":11.0},{"not_picked":["Escape Plan","Poisoned Stab"],"picked":"Cloak And Dagger","floor":14.0},{"not_picked":["Grand Finale","Phantasmal Killer"],"picked":"Storm of Steel","floor":16.0},{"not_picked":["Distraction","Backflip"],"picked":"Terror+1","floor":18.0},{"not_picked":["Sucker Punch","Quick Slash"],"picked":"Choke","floor":20.0},{"not_picked":["Flying Knee","Outmaneuver","Sucker Punch"],"picked":"SKIP","floor":27.0},{"not_picked":["Backflip+1","Outmaneuver"],"picked":"Cloak And Dagger+1","floor":29.0},{"not_picked":["Slice","Glass Knife"],"picked":"Blade Dance","floor":30.0},{"not_picked":["Dagger Spray","Underhanded Strike"],"picked":"Backflip","floor":31.0},{"not_picked":["Envenom","Grand Finale"],"picked":"A Thousand Cuts","floor":33.0},{"not_picked":["Acrobatics+1","Endless Agony"],"picked":"Finisher+1","floor":35.0},{"not_picked":["Venomology","Endless Agony+1"],"picked":"Tactician+1","floor":40}],"player_experience":907835,"relics_obtained":[{"floor":7.0,"key":"Potion Belt"},{"floor":9.0,"key":"Ancient Tea Set"},{"floor":10.0,"key":"Pocketwatch"},{"floor":14.0,"key":"Gambling Chip"},{"floor":26.0,"key":"Tiny Chest"},{"floor":27.0,"key":"Pen Nib"},{"floor":30.0,"key":"Girya"},{"floor":38.0,"key":"Molten Egg 2"},{"floor":40,"key":"Bag of Marbles"}],"event_choices":[{"damage_healed":0.0,"max_hp_gain":0.0,"max_hp_loss":0.0,"gold_gain":0.0,"event_name":"Living Wall","player_choice":"Grow","floor":2.0,"gold_loss":0.0,"damage_taken":0.0,"cards_upgraded":["Blade Dance"]},{"damage_healed":0.0,"max_hp_gain":0.0,"max_hp_loss":0.0,"gold_gain":150.0,"event_name":"Liars Game","player_choice":"AGREE","floor":3.0,"gold_loss":0.0,"damage_taken":0.0,"cards_obtained":["Doubt"]},{"damage_healed":0.0,"max_hp_gain":0.0,"max_hp_loss":0.0,"gold_gain":0.0,"event_name":"Big Fish","player_choice":"Box","floor":5.0,"gold_loss":0.0,"damage_taken":0.0,"relics_obtained":["Orichalcum"],"cards_obtained":["Regret"]},{"damage_healed":0.0,"max_hp_gain":0.0,"max_hp_loss":0.0,"gold_gain":75.0,"event_name":"World of Goop","player_choice":"Gather Gold","floor":13.0,"gold_loss":0.0,"damage_taken":11.0},{"damage_healed":0.0,"max_hp_gain":5.0,"max_hp_loss":0.0,"gold_gain":0.0,"event_name":"Forgotten Altar","player_choice":"Shed Blood","floor":19.0,"gold_loss":0.0,"damage_taken":23.0},{"damage_healed":0.0,"max_hp_gain":0.0,"max_hp_loss":0.0,"gold_gain":0.0,"event_name":"Addict","player_choice":"Obtained Relic","floor":21.0,"gold_loss":85.0,"damage_taken":0.0,"relics_obtained":["Toy Ornithopter"]},{"damage_healed":0.0,"max_hp_gain":0.0,"max_hp_loss":0.0,"gold_gain":0.0,"event_name":"Mysterious Sphere","player_choice":"Ignored","floor":36.0,"gold_loss":0.0,"damage_taken":0.0},{"damage_healed":0.0,"max_hp_gain":0.0,"max_hp_loss":0.0,"gold_gain":0.0,"event_name":"Duplicator","player_choice":"Copied","floor":37.0,"gold_loss":0.0,"damage_taken":0.0,"cards_obtained":["Accuracy"]}],"is_beta":false,"boss_relics":[{"not_picked":["SlaversCollar","HoveringKite"],"picked":"Sozu"},{"not_picked":["Ring of the Serpent","Coffee Dripper"],"picked":"Astrolabe"}],"items_purged_floors":[4,22],"is_endless":false,"potions_floor_spawned":[10,14,16,20,29,31],"killed_by":"3 Darklings","ascension_level":20}}