{"host":"ow9msrs9p2ctkx99","time":1608398178,"event":{"mods":["AchievementEnabler","BaseMod","Colored Map","Colored Powertips","Minty Spire (QoL Compilation)","Permanent Neow","Quick Restart","SuperFastMode"],"gold_per_floor":[115,126,139,89,89,132,132,172,172,203,203,228,251,251,251,370,370,393,21,34,82,42,78,78,117,171,190,231,356,371,389,389,512,512,537,550,575,384,1383,1383,1403,1403,1475,1808,935,986,986,1019,1019,1019,1019,1019,33,64,64],"floor_reached":56,"playtime":1984,"items_purged":["Strike_B","Normality","Normality"],"score":1941,"play_id":"aa56ed31-50df-4eda-a864-d715d8bf43c2","local_time":"20201219181618","is_ascension_mode":true,"campfire_choices":[{"data":"Genetic Algorithm","floor":11,"key":"SMITH"},{"data":"Tempest","floor":15,"key":"SMITH"},{"data":"Consume","floor":24,"key":"SMITH"},{"data":"Sunder","floor":32,"key":"SMITH"},{"data":"Heatsinks","floor":40,"key":"SMITH"},{"floor":42,"key":"RECALL"},{"floor":49,"key":"REST"},{"data":"Static Discharge","floor":52,"key":"SMITH"}],"circlet_count":0,"master_deck":["AscendersBane","Strike_B","Strike_B","Defend_B","Defend_B","Defend_B","Defend_B","Zap","Dualcast","Self Repair","Tempest+1","Rebound","Streamline","Genetic Algorithm+1","Conserve Battery","Undo","Electrodynamics","Capacitor+1","Doom and Gloom","Static Discharge+1","Heatsinks+1","Consume+1","Sunder+1","Conserve Battery","Hologram+1","Glacier","Creative AI","Defragment+1","Reboot","Defragment+1","Compile Driver","Stack","Mayhem","Coolheaded+1","Hologram+1","Sweeping Beam","Redo+1","Meteor Strike","Leap+1","Panache","PanicButton+1","Compile Driver","Compile Driver+1"],"relics":["Snecko Eye","Torii","Question Card","Gremlin Horn","Bag of Preparation","Thread and Needle","Sozu","Mummified Hand","Oddly Smooth Stone","Sundial","MealTicket","Pocketwatch","Ice Cream","Pantograph","SlaversCollar","DollysMirror","Toxic Egg 2","Chemical X","Toy Ornithopter","Dream Catcher","Turnip","Meat on the Bone","Bottled Lightning","Strawberry","PrismaticShard","Bronze Scales"],"acts_visited":["Exordium","TheCity","TheBeyond","TheEnding"],"potions_floor_usage":[8,13],"damage_taken":[{"damage":7.0,"enemies":"Jaw Worm","floor":1.0,"turns":5.0},{"damage":5.0,"enemies":"2 Louse","floor":2.0,"turns":4.0},{"damage":13.0,"enemies":"Small Slimes","floor":3.0,"turns":7.0},{"damage":30.0,"enemies":"3 Sentries","floor":6.0,"turns":6.0},{"damage":2,"enemies":"Lagavulin","floor":8,"turns":6},{"damage":20,"enemies":"3 Sentries","floor":10,"turns":5},{"damage":8,"enemies":"Red Slaver","floor":12,"turns":4},{"damage":26,"enemies":"Exordium Thugs","floor":13,"turns":6},{"damage":4,"enemies":"The Guardian","floor":16,"turns":13},{"damage":1,"enemies":"2 Thieves","floor":18,"turns":4},{"damage":2,"enemies":"Shell Parasite","floor":20,"turns":7},{"damage":28,"enemies":"Slavers","floor":23,"turns":4},{"damage":8,"enemies":"Book of Stabbing","floor":25,"turns":4},{"damage":6,"enemies":"Snecko","floor":27,"turns":3},{"damage":15,"enemies":"Slavers","floor":28,"turns":3},{"damage":0,"enemies":"Colosseum Slavers","floor":29,"turns":4},{"damage":10,"enemies":"Colosseum Nobs","floor":29,"turns":4},{"damage":14,"enemies":"Snake Plant","floor":30,"turns":3},{"damage":0,"enemies":"Centurion and Healer","floor":31,"turns":3},{"damage":24,"enemies":"Champ","floor":33,"turns":13},{"damage":0,"enemies":"3 Shapes","floor":35,"turns":3},{"damage":0,"enemies":"3 Darklings","floor":36,"turns":4},{"damage":0,"enemies":"Spire Growth","floor":37,"turns":5},{"damage":27,"enemies":"Writhing Mass","floor":41,"turns":6},{"damage":20,"enemies":"2 Orb Walkers","floor":46,"turns":4},{"damage":0,"enemies":"Reptomancer","floor":48,"turns":3},{"damage":14,"enemies":"Donu and Deca","floor":50,"turns":6},{"damage":12,"enemies":"Shield and Spear","floor":54,"turns":5},{"damage":45,"enemies":"The Heart","floor":55,"turns":8}],"seed_played":"-681445666275617040","potions_obtained":[{"floor":1.0,"key":"Fire Potion"},{"floor":6.0,"key":"FocusPotion"},{"floor":10,"key":"Fruit Juice"}],"is_trial":false,"path_per_floor":["M","M","M","?","?","E","?","E","T","E","R","M","M","T","R","B",null,"M","$","M","T","$","E","R","E","T","M","E","?","M","M","R","B",null,"M","M","M","$","?","R","M","R","T","?","$","?","?","E","R","B",null,"R","$","E","B",null],"character_chosen":"DEFECT","items_purchased":["Mummified Hand","Doom and Gloom","Heatsinks","DollysMirror","Compile Driver","Chemical X","Toy Ornithopter","Dream Catcher","Mayhem","Coolheaded+1","Hologram+1","Sweeping Beam","Bottled Lightning","Panache","PanicButton+1","Compile Driver","Strawberry","PrismaticShard"],"campfire_rested":1,"item_purchase_floors":[19,19,22,38,38,45,45,45,45,45,45,45,53,53,53,53,53,53],"current_hp_per_floor":[61,63,57,57,57,34,69,69,69,56,56,55,41,41,41,44,67,73,73,74,74,74,53,53,52,52,53,45,49,42,49,49,57,70,70,74,74,74,74,74,54,54,54,54,69,49,49,56,74,67,72,72,81,76,55],"gold":64,"neow_bonus":"BOSS_RELIC","is_daily":false,"chose_seed":false,"campfire_upgraded":6,"win_rate":0.0,"timestamp":1608398178,"path_taken":["M","M","M","?","?","E","?","E","T","E","R","M","?","?","R","BOSS","M","$","M","?","$","E","R","E","T","M","E","?","M","M","R","BOSS","M","M","M","$","?","R","M","R","T","?","$","?","?","E","R","BOSS","R","$","E","BOSS"],"items_purchased_type":["Relic","Card","Card","Relic","Card","Relic","Relic","Relic","Card","Card","Card","Card","Relic","Card","Card","Card","Relic","Relic"],"build_version":"2020-12-13","purchased_purges":3,"victory":true,"max_hp_per_floor":[75,75,75,75,69,69,69,69,69,69,69,69,74,74,74,74,74,74,74,74,74,74,74,74,74,74,74,74,74,74,74,74,74,74,74,74,74,74,74,74,74,74,74,74,74,74,74,74,74,74,74,74,81,81,81],"card_choices":[{"not_picked":["Steam","Beam Cell"],"picked":"Self Repair","floor":1.0},{"not_picked":["Stack","FTL"],"picked":"Skim","floor":2.0},{"not_picked":["FTL","Go for the Eyes"],"picked":"Tempest","floor":3.0},{"not_picked":["Gash","FTL"],"picked":"Rebound","floor":6.0},{"not_picked":["Hello World","Sweeping Beam"],"picked":"Streamline","floor":8},{"not_picked":["Barrage","Coolheaded","Turbo"],"picked":"Genetic Algorithm","floor":10},{"not_picked":["Rebound","Go for the Eyes","Redo"],"picked":"Conserve Battery","floor":12},{"not_picked":["Fission","Reprogram","Streamline"],"picked":"Undo","floor":13},{"not_picked":["Hyperbeam","Rainbow","Buffer"],"picked":"Electrodynamics","floor":16},{"not_picked":["Tempest+1","Redo","Genetic Algorithm"],"picked":"Capacitor+1","floor":18},{"not_picked":["Fusion","Loop","Storm"],"picked":"Static Discharge","floor":20},{"not_picked":["Fusion+1","Cold Snap","Stack"],"picked":"Consume","floor":23},{"not_picked":["Reprogram","Streamline","Doom and Gloom","Leap"],"picked":"SKIP","floor":25},{"not_picked":["Turbo","Ball Lightning","Gash","Rip and Tear"],"picked":"SKIP","floor":27},{"not_picked":["Go for the Eyes","Reprogram+1","Sweeping Beam+1"],"picked":"Sunder","floor":28},{"not_picked":["Go for the Eyes","Tempest+1","Beam Cell"],"picked":"Conserve Battery","floor":29},{"not_picked":["Gash+1","Leap","Lockon+1"],"picked":"Hologram+1","floor":30},{"not_picked":["Undo+1","Doom and Gloom","Thunder Strike"],"picked":"Glacier","floor":31},{"not_picked":["Biased Cognition","Thunder Strike","Buffer"],"picked":"Creative AI","floor":33},{"not_picked":["Static Discharge+1","Leap+1","Storm+1"],"picked":"Defragment+1","floor":35},{"not_picked":["Stack","Turbo","Leap","Static Discharge+1"],"picked":"SKIP","floor":36},{"not_picked":["Steam+1","Stack","Chill+1"],"picked":"Reboot","floor":37},{"not_picked":["Melter+1","Go for the Eyes","White Noise"],"picked":"Stack","floor":41},{"not_picked":["Gash","Go for the Eyes+1","Cold Snap+1"],"picked":"Redo+1","floor":46},{"not_picked":["Lockon","Steam Power+1","Turbo+1"],"picked":"Meteor Strike","floor":48},{"not_picked":["Sunder","Ball Lightning","FTL+1"],"picked":"Leap+1","floor":49},{"not_picked":["SashWhip+1","Rebound","Secret Weapon+1"],"picked":"Compile Driver+1","floor":54}],"player_experience":1078310,"relics_obtained":[{"floor":6.0,"key":"Torii"},{"floor":8,"key":"Question Card"},{"floor":9,"key":"Gremlin Horn"},{"floor":10,"key":"Bag of Preparation"},{"floor":14,"key":"Thread and Needle"},{"floor":21,"key":"Oddly Smooth Stone"},{"floor":23,"key":"Sundial"},{"floor":25,"key":"MealTicket"},{"floor":28,"key":"Pocketwatch"},{"floor":29,"key":"Ice Cream"},{"floor":29,"key":"Pantograph"},{"floor":43,"key":"Toxic Egg 2"},{"floor":46,"key":"Turnip"},{"floor":48,"key":"Meat on the Bone"},{"floor":54,"key":"Bronze Scales"}],"event_choices":[{"cards_removed":["Strike_B"],"damage_healed":0.0,"max_hp_gain":0.0,"max_hp_loss":0.0,"gold_gain":0.0,"event_name":"The Cleric","player_choice":"Card Removal","floor":4.0,"gold_loss":50.0,"damage_taken":0.0},{"damage_healed":0.0,"max_hp_gain":0.0,"max_hp_loss":6.0,"gold_gain":0.0,"event_name":"Golden Idol","player_choice":"Lose Max HP","floor":5.0,"gold_loss":0.0,"damage_taken":0.0,"relics_obtained":["Golden Idol"]},{"cards_removed":["Skim"],"damage_healed":35.0,"max_hp_gain":0.0,"max_hp_loss":0.0,"gold_gain":0.0,"event_name":"Bonfire Elementals","player_choice":"Offered Uncommon","floor":7.0,"gold_loss":0.0,"damage_taken":0.0},{"damage_healed":0,"gold_gain":0,"player_choice":"Fight","damage_taken":0,"max_hp_gain":0,"max_hp_loss":0,"event_name":"Colosseum","floor":29,"gold_loss":0},{"damage_healed":0,"gold_gain":0,"player_choice":"Fought Nobs","damage_taken":0,"max_hp_gain":0,"max_hp_loss":0,"event_name":"Colosseum","floor":29,"gold_loss":0},{"damage_healed":0,"gold_gain":999,"player_choice":"Gold","damage_taken":0,"max_hp_gain":0,"max_hp_loss":0,"event_name":"MindBloom","floor":39,"gold_loss":0,"cards_obtained":["Normality","Normality"]},{"damage_healed":0,"gold_gain":333,"player_choice":"Gave Idol","damage_taken":0,"max_hp_gain":0,"max_hp_loss":0,"event_name":"The Moai Head","floor":44,"relics_lost":["Golden Idol"],"gold_loss":0},{"damage_healed":0,"gold_gain":0,"player_choice":"Fight","damage_taken":0,"max_hp_gain":0,"max_hp_loss":0,"event_name":"Mysterious Sphere","floor":46,"gold_loss":0},{"damage_healed":0,"gold_gain":0,"player_choice":"Got Potions","damage_taken":0,"max_hp_gain":0,"max_hp_loss":0,"event_name":"Lab","floor":47,"gold_loss":0}],"is_beta":false,"boss_relics":[{"not_picked":["Runic Dome","Fusion Hammer"],"picked":"Sozu"},{"not_picked":["Philosopher\u0027s Stone","Busted Crown"],"picked":"SlaversCollar"}],"items_purged_floors":[19,45,53],"is_endless":false,"potions_floor_spawned":[1,6,10,18,27,29,29,31,35,46],"ascension_level":11}}