{"host":"v4s5k3c6jywmeofl","time":1608406598,"event":{"mods":["Act Like it!","BaseMod","Colored Map","Downfall","Gensokyo","Hallownest","Hermit","Marisa????????","Minty Spire (QoL Compilation)","Quick Restart","Random Character Button","Rare Cards Sparkle","Replay The Spire","StSLib","The Animator","The Bug Knight","The Cursed","The Hierophant","The Servant 0.9.4"],"gold_per_floor":[116,116,133,173,173,202,202,212,235,235,235,12,24,24,34,61,61,166,166,183,38,64,64,83,83,111,122,145,145,145],"floor_reached":29,"playtime":1327,"items_purged":["Strike_G"],"score":301,"play_id":"d450c4eb-4ff5-41de-b5e8-e2ef04dab63b","local_time":"20201219143638","is_ascension_mode":false,"campfire_choices":[{"data":"Neutralize","floor":7,"key":"SMITH"},{"data":"Replay:Poison Smokescreen","floor":17,"key":"SMITH"},{"floor":25,"key":"REST"}],"circlet_count":0,"master_deck":["Strike_G","Strike_G","Survivor","Neutralize+1","Poisoned Stab","Poisoned Stab","Hallownest:skillLeafShield","Hallownest:skillLeafShield","Hallownest:skillLeafShield","Hallownest:skillLeafShield","Hallownest:skillLeafShield","Dagger Throw","Hidden Blade+1","Replay:Poison Smokescreen+1","Sneak Up","Prepared","Well Laid Plans","Replay:Bag of Tricks","Flying Knee","Draining Mist","Acrobatics","Deadly Poison"],"relics":["Ring of the Snake","NeowsBlessing","Hallownest:DreamNailRelic","Orichalcum","Happy Flower","Gremlin Food","CaptainsWheel","Sozu","Gensokyo:MosesMiracle","HollowMod:PaleOreRelic","Pet Ghost"],"acts_visited":["Hallownest:Greenpath","Gensokyo:Gensokyoer"],"potions_floor_usage":[],"damage_taken":[{"damage":0,"enemies":"Hallownest:2_MossCreeps","floor":1,"turns":1},{"damage":0,"enemies":"Hallownest:monsterHuskWarrior","floor":3,"turns":1},{"damage":0,"enemies":"Hallownest:eliteVengeflyKing","floor":6,"turns":1},{"damage":0,"enemies":"Hallownest:2_Baldur","floor":8,"turns":3},{"damage":9,"enemies":"Hallownest:Guard_and_Warrior","floor":13,"turns":4},{"damage":6,"enemies":"Hallownest:monsterMarmu","floor":14,"turns":5},{"damage":3,"enemies":"Hallownest:1_Ooma_and_2_Uuma","floor":15,"turns":7},{"damage":12,"enemies":"Hallownest:eliteCrystalGuardian","floor":16,"turns":5},{"damage":17,"enemies":"Hallownest:BossFalseKnight","floor":18,"turns":8},{"damage":15,"enemies":"Gensokyo:AngelMirror","floor":20,"turns":5},{"damage":3,"enemies":"Gensokyo:3_Dogs","floor":24,"turns":5},{"damage":31,"enemies":"Gensokyo:Tenshi","floor":26,"turns":5},{"damage":27,"enemies":"Gensokyo:Slime_Group","floor":27,"turns":5},{"damage":12,"enemies":"Gensokyo:Monolith_and_Dog","floor":29,"turns":2}],"seed_played":"3485669913735822525","potions_obtained":[{"floor":3,"key":"DistilledChaos"},{"floor":6,"key":"Swift Potion"}],"is_trial":false,"path_per_floor":["M","?","M","?","?","E","R","M","T","PTL","PTL","$","M","?","M","E","R","B",null,"M","$","T","?","M","R","E","M","T","M"],"character_chosen":"THE_SILENT","items_purchased":["Replay:Poison Smokescreen","Gremlin Food","Draining Mist"],"campfire_rested":1,"item_purchase_floors":[12,12,21],"current_hp_per_floor":[70,70,70,70,70,70,70,70,70,70,70,70,61,55,52,40,40,23,70,55,55,55,55,52,70,39,12,12,0,0],"gold":145,"neow_bonus":"THREE_ENEMY_KILL","is_daily":false,"chose_seed":false,"campfire_upgraded":2,"win_rate":0.0,"timestamp":1608406598,"path_taken":["M","?","?","?","?","E","R","?","T","PTL","PTL","$","M","?","M","E","R","BOSS","M","$","?","?","M","R","E","?","T","?"],"items_purchased_type":["Card","Relic","Card"],"build_version":"2020-12-13","purchased_purges":1,"victory":false,"max_hp_per_floor":[70,70,70,70,70,70,70,70,70,70,70,70,70,70,70,70,70,70,70,70,70,70,70,70,70,70,70,70,70,70],"card_choices":[{"not_picked":["Backflip","Terror"],"picked":"Poisoned Stab","floor":1},{"not_picked":["Predator","Flechettes"],"picked":"Poisoned Stab","floor":3},{"not_picked":["Backstab","Finisher"],"picked":"Dagger Throw","floor":6},{"not_picked":["Sucker Punch","Dash"],"picked":"Hidden Blade","floor":8},{"not_picked":["Outmaneuver","PiercingWail"],"picked":"Sneak Up","floor":13},{"not_picked":["Deflect","Underhanded Strike"],"picked":"Prepared","floor":15},{"not_picked":["ReplayTheSpireMod:Scrap Shanks","Dagger Spray"],"picked":"Well Laid Plans","floor":16},{"not_picked":["Poison Darts","Doppelganger"],"picked":"Replay:Bag of Tricks","floor":18},{"not_picked":["Flechettes","Acrobatics"],"picked":"Flying Knee","floor":20},{"not_picked":["Dodge and Roll+1","Acrobatics","Dagger Spray"],"picked":"SKIP","floor":24},{"not_picked":["Bullet Time","Finisher"],"picked":"Acrobatics","floor":26},{"not_picked":["Riddle With Holes","Dodge and Roll"],"picked":"Deadly Poison","floor":27}],"player_experience":81668,"relics_obtained":[{"floor":6,"key":"Orichalcum"},{"floor":9,"key":"Happy Flower"},{"floor":16,"key":"CaptainsWheel"},{"floor":26,"key":"HollowMod:PaleOreRelic"},{"floor":27,"key":"Gensokyo:MosesMiracle"},{"floor":28,"key":"Pet Ghost"}],"event_choices":[],"is_beta":false,"boss_relics":[{"not_picked":["Busted Crown","Coffee Dripper"],"picked":"Sozu"}],"items_purged_floors":[21],"is_endless":false,"potions_floor_spawned":[3,6,14,20,24,27],"killed_by":"Gensokyo:Monolith_and_Dog","ascension_level":0}}