{"host":"8g24zuco0epbjwbo","time":1608421347,"event":{"mods":["Act Like it!","BaseMod","Hallownest","Minty Spire (QoL Compilation)","Relic Stats","StSLib","The Blue Laboratory","The Bug Knight"],"gold_per_floor":[114,114,2,31,31,62,62,96,170,196,196,226,226,245,245,245,245],"floor_reached":16,"playtime":1046,"items_purged":["HollowMod:QuickDashStart"],"score":138,"play_id":"60d001fc-292c-4c37-b6b2-0a5e42cd2c95","local_time":"20201219184227","is_ascension_mode":true,"campfire_choices":[{"floor":7,"key":"REST"},{"data":"HollowMod:SoulEater","floor":11,"key":"SMITH"},{"data":"HollowMod:InfectedAttack","floor":15,"key":"SMITH"}],"circlet_count":1,"master_deck":["HollowMod:NailStrikeStart","HollowMod:NailStrikeStart","HollowMod:NailStrikeStart","HollowMod:NailStrikeStart","HollowMod:QuickDashStart","HollowMod:QuickDashStart","HollowMod:QuickDashStart","HollowMod:FocusHealStart","HollowMod:PogoStrike","HollowMod:PaleKingsBlessing","HollowMod:SoulEater+1","HollowMod:NewGlowingWomb","HollowMod:Grubsong","HollowMod:Weaversong","HollowMod:SoulSplash","HollowMod:HeavyBlow","HollowMod:DungDefenderAura","HollowMod:GoodIntentions","HollowMod:InfectedAttack+1"],"relics":["HollowMod:VesselMask","Hallownest:DreamNailRelic","Dream Catcher","Nunchaku","Boot","Meat on the Bone","Orichalcum","Bottled Lightning","Circlet"],"acts_visited":["Exordium"],"potions_floor_usage":[6],"damage_taken":[{"damage":8,"enemies":"Hallownest:monsterHuskGuard","floor":1,"turns":7},{"damage":38,"enemies":"Hallownest:eliteCrystalGuardian","floor":4,"turns":8},{"damage":31,"enemies":"Hallownest:eliteVengeflyKing","floor":6,"turns":13},{"damage":40,"enemies":"Hallownest:eliteCrystalGuardian","floor":8,"turns":8},{"damage":14,"enemies":"Hallownest:eliteVengeflyKing","floor":10,"turns":9},{"damage":10,"enemies":"Hallownest:eliteMossKnight","floor":12,"turns":9},{"damage":2,"enemies":"Hallownest:monsterHuskWarrior","floor":14,"turns":7},{"damage":72,"enemies":"Hallownest:BossBrokenVessel","floor":16,"turns":11}],"seed_played":"-8095292691123683420","potions_obtained":[{"floor":1,"key":"DuplicationPotion"},{"floor":4,"key":"Block Potion"},{"floor":6,"key":"LiquidMemories"},{"floor":12,"key":"Ancient Potion"}],"is_trial":false,"path_per_floor":["M","?","$","?","$","E","R","E","T","E","R","E","?","M","R","B"],"character_chosen":"THE_BUGKNIGHT","items_purchased":["HollowMod:NewGlowingWomb"],"campfire_rested":1,"item_purchase_floors":[3],"current_hp_per_floor":[61,61,61,38,38,27,49,27,27,40,40,45,45,58,58,0,0],"gold":245,"neow_bonus":"THREE_RARE_CARDS","is_daily":false,"chose_seed":false,"campfire_upgraded":2,"win_rate":0.0,"timestamp":1608421347,"path_taken":["M","?","$","?","$","E","R","E","T","E","R","E","?","?","R","BOSS"],"items_purchased_type":["Card"],"build_version":"2020-12-13","purchased_purges":1,"victory":false,"max_hp_per_floor":[75,75,75,75,75,75,75,75,75,75,75,75,75,75,75,75,75],"relic_stats":{"Dream Catcher":1,"Nunchaku":[7],"counters":[8,72],"Orichalcum":[36],"Boot":[22],"obtain_stats":[{"Dream Catcher":4,"Nunchaku":6,"Circlet":13,"HollowMod:VesselMask":0,"Hallownest:DreamNailRelic":2,"Bottled Lightning":12,"Orichalcum":10,"Boot":8,"Meat on the Bone":9},{"Dream Catcher":2,"Nunchaku":3,"Circlet":6,"HollowMod:VesselMask":0,"Hallownest:DreamNailRelic":1,"Bottled Lightning":6,"Orichalcum":5,"Boot":4,"Meat on the Bone":4},{"Dream Catcher":15,"Nunchaku":28,"Circlet":54,"HollowMod:VesselMask":0,"Hallownest:DreamNailRelic":7,"Bottled Lightning":54,"Orichalcum":45,"Boot":36,"Meat on the Bone":36}],"Meat on the Bone":12},"card_choices":[{"not_picked":["HollowMod:RadiancesLament","HollowMod:NewInfectedGuardian"],"picked":"HollowMod:PaleKingsBlessing","floor":0},{"not_picked":["HollowMod:ShadowDash","HollowMod:CornifersMapStart"],"picked":"HollowMod:SoulEater","floor":1},{"not_picked":["HollowMod:DoubleDash","HollowMod:FastStrike"],"picked":"HollowMod:Grubsong","floor":4},{"not_picked":["HollowMod:BaldurShell","HollowMod:SoulSplash"],"picked":"HollowMod:Weaversong","floor":6},{"not_picked":["HollowMod:NewJinnsSoul","HollowMod:DashSlash"],"picked":"HollowMod:SoulSplash","floor":7},{"not_picked":["HollowMod:NewGlowingWomb","HollowMod:SoulStrike"],"picked":"HollowMod:HeavyBlow","floor":8},{"not_picked":["HollowMod:GreatSlash","HollowMod:DashSlash"],"picked":"HollowMod:DungDefenderAura","floor":10},{"not_picked":["HollowMod:SoulStrike","HollowMod:ElderbugsWisdom"],"picked":"HollowMod:GoodIntentions","floor":12},{"not_picked":["HollowMod:SiblingsSouls","HollowMod:SharpenedShadows"],"picked":"HollowMod:InfectedAttack","floor":14}],"player_experience":361929,"relics_obtained":[{"floor":4,"key":"Dream Catcher"},{"floor":6,"key":"Nunchaku"},{"floor":8,"key":"Boot"},{"floor":9,"key":"Meat on the Bone"},{"floor":10,"key":"Orichalcum"},{"floor":12,"key":"Bottled Lightning"}],"event_choices":[],"is_beta":false,"boss_relics":[],"items_purged_floors":[3],"is_endless":false,"potions_floor_spawned":[1,4,6,12],"killed_by":"Hallownest:BossBrokenVessel","ascension_level":1}}