{"host":"6o1vh5lr98s0jjq7","time":1608383649,"event":{"mods":["2.2 Compatiblity","Act Like it!","Aspiration","BaseMod","Better Altar","Better Match","Better Note","Better Third Choice","Conspire","Downfall","Gensokyo","Hallownest","Infinite Spire","Marisa????????","Minty Spire (QoL Compilation)","Replay The Spire","StSLib","The Alterego","WarShipGirlsR/????R mod"],"gold_per_floor":[349,349,379,379,379,379,379,379,304,304,304,330,350,8,25,132,132,57,80,82,160,204,204,253,271,271,299,299,307,307],"floor_reached":29,"playtime":2029,"items_purged":["Voices"],"score":262,"play_id":"30454e0a-90fd-4b80-b9d0-3c610fbfcc50","local_time":"20201219071409","is_ascension_mode":false,"campfire_choices":[{"floor":4,"key":"REST"},{"floor":9,"key":"RECALL"},{"floor":18,"key":"DIG"},{"floor":23,"key":"REST"}],"circlet_count":0,"master_deck":["hexamod:Strike","hexamod:Strike","hexamod:Defend","hexamod:Defend","hexamod:Defend","hexamod:Sear","hexamod:Float","hexamod:TimeWarp","hexamod:Firestarter","hexamod:GhostOfSpirePresent","hexamod:BurningTouch","hexamod:GhostShield","hexamod:PowerFromBeyond","Backflip+1","ReplayTheSpireMod:Shiv Toss","Tools of the Trade","hexamod:Hexaguard","hexamod:ThermalTransfer","Injury","hexamod:HeatCrush","hexamod:HeatCrush","expansioncontent:SlimeTackle","hexamod:FifthSeal","hexamod:SearingWound","hexamod:SecondSeal","hexamod:TimeOfNeed","hexamod:FourthSeal","hexamod:ThirdSeal","hexamod:EtherealExpedition+1","hexamod:UnleashSpirits","Injury","hexamod:RetreatToShadows+1","hexamod:BurningTouch","hexamod:AdvancingGuard","expansioncontent:BronzeBeam","hexamod:SecondSeal","hexamod:NightmareGuise"],"relics":["hexamod:SpiritBrand","conspire:InfiniteJournal","downfall:HeartBlessingBlue","Ring of Searing","Gremlin Food","ReplayTheSpireMod:CursedCoin","infinitespire:Midas Blood","Cursed Key","downfall:HeartBlessingRed","Lantern","downfall:KnowingSkull","infinitespire:Golems Mask","Pen Nib"],"acts_visited":["Exordium","TheCity"],"potions_floor_usage":[16,22,22,22,22,27,29],"damage_taken":[{"damage":34,"enemies":"3 Sentries","floor":3,"turns":10},{"damage":0,"enemies":"Cultist","floor":6,"turns":1},{"damage":2,"enemies":"Small Slimes","floor":13,"turns":3},{"damage":4,"enemies":"downfall:FleeingMerchant","floor":14,"turns":4},{"damage":3,"enemies":"2 Louse","floor":15,"turns":3},{"damage":17,"enemies":"downfall:Watcher","floor":16,"turns":6},{"damage":22,"enemies":"conspire:FuzzyDice","floor":19,"turns":4},{"damage":27,"enemies":"Spheric Guardian","floor":21,"turns":5},{"damage":3,"enemies":"Book of Stabbing","floor":22,"turns":3},{"damage":12,"enemies":"Shelled Parasite and Fungi","floor":25,"turns":4},{"damage":19,"enemies":"Cultist and Chosen","floor":27,"turns":5},{"damage":14,"enemies":"conspire:HollyBat","floor":29,"turns":8}],"seed_played":"-4613114335331694094","potions_obtained":[{"floor":15,"key":"BlessingOfTheForge"},{"floor":16,"key":"PowerPotion"},{"floor":19,"key":"EntropicBrew"},{"floor":22,"key":"Flashbang"}],"is_trial":false,"path_per_floor":["R","?","E","R","?","M","T","?","R","?","?","T","M","$","M","B",null,"R","M","?","M","E","R","T","M","?","M","?","M"],"character_chosen":"THE_SPIRIT","items_purchased":["ReplayTheSpireMod:CursedCoin","hexamod:HeatCrush","infinitespire:Midas Blood","expansioncontent:SlimeTackle"],"campfire_rested":2,"item_purchase_floors":[14,14,14,14],"current_hp_per_floor":[49,49,15,36,36,36,36,36,46,46,46,46,44,40,37,20,80,80,58,51,24,21,45,45,33,33,14,14,0,0],"gold":307,"neow_bonus":"TWO_FIFTY_GOLD","is_daily":false,"chose_seed":false,"campfire_upgraded":0,"win_rate":0.0,"timestamp":1608383649,"path_taken":["R","?","E","R","?","M","T","?","R","?","?","?","M","$","M","BOSS","R","M","?","?","E","R","T","M","?","M","?","M"],"items_purchased_type":["Relic","Card","Relic","Card"],"build_version":"2020-12-13","purchased_purges":1,"victory":false,"max_hp_per_floor":[70,70,70,70,70,70,70,70,80,80,80,80,80,80,80,80,80,80,80,80,80,80,80,80,80,80,80,80,80,80],"card_choices":[{"not_picked":["hexamod:NightmareGuise","hexamod:ThermalTransfer"],"picked":"hexamod:Firestarter","floor":3},{"not_picked":["hexamod:GhostShield","hexamod:InspiringFlames"],"picked":"hexamod:GhostOfSpirePresent","floor":6},{"not_picked":["hexamod:BacktrackSmack","hexamod:Again"],"picked":"hexamod:Hexaguard","floor":13},{"not_picked":["hexamod:Haunt","hexamod:GhostShield"],"picked":"hexamod:ThermalTransfer","floor":14},{"not_picked":["hexamod:GhostOfSpireFuture","hexamod:ThermalTransfer"],"picked":"hexamod:FifthSeal","floor":15},{"not_picked":["hexamod:FifthSeal","hexamod:CrushingStance"],"picked":"hexamod:SearingWound","floor":16},{"not_picked":["hexamod:FourthSeal","hexamod:ThirdSeal"],"picked":"hexamod:SecondSeal","floor":19},{"not_picked":["hexamod:SwordOfDarkness+1","hexamod:FastForward+1"],"picked":"hexamod:TimeOfNeed","floor":19},{"not_picked":["hexamod:SecondSeal","hexamod:ThirdSeal"],"picked":"hexamod:FourthSeal","floor":21},{"not_picked":["hexamod:FlamesFromBeyond","hexamod:GhostOfSpireFuture+1"],"picked":"hexamod:ThirdSeal","floor":21},{"not_picked":["hexamod:SpectersWail","hexamod:Again+1"],"picked":"hexamod:EtherealExpedition","floor":22},{"not_picked":["hexamod:RetreatToShadows","hexamod:SpectersWail"],"picked":"hexamod:UnleashSpirits","floor":22},{"not_picked":["hexamod:RadiantFlame+1","hexamod:HauntingEcho+1"],"picked":"hexamod:RetreatToShadows+1","floor":25},{"not_picked":["hexamod:InspiringFlames","hexamod:Again"],"picked":"hexamod:BurningTouch","floor":25},{"not_picked":["hexamod:FirstSeal","hexamod:SixthSeal"],"picked":"hexamod:SecondSeal","floor":27},{"not_picked":["hexamod:DynamicBlow","hexamod:Again"],"picked":"hexamod:NightmareGuise","floor":27}],"player_experience":227773,"relics_obtained":[{"floor":3,"key":"conspire:InfiniteJournal"},{"floor":10,"key":"Ring of Searing"},{"floor":12,"key":"Gremlin Food"},{"floor":18,"key":"Lantern"},{"floor":22,"key":"infinitespire:Golems Mask"},{"floor":24,"key":"Pen Nib"}],"event_choices":[{"damage_healed":0,"gold_gain":0,"player_choice":"Upgraded","damage_taken":0,"max_hp_gain":0,"max_hp_loss":0,"event_name":"Upgrade Shrine","floor":28,"gold_loss":0,"cards_upgraded":["hexamod:EtherealExpedition"]}],"is_beta":false,"boss_relics":[{"not_picked":["aspiration:RitualDagger","aspiration:FutureDiary"],"picked":"Cursed Key"}],"items_purged_floors":[14],"is_endless":false,"potions_floor_spawned":[15,16,19],"killed_by":"conspire:HollyBat","ascension_level":0}}