{"host":"y76clbnovzmw9ubx","time":1608339369,"event":{"mods":["AchievementEnabler","BaseMod","Minty Spire (QoL Compilation)","Permanent Neow","Relic Stats"],"gold_per_floor":[119,131,131,131,154,198,198,214,238,238,238,238],"floor_reached":11,"playtime":841,"items_purged":[],"score":146,"play_id":"418aea0c-aaf2-4321-b0de-50910d831589","local_time":"20201218195609","is_ascension_mode":true,"campfire_choices":[{"floor":7,"key":"REST"},{"data":"Undo","floor":10,"key":"SMITH"}],"circlet_count":0,"master_deck":["AscendersBane","Strike_B+1","Strike_B","Defend_B","Defend_B","Defend_B","Defend_B","Zap","Dualcast","Undo+1","Recycle","Barrage+1","Melter","Genetic Algorithm"],"relics":["Cracked Core","Golden Idol","Blood Vial","Whetstone"],"acts_visited":["Exordium"],"potions_floor_usage":[6,6],"damage_taken":[{"damage":4,"enemies":"Jaw Worm","floor":1,"turns":5},{"damage":5,"enemies":"Small Slimes","floor":2,"turns":4},{"damage":0,"enemies":"2 Louse","floor":5,"turns":4},{"damage":30,"enemies":"Gremlin Nob","floor":6,"turns":4},{"damage":7,"enemies":"Looter","floor":8,"turns":4},{"damage":35,"enemies":"3 Sentries","floor":11,"turns":5}],"seed_played":"8375845989673636074","potions_obtained":[{"floor":1,"key":"Strength Potion"},{"floor":2,"key":"Energy Potion"}],"is_trial":false,"path_per_floor":["M","M","?","?","M","E","R","M","T","R","E"],"character_chosen":"DEFECT","items_purchased":[],"campfire_rested":1,"item_purchase_floors":[],"current_hp_per_floor":[60,55,55,48,48,18,37,32,32,32,0,0],"gold":238,"neow_bonus":"TRANSFORM_CARD","is_daily":false,"chose_seed":false,"campfire_upgraded":1,"win_rate":0.0,"timestamp":1608339369,"path_taken":["M","M","?","?","M","E","R","M","T","R","E"],"items_purchased_type":[],"build_version":"2020-12-13","purchased_purges":0,"victory":false,"max_hp_per_floor":[71,71,64,64,64,64,64,64,64,64,64,64],"relic_stats":{"Blood Vial":4,"counters":[6,26],"Golden Idol":17,"Whetstone":["Strike_B","Barrage"],"obtain_stats":[{"Blood Vial":6,"Golden Idol":3,"Whetstone":9,"Cracked Core":0},{"Blood Vial":4,"Golden Idol":2,"Whetstone":5,"Cracked Core":0},{"Blood Vial":17,"Golden Idol":9,"Whetstone":21,"Cracked Core":0}]},"card_choices":[{"not_picked":["Tempest","Steam"],"picked":"Recycle","floor":1},{"not_picked":["Redo","Heatsinks","Conserve Battery"],"picked":"SKIP","floor":2},{"not_picked":["Reprogram","Sweeping Beam"],"picked":"Barrage","floor":5},{"not_picked":["Rebound","Rip and Tear"],"picked":"Melter","floor":6},{"not_picked":["Leap","BootSequence"],"picked":"Genetic Algorithm","floor":8}],"player_experience":2904028,"relics_obtained":[{"floor":6,"key":"Blood Vial"},{"floor":9,"key":"Whetstone"}],"event_choices":[{"damage_healed":0,"gold_gain":0,"player_choice":"Lose Max HP","damage_taken":0,"relics_obtained":["Golden Idol"],"max_hp_gain":0,"max_hp_loss":7,"event_name":"Golden Idol","floor":3,"gold_loss":0},{"cards_removed":["Strike_B"],"damage_healed":0,"gold_gain":0,"player_choice":"Card Removal","damage_taken":7,"max_hp_gain":0,"max_hp_loss":0,"event_name":"Golden Wing","floor":4,"gold_loss":0}],"is_beta":false,"boss_relics":[],"items_purged_floors":[],"is_endless":false,"potions_floor_spawned":[1,2],"killed_by":"3 Sentries","ascension_level":20}}