{"host":"fjaupvxe7fzqrf4j","time":1608395025,"event":{"mods":["BaseMod","Minty Spire (QoL Compilation)","StSLib"],"gold_per_floor":[119,119,194,26,26,60,396,429,429,460,493,531,531,574,574,667,667,682,514,349,349,349,382,413,444,444,485,435,476,523,573,585,692,704,737,199,532,482,507,532,559,587,663,691,725,756,784,784,784,784,784,784,784,131,160,160],"floor_reached":57,"playtime":1403,"items_purged":["Underhanded Strike","Dagger Throw+1","Acrobatics"],"score":4972,"play_id":"100cf106-dd3e-407b-970a-b83cfd4266ff","local_time":"20201220002345","daily_mods":["SealedDeck","Heirloom","Time Dilation","Flight","Elite Swarm"],"is_ascension_mode":true,"campfire_choices":[{"data":"Terror","floor":15.0,"key":"SMITH"},{"data":"Acrobatics","floor":32.0,"key":"SMITH"},{"floor":49.0,"key":"RECALL"},{"data":"Tactician","floor":53.0,"key":"SMITH"}],"circlet_count":0,"master_deck":["AscendersBane","Masterful Stab+1","Terror+1","Backflip","Escape Plan","Acrobatics+1","Concentrate+1","Calculated Gamble+1","Adrenaline+1","Grand Finale","Tactician+1"],"relics":["Ring of the Snake","TungstenRod","Medical Kit","Tingsha","Old Coin","Shuriken","Mango","Bag of Preparation","Smiling Mask","Runic Pyramid","Bronze Scales","TheAbacus","Omamori","Whetstone","Matryoshka","Ginger","MawBank","White Beast Statue","Art of War","Busted Crown","PrismaticShard","Frozen Egg 2","Gambling Chip","MealTicket","PreservedInsect","Strawberry","Dream Catcher","Anchor","Bird Faced Urn","Mummified Hand","Akabeko","HornCleat","Orichalcum","Orrery","StrikeDummy"],"acts_visited":["Exordium","TheCity","TheBeyond","TheEnding"],"potions_floor_usage":[56],"damage_taken":[{"damage":0.0,"enemies":"Cultist","floor":1.0,"turns":1.0},{"damage":0.0,"enemies":"Lagavulin","floor":6.0,"turns":2.0},{"damage":0.0,"enemies":"3 Sentries","floor":7.0,"turns":2.0},{"damage":0.0,"enemies":"Lagavulin","floor":8.0,"turns":1.0},{"damage":0.0,"enemies":"Gremlin Nob","floor":10.0,"turns":1.0},{"damage":0.0,"enemies":"3 Sentries","floor":11.0,"turns":2.0},{"damage":0.0,"enemies":"Gremlin Nob","floor":12.0,"turns":1.0},{"damage":0.0,"enemies":"Lagavulin","floor":14.0,"turns":1.0},{"damage":0.0,"enemies":"The Guardian","floor":16.0,"turns":1.0},{"damage":0.0,"enemies":"Shell Parasite","floor":18.0,"turns":1.0},{"damage":0.0,"enemies":"Gremlin Leader","floor":23.0,"turns":1.0},{"damage":0.0,"enemies":"Book of Stabbing","floor":24.0,"turns":1.0},{"damage":0.0,"enemies":"Slavers","floor":25.0,"turns":1.0},{"damage":0.0,"enemies":"Gremlin Leader","floor":27.0,"turns":1.0},{"damage":0.0,"enemies":"Slavers","floor":29.0,"turns":1.0},{"damage":0.0,"enemies":"Book of Stabbing","floor":30.0,"turns":1.0},{"damage":0.0,"enemies":"Gremlin Leader","floor":31.0,"turns":1.0},{"damage":0.0,"enemies":"Champ","floor":33.0,"turns":1.0},{"damage":0.0,"enemies":"3 Darklings","floor":35.0,"turns":1.0},{"damage":0.0,"enemies":"Mind Bloom Boss Battle","floor":39.0,"turns":1.0},{"damage":0.0,"enemies":"Nemesis","floor":40.0,"turns":1.0},{"damage":0.0,"enemies":"Reptomancer","floor":41.0,"turns":1.0},{"damage":0.0,"enemies":"Giant Head","floor":42.0,"turns":1.0},{"damage":0.0,"enemies":"Nemesis","floor":44.0,"turns":1.0},{"damage":0.0,"enemies":"Reptomancer","floor":45.0,"turns":1.0},{"damage":0.0,"enemies":"Giant Head","floor":46.0,"turns":1.0},{"damage":0.0,"enemies":"Reptomancer","floor":47.0,"turns":1.0},{"damage":0.0,"enemies":"Donu and Deca","floor":50.0,"turns":1.0},{"damage":0.0,"enemies":"Time Eater","floor":51.0,"turns":1.0},{"damage":0,"enemies":"Shield and Spear","floor":55,"turns":1},{"damage":0,"enemies":"The Heart","floor":56,"turns":4}],"seed_played":"2568054681303789224","potions_obtained":[{"floor":1.0,"key":"Dexterity Potion"},{"floor":7.0,"key":"DistilledChaos"},{"floor":18.0,"key":"SkillPotion"}],"is_trial":true,"path_per_floor":["M","$","?","$","?","E","E","E","T","E","E","E","?","E","R","B",null,"M","$","$","$","?","E","E","E","T","E","?","E","E","E","R","B",null,"M","$","?","$","?","E","E","E","T","E","E","E","E","?","R","B","B",null,"R","$","E","B",null],"character_chosen":"THE_SILENT","items_purchased":["Medical Kit","Bronze Scales","TheAbacus","PrismaticShard","Frozen Egg 2","PowerPotion","HornCleat","Orichalcum","Orrery"],"campfire_rested":0,"item_purchase_floors":[4,19,20,36,36,36,54,54,54],"current_hp_per_floor":[59,59,49,49,27,27,27,27,41,41,41,41,41,41,41,41,70,70,70,70,70,70,70,70,70,70,70,70,70,70,70,70,70,78,78,78,78,78,78,78,78,85,85,85,85,85,85,81,81,81,81,86,86,87,87,87],"gold":160,"neow_bonus":"","is_daily":false,"chose_seed":false,"campfire_upgraded":3,"win_rate":0.0,"timestamp":1608395025,"path_taken":["M","$","?","$","?","E","E","E","T","E","E","E","?","E","R","BOSS","M","$","$","$","?","E","E","E","T","E","?","E","E","E","R","BOSS","M","$","?","$","?","E","E","E","T","E","E","E","E","?","R","BOSS","BOSS","R","$","E","BOSS"],"items_purchased_type":["Relic","Relic","Relic","Relic","Relic","Potion","Relic","Relic","Relic"],"build_version":"2020-12-13","purchased_purges":3,"victory":true,"max_hp_per_floor":[66,66,66,66,66,66,66,66,80,80,80,80,80,80,80,80,80,80,80,80,80,80,80,80,80,80,80,80,80,80,80,80,80,80,80,80,80,80,80,80,80,87,87,87,87,87,87,87,87,87,87,87,87,87,87,87],"card_choices":[{"not_picked":["Dagger Spray","Flying Knee","Acrobatics"],"picked":"SKIP","floor":1.0},{"not_picked":["Tools of the Trade","Burst"],"picked":"Adrenaline","floor":6.0},{"not_picked":["Corpse Explosion","Adrenaline","Venomology"],"picked":"SKIP","floor":7.0},{"not_picked":["Wraith Form v2","Tools of the Trade","Venomology"],"picked":"SKIP","floor":8.0},{"not_picked":["Doppelganger","Malaise","Wraith Form v2"],"picked":"SKIP","floor":10.0},{"not_picked":["Burst","A Thousand Cuts","Tools of the Trade"],"picked":"SKIP","floor":11.0},{"not_picked":["Unload","Glass Knife","Die Die Die"],"picked":"SKIP","floor":12.0},{"not_picked":["Glass Knife","Venomology","Night Terror"],"picked":"SKIP","floor":14.0},{"not_picked":["Catalyst","Prepared","Sucker Punch"],"picked":"SKIP","floor":18.0},{"not_picked":["Corpse Explosion","A Thousand Cuts","Burst"],"picked":"SKIP","floor":23.0},{"not_picked":["Wraith Form v2","Doppelganger"],"picked":"Grand Finale","floor":24.0},{"not_picked":["Unload","Phantasmal Killer","Burst"],"picked":"SKIP","floor":25.0},{"not_picked":["Grand Finale","Adrenaline","Envenom"],"picked":"SKIP","floor":27.0},{"not_picked":["Grand Finale","Bullet Time","Envenom"],"picked":"SKIP","floor":29.0},{"not_picked":["Venomology","Die Die Die","Tools of the Trade"],"picked":"SKIP","floor":30.0},{"not_picked":["Grand Finale","Phantasmal Killer","Unload"],"picked":"SKIP","floor":31.0},{"not_picked":[],"picked":"Tactician","floor":35.0},{"not_picked":["Doppelganger"],"picked":"SKIP","floor":40.0},{"not_picked":["Limit Break"],"picked":"SKIP","floor":41.0},{"not_picked":["Adrenaline"],"picked":"SKIP","floor":42.0},{"not_picked":["Adrenaline"],"picked":"SKIP","floor":44.0},{"not_picked":["Reaper"],"picked":"SKIP","floor":45.0},{"not_picked":["Venomology"],"picked":"SKIP","floor":46.0},{"not_picked":["Bullet Time"],"picked":"SKIP","floor":47.0},{"not_picked":["Chrysalis"],"picked":"SKIP","floor":55}],"player_experience":200037,"relics_obtained":[{"floor":6.0,"key":"Tingsha"},{"floor":7.0,"key":"Old Coin"},{"floor":8.0,"key":"Shuriken"},{"floor":9.0,"key":"Mango"},{"floor":12.0,"key":"Bag of Preparation"},{"floor":14.0,"key":"Smiling Mask"},{"floor":24.0,"key":"Omamori"},{"floor":25.0,"key":"Whetstone"},{"floor":26.0,"key":"Matryoshka"},{"floor":27.0,"key":"Ginger"},{"floor":29.0,"key":"MawBank"},{"floor":30.0,"key":"White Beast Statue"},{"floor":31.0,"key":"Art of War"},{"floor":39.0,"key":"Gambling Chip"},{"floor":40.0,"key":"MealTicket"},{"floor":41.0,"key":"PreservedInsect"},{"floor":42.0,"key":"Strawberry"},{"floor":43.0,"key":"Dream Catcher"},{"floor":44.0,"key":"Anchor"},{"floor":45.0,"key":"Bird Faced Urn"},{"floor":46.0,"key":"Mummified Hand"},{"floor":47.0,"key":"Akabeko"},{"floor":55,"key":"StrikeDummy"}],"event_choices":[{"damage_healed":0.0,"max_hp_gain":0.0,"max_hp_loss":0.0,"gold_gain":75.0,"event_name":"World of Goop","player_choice":"Gather Gold","floor":3.0,"gold_loss":0.0,"damage_taken":11.0},{"damage_healed":0.0,"max_hp_gain":0.0,"max_hp_loss":0.0,"gold_gain":0.0,"event_name":"Golden Idol","player_choice":"Take Damage","floor":5.0,"gold_loss":0.0,"damage_taken":23.0,"relics_obtained":["Golden Idol"]},{"damage_healed":0.0,"max_hp_gain":0.0,"max_hp_loss":0.0,"gold_gain":0.0,"event_name":"Upgrade Shrine","player_choice":"Upgraded","floor":13.0,"gold_loss":0.0,"damage_taken":0.0,"cards_upgraded":["Concentrate"]},{"damage_healed":0.0,"max_hp_gain":0.0,"max_hp_loss":0.0,"gold_gain":0.0,"event_name":"Ghosts","player_choice":"Ignored","floor":22.0,"gold_loss":0.0,"damage_taken":0.0},{"damage_healed":0.0,"max_hp_gain":0.0,"max_hp_loss":0.0,"gold_gain":0.0,"event_name":"Designer","player_choice":"Upgraded Two","floor":28.0,"gold_loss":50.0,"damage_taken":0.0,"cards_upgraded":["Adrenaline","Calculated Gamble"]},{"damage_healed":0.0,"max_hp_gain":0.0,"max_hp_loss":0.0,"gold_gain":333.0,"event_name":"The Moai Head","player_choice":"Gave Idol","floor":37.0,"relics_lost":["Golden Idol"],"gold_loss":0.0,"damage_taken":0.0},{"damage_healed":0.0,"max_hp_gain":0.0,"max_hp_loss":0.0,"gold_gain":0.0,"event_name":"MindBloom","player_choice":"Fight","floor":39.0,"gold_loss":0.0,"damage_taken":0.0},{"damage_healed":0.0,"max_hp_gain":0.0,"max_hp_loss":0.0,"gold_gain":0.0,"event_name":"The Woman in Blue","player_choice":"Bought 0 Potions","floor":48.0,"gold_loss":0.0,"damage_taken":0.0}],"is_beta":false,"boss_relics":[{"not_picked":["Ectoplasm","SacredBark"],"picked":"Runic Pyramid"},{"not_picked":["Philosopher\u0027s Stone","Runic Dome"],"picked":"Busted Crown"}],"items_purged_floors":[36,38,54],"is_endless":false,"potions_floor_spawned":[1,7,11,16,18,30,31,33,35,39,40,41,42,44,45,46,47,55],"ascension_level":20}}