{"host":"nox","time":1608384173,"event":{"mods":["Aspiration","BaseMod","Better Third Choice","Colored Powertips","Conspire","Hubris","Infinite Spire","Minty Spire (QoL Compilation)","Quick Restart","Rare Cards Sparkle","Replay The Spire","Shop Mod","Spikes Relics","StSLib","SuperFastMode","The Alterego","vexMod"],"gold_per_floor":[113,129,143,68,78,78,108,119,119,119,119,130,165,179,179,179,179],"floor_reached":16,"playtime":494,"items_purged":["Strike_B"],"score":137,"play_id":"f185d333-0fc3-48bd-92d8-eee60d18cf4c","local_time":"20201219202253","is_ascension_mode":true,"campfire_choices":[{"data":"Auto Shields","floor":6.0,"key":"SMITH"},{"data":"Beam Cell","floor":11.0,"key":"SMITH"},{"data":"Go for the Eyes","floor":15,"key":"SMITH"}],"circlet_count":0,"master_deck":["Strike_B","Strike_B","Strike_B","Defend_B","Defend_B","Defend_B","Defend_B","Zap","Dualcast","Beam Cell+1","Self Repair","Auto Shields+1","Ball Lightning","Regret","Go for the Eyes+1"],"relics":["hubris:RunicObelisk","Solar Panel","Mummified Hand","Omamori","infinitespire:Magic Flask"],"acts_visited":["Exordium"],"potions_floor_usage":[14,16],"damage_taken":[{"damage":1.0,"enemies":"infinitespire:Voidling","floor":1.0,"turns":3.0},{"damage":0.0,"enemies":"Small Slimes","floor":2.0,"turns":3.0},{"damage":3.0,"enemies":"Jaw Worm","floor":3.0,"turns":4.0},{"damage":6.0,"enemies":"Looter","floor":5.0,"turns":3.0},{"damage":20.0,"enemies":"3 Sentries","floor":7.0,"turns":13.0},{"damage":21.0,"enemies":"Exordium Wildlife","floor":8.0,"turns":6.0},{"damage":2.0,"enemies":"2 Fungi Beasts","floor":12.0,"turns":2.0},{"damage":25.0,"enemies":"Lagavulin","floor":13.0,"turns":6.0},{"damage":6,"enemies":"Lots of Slimes","floor":14,"turns":2},{"damage":39,"enemies":"Hexaghost","floor":16,"turns":9}],"seed_played":"-3463217359580618085","potions_obtained":[{"floor":1.0,"key":"Strength Potion"},{"floor":7.0,"key":"SmokeBomb"},{"floor":8.0,"key":"Toxic Potion"},{"floor":12.0,"key":"AttackPotion"},{"floor":13.0,"key":"SkillPotion"}],"is_trial":false,"path_per_floor":["M","M","M","$","M","R","E","M","T","?","R","M","E","M","R","B"],"character_chosen":"DEFECT","items_purchased":[],"campfire_rested":0,"item_purchase_floors":[],"current_hp_per_floor":[74,74,71,71,72,72,59,49,49,49,49,56,44,38,38,0,0],"gold":179,"neow_bonus":"BOSS_RELIC","is_daily":false,"chose_seed":false,"campfire_upgraded":3,"win_rate":0.0,"timestamp":1608384173,"path_taken":["M","M","?","$","M","R","E","M","T","?","R","M","E","M","R","BOSS"],"items_purchased_type":[],"build_version":"2020-11-17","purchased_purges":1,"victory":false,"max_hp_per_floor":[75,75,75,75,75,75,75,75,75,75,75,75,75,75,75,75,75],"card_choices":[{"not_picked":["Redo","Conserve Battery"],"picked":"Beam Cell","floor":1.0},{"not_picked":["Crystallizer","Compile Driver","BasicCrystalCard"],"picked":"SKIP","floor":2.0},{"not_picked":["RefreshScreen","Go for the Eyes"],"picked":"Self Repair","floor":3.0},{"not_picked":["Conserve Battery","Crystallizer"],"picked":"Auto Shields","floor":5.0},{"not_picked":["White Noise","Streamline"],"picked":"Ball Lightning","floor":7.0},{"not_picked":["Cold Snap","Reprogram","Steam Power"],"picked":"SKIP","floor":8.0},{"not_picked":["BasicCrystalCard","Hologram"],"picked":"Go for the Eyes","floor":12.0},{"not_picked":["Chill","Coolheaded","Multi-Cast"],"picked":"SKIP","floor":13.0},{"not_picked":["Stack","RefreshScreen","Leap"],"picked":"SKIP","floor":14}],"player_experience":198515,"relics_obtained":[{"floor":7.0,"key":"Solar Panel"},{"floor":9.0,"key":"Mummified Hand"},{"floor":13.0,"key":"infinitespire:Magic Flask"}],"event_choices":[{"damage_healed":0.0,"max_hp_gain":0.0,"max_hp_loss":0.0,"gold_gain":0.0,"event_name":"Big Fish","player_choice":"Box","floor":10.0,"gold_loss":0.0,"damage_taken":0.0,"relics_obtained":["Omamori"],"cards_obtained":["Regret"]}],"is_beta":true,"boss_relics":[],"items_purged_floors":[4],"is_endless":false,"potions_floor_spawned":[1,7,8,12,13],"killed_by":"Hexaghost","ascension_level":4}}