{"host":"poixavpewvabi3b6","time":1608391468,"event":{"mods":["BaseMod","DeckTracker","Minty Spire (QoL Compilation)","Replay The Spire","StSLib"],"gold_per_floor":[109,55,130,146,146,146,161,161,161,186,264,53,53,3,3,19,19,143,143,168,168,168,96,111,111,149,174,174,174,2,2,2,2],"floor_reached":32,"playtime":884,"items_purged":["Strike_B","Defend_B"],"score":246,"play_id":"e2b952fa-4bb8-4372-b397-fe8c14703234","local_time":"20201220002428","is_ascension_mode":false,"campfire_choices":[{"data":"Dualcast","floor":6,"key":"SMITH"},{"floor":17,"key":"REST"},{"data":"Storm","floor":25,"key":"SMITH"}],"circlet_count":0,"master_deck":["Strike_B","Strike_B","Defend_B","Defend_B","Dualcast+1","Storm+1","Storm","Beam Cell","FIFO Queue","Echo Form","Reinforced Body+1","Defragment","Electrodynamics","Go for the Eyes+1","ReplayTheSpireMod:GoodbyeWorld","Barrage","Barrage","Loop"],"relics":["Cracked Core","Golden Idol","Symbiotic Virus","Velvet Choker","Pet Ghost","Replay:Arrowhead"],"acts_visited":["Exordium","TheCity"],"potions_floor_usage":[18,18,26,32],"damage_taken":[{"damage":1,"enemies":"Cultist","floor":1,"turns":3},{"damage":7,"enemies":"Small Slimes","floor":4,"turns":3},{"damage":6,"enemies":"Jaw Worm","floor":7,"turns":2},{"damage":26,"enemies":"Exordium Wildlife","floor":10,"turns":4},{"damage":13,"enemies":"2 Fungi Beasts","floor":16,"turns":3},{"damage":26,"enemies":"Hexaghost","floor":18,"turns":7},{"damage":30,"enemies":"2 Thieves","floor":20,"turns":3},{"damage":1,"enemies":"Chosen","floor":24,"turns":3},{"damage":51,"enemies":"Gremlin Leader","floor":26,"turns":5},{"damage":11,"enemies":"3 Cultists","floor":27,"turns":3},{"damage":13,"enemies":"Shelled Parasite and Fungi","floor":32,"turns":2}],"seed_played":"-3310539837629708852","potions_obtained":[{"floor":1,"key":"EssenceOfSteel"},{"floor":4,"key":"ColorlessPotion"},{"floor":16,"key":"Explosive Potion"},{"floor":20,"key":"Elixir"},{"floor":27,"key":"LifebloodPotion"}],"is_trial":false,"path_per_floor":["M","$","?","M","?","R","M","PTL","PTL","M","T","$","?","?","?","M","R","B",null,"M","?","?","$","M","R","E","M","T","?","$","$","M"],"character_chosen":"DEFECT","items_purchased":["Storm","Echo Form","ReplayTheSpireMod:GoodbyeWorld","Loop"],"campfire_rested":1,"item_purchase_floors":[2,12,23,30],"current_hp_per_floor":[81,81,70,63,63,63,57,57,57,31,31,31,31,31,31,18,40,14,76,46,71,71,71,70,70,19,8,8,8,8,8,0,0],"gold":2,"neow_bonus":"TEN_PERCENT_HP_BONUS","is_daily":false,"chose_seed":false,"campfire_upgraded":2,"win_rate":0.0,"timestamp":1608391468,"path_taken":["M","?","?","M","?","R","M","PTL","PTL","?","T","$","?","?","?","M","R","BOSS","M","?","?","$","M","R","E","M","T","?","?","$","M"],"items_purchased_type":["Card","Card","Card","Card"],"build_version":"2020-12-13","purchased_purges":2,"victory":false,"max_hp_per_floor":[82,82,82,82,76,76,76,76,76,76,76,76,76,76,76,76,76,76,76,76,76,76,76,76,76,76,76,76,76,76,76,76,76],"card_choices":[{"not_picked":["Darkness","Stack","Barrage"],"picked":"SKIP","floor":1},{"not_picked":["ReplayTheSpireMod:Calculation Training","FTL"],"picked":"Beam Cell","floor":4},{"not_picked":["Barrage","Turbo","BasicCrystalCard"],"picked":"SKIP","floor":7},{"not_picked":["Genetic Algorithm","Coolheaded"],"picked":"FIFO Queue","floor":10},{"not_picked":["Turbo","Coolheaded"],"picked":"Defragment","floor":16},{"not_picked":["Buffer","Biased Cognition"],"picked":"Electrodynamics","floor":18},{"not_picked":["Panic Button","Leap"],"picked":"Go for the Eyes+1","floor":20},{"not_picked":["Beam Cell","Hologram"],"picked":"Barrage","floor":24},{"not_picked":["Meteor Strike","Compile Driver+1"],"picked":"Barrage","floor":26},{"not_picked":["BasicCrystalCard+1","Fusion","FTL"],"picked":"SKIP","floor":27}],"player_experience":135447,"relics_obtained":[{"floor":11,"key":"Symbiotic Virus"},{"floor":26,"key":"Pet Ghost"},{"floor":28,"key":"Replay:Arrowhead"}],"event_choices":[{"damage_healed":0,"gold_gain":75,"player_choice":"Gather Gold","damage_taken":11,"max_hp_gain":0,"max_hp_loss":0,"event_name":"World of Goop","floor":3,"gold_loss":0},{"damage_healed":0,"gold_gain":0,"player_choice":"Lose Max HP","damage_taken":0,"relics_obtained":["Golden Idol"],"max_hp_gain":0,"max_hp_loss":6,"event_name":"Golden Idol","floor":5,"gold_loss":0},{"cards_removed":["Defend_B"],"damage_healed":0,"gold_gain":0,"player_choice":"Card Removal","damage_taken":0,"max_hp_gain":0,"max_hp_loss":0,"event_name":"The Cleric","floor":14,"gold_loss":50},{"damage_healed":25,"gold_gain":0,"player_choice":"Heal","damage_taken":0,"max_hp_gain":0,"max_hp_loss":0,"event_name":"The Library","floor":21,"gold_loss":0},{"cards_removed":["Strike_B"],"damage_healed":0,"gold_gain":0,"player_choice":"Elegance","damage_taken":0,"max_hp_gain":0,"max_hp_loss":0,"event_name":"Back to Basics","floor":22,"gold_loss":0},{"damage_healed":0,"gold_gain":0,"player_choice":"Ignored","damage_taken":0,"max_hp_gain":0,"max_hp_loss":0,"event_name":"Ghosts","floor":29,"gold_loss":0}],"is_beta":false,"boss_relics":[{"not_picked":["Runic Dome","Replay:Wanted Poster"],"picked":"Velvet Choker"}],"items_purged_floors":[12,30],"is_endless":false,"potions_floor_spawned":[1,4,16,20,27],"killed_by":"Shelled Parasite and Fungi","ascension_level":0}}