{"host":"h2kd9fh9k05klpg6","time":1608348905,"event":{"mods":["AchievementEnabler","Act Like it!","BaseMod","Better Third Choice","BetterRewards","Card Forge","Minty Spire (QoL Compilation)","Permanent Neow","Quick Restart","Replay The Spire","StSLib"],"gold_per_floor":[117,117,133,51,64,91,103,134,134,99,184,211,211,225,225,327,327,342,342,47,60,73,102,102,129,204,234,246,266,286,561,561,659,659,677,691,287,304,321,355,355,387,437,489,539,539,539,570,570,604],"floor_reached":51,"playtime":2509,"items_purged":[],"score":1972,"play_id":"7beed996-15f9-47b2-91ec-0d52bb5302f8","local_time":"20201218223505","is_ascension_mode":true,"campfire_choices":[{"floor":41,"key":"DIG"},{"floor":46,"key":"DIG"},{"floor":49,"key":"DIG"}],"circlet_count":0,"master_deck":["Flex+1","Clash+1","Flex+1","Sword Boomerang+1","Clash+1","Flex+1","Sword Boomerang+1","Clash+1","Flex+1","Clash+1","Flex+1"],"relics":["Burning Blood","Hammer of Thor","Seething Fire","Anvil of the Gods","Regal Pillow","Unceasing Top","Counterbalance","Mirror","Lizard Tail","Incense Burner","Brimstone","Replay:Ringing Soul","Replay:Wax Seal","King of Hearts","Replay:Multitool","Mercury Hourglass","Akabeko","WarpedTongs","Electric Blood","MutagenicStrength","TheAbacus","Anchor","Dream Catcher","Omamori","Garlic","Turnip","Busted Crown","Chameleon Ring","Toy Ornithopter","Pocketwatch","Replay:Bottled Snecko","Ginger","FossilizedHelix","Gambling Chip","Replay:Baseball","Replay:Bandana","Blood Vial"],"acts_visited":["Exordium","TheCity","TheBeyond"],"potions_floor_usage":[14,16,25],"damage_taken":[{"damage":3,"enemies":"Jaw Worm","floor":1,"turns":3},{"damage":0,"enemies":"Cultist","floor":3,"turns":1},{"damage":0,"enemies":"Small Slimes","floor":5,"turns":1},{"damage":0,"enemies":"Lagavulin","floor":6,"turns":1},{"damage":0,"enemies":"Exordium Wildlife","floor":7,"turns":1},{"damage":0,"enemies":"Replay:BlueRogue","floor":8,"turns":1},{"damage":0,"enemies":"Large Slime","floor":14,"turns":1},{"damage":19,"enemies":"Fading Forest","floor":16,"turns":9},{"damage":1,"enemies":"2 Thieves","floor":18,"turns":1},{"damage":0,"enemies":"Shell Parasite","floor":21,"turns":1},{"damage":2,"enemies":"Cultist and Chosen","floor":22,"turns":1},{"damage":2,"enemies":"Book of Stabbing","floor":23,"turns":1},{"damage":1,"enemies":"Replay:Snechameleon","floor":25,"turns":1},{"damage":2,"enemies":"Book of Stabbing","floor":27,"turns":1},{"damage":1,"enemies":"Snake Plant","floor":28,"turns":1},{"damage":0,"enemies":"Centurion and Healer","floor":29,"turns":1},{"damage":1,"enemies":"Cultist and Chosen","floor":30,"turns":1},{"damage":5,"enemies":"Champ","floor":33,"turns":1},{"damage":1,"enemies":"3 Darklings","floor":35,"turns":1},{"damage":1,"enemies":"Orb Walker","floor":36,"turns":1},{"damage":2,"enemies":"4 Shapes","floor":38,"turns":1},{"damage":0,"enemies":"Writhing Mass","floor":39,"turns":1},{"damage":2,"enemies":"Giant Head","floor":40,"turns":1},{"damage":2,"enemies":"Reptomancer","floor":42,"turns":1},{"damage":1,"enemies":"2 Orb Walkers","floor":44,"turns":1},{"damage":1,"enemies":"Mind Bloom Boss Battle","floor":45,"turns":1},{"damage":0,"enemies":"Nemesis","floor":48,"turns":1},{"damage":0,"enemies":"Donu and Deca","floor":50,"turns":1}],"seed_played":"-193540383245489296","potions_obtained":[{"floor":5,"key":"Adrenaline Potion"},{"floor":6,"key":"FearPotion"},{"floor":16,"key":"GamblersBrew"},{"floor":18,"key":"Languid Potion"},{"floor":22,"key":"Weak Potion"},{"floor":27,"key":"CultistPotion"},{"floor":29,"key":"BloodPotion"},{"floor":42,"key":"Ancient Potion"},{"floor":47,"key":"Fire Potion"}],"is_trial":false,"path_per_floor":["M","?","M","$","M","E","M","E","T","?","R","T","?","M","R","B",null,"M","?","$","M","M","E","?","E","T","E","M","M","M","?","R","B",null,"M","M","$","M","M","E","R","E","T","?","?","R","?","E","R","B",null],"character_chosen":"IRONCLAD","items_purchased":["Regal Pillow","Mirror","Brimstone","Replay:Wax Seal","TheAbacus","Anchor","Chameleon Ring","Toy Ornithopter"],"campfire_rested":0,"item_purchase_floors":[0,0,0,4,20,20,37,37],"current_hp_per_floor":[27,27,33,33,39,51,61,71,71,88,88,88,88,92,95,82,95,98,98,98,98,102,106,106,106,106,106,110,110,110,110,120,120,120,120,120,120,120,120,120,120,120,120,120,120,120,120,120,123,123],"gold":604,"neow_bonus":"","is_daily":false,"chose_seed":false,"campfire_upgraded":0,"win_rate":0.0,"timestamp":1608348905,"path_taken":["M","?","M","?","M","E","?","E","T","?","R","?","?","M","R","BOSS","M","?","$","M","M","E","?","E","T","E","M","M","M","?","R","BOSS","M","M","$","M","M","E","R","E","T","?","?","R","?","E","R","BOSS"],"items_purchased_type":["Relic","Relic","Relic","Relic","Relic","Relic","Relic","Relic"],"build_version":"2020-12-13","purchased_purges":0,"victory":true,"max_hp_per_floor":[80,80,80,80,80,80,84,88,88,88,88,88,88,92,95,95,98,98,98,98,98,102,106,106,106,106,106,110,110,110,110,120,120,120,120,120,120,120,120,120,120,120,120,120,120,120,120,120,123,123],"card_choices":[{"not_picked":["Entrench","Body Slam"],"picked":"Flex","floor":1},{"not_picked":["Cleave","Shrug It Off","Havoc"],"picked":"SKIP","floor":3},{"not_picked":["Perfected Strike","Pommel Strike","ReplayTheSpireMod:LeadingStrike"],"picked":"SKIP","floor":5},{"not_picked":["Flex","Heavy Blade","Wild Strike"],"picked":"SKIP","floor":6},{"not_picked":["Run Through","Armaments","Carnage"],"picked":"SKIP","floor":7},{"not_picked":["Anger","Inflame","Run Through"],"picked":"SKIP","floor":8},{"not_picked":["Immolate","True Grit","Havoc"],"picked":"SKIP","floor":14},{"not_picked":["Anger","Wild Strike+1","Cleave+1"],"picked":"SKIP","floor":18},{"not_picked":["Rupture","True Grit","Shrug It Off"],"picked":"SKIP","floor":21},{"not_picked":["Rampage","Shrug It Off","Disarm+1"],"picked":"SKIP","floor":22},{"not_picked":["Body Slam","Twin Strike","Feed"],"picked":"SKIP","floor":23},{"not_picked":["Clothesline","ReplayTheSpireMod:Corrosion Curse","Fire Breathing"],"picked":"SKIP","floor":25},{"not_picked":["Sword Boomerang+1","Flex+1","Rage"],"picked":"SKIP","floor":27},{"not_picked":["Clash","Replay:Undeath\u0027s Touch","Metallicize"],"picked":"SKIP","floor":28},{"not_picked":["Whirlwind","Thunderclap","Fire Breathing+1"],"picked":"SKIP","floor":29},{"not_picked":["Thunderclap","Shrug It Off","Body Slam"],"picked":"SKIP","floor":30},{"not_picked":["Whirlwind"],"picked":"SKIP","floor":35},{"not_picked":["Body Slam"],"picked":"SKIP","floor":36},{"not_picked":["Cleave"],"picked":"SKIP","floor":38},{"not_picked":["Carnage"],"picked":"SKIP","floor":39},{"not_picked":["Entrench+1"],"picked":"SKIP","floor":40},{"not_picked":["Pommel Strike+1"],"picked":"SKIP","floor":42},{"not_picked":["Body Slam+1"],"picked":"SKIP","floor":48}],"player_experience":445893,"relics_obtained":[{"floor":6,"key":"King of Hearts"},{"floor":8,"key":"Replay:Multitool"},{"floor":9,"key":"Mercury Hourglass"},{"floor":12,"key":"Akabeko"},{"floor":23,"key":"Dream Catcher"},{"floor":25,"key":"Omamori"},{"floor":26,"key":"Garlic"},{"floor":27,"key":"Turnip"},{"floor":40,"key":"Pocketwatch"},{"floor":41,"key":"Replay:Bottled Snecko"},{"floor":42,"key":"Ginger"},{"floor":44,"key":"FossilizedHelix"},{"floor":45,"key":"Gambling Chip"},{"floor":46,"key":"Replay:Baseball"},{"floor":48,"key":"Replay:Bandana"},{"floor":49,"key":"Blood Vial"}],"event_choices":[{"cards_removed":["Flash of Steel"],"damage_healed":0,"gold_gain":0,"player_choice":"Gave Card","damage_taken":0,"relics_obtained":["Replay:Ringing Soul"],"max_hp_gain":0,"max_hp_loss":0,"event_name":"WeMeetAgain","floor":2,"gold_loss":0},{"damage_healed":22,"gold_gain":0,"player_choice":"Healed","damage_taken":0,"max_hp_gain":0,"max_hp_loss":0,"event_name":"The Cleric","floor":10,"gold_loss":35},{"cards_removed":["Gash"],"damage_healed":0,"gold_gain":0,"player_choice":"Card Removal","damage_taken":0,"max_hp_gain":0,"max_hp_loss":0,"event_name":"Wheel of Change","floor":13,"gold_loss":0},{"damage_healed":0,"gold_gain":0,"player_choice":"Rummage","damage_taken":0,"relics_obtained":["WarpedTongs"],"max_hp_gain":0,"max_hp_loss":0,"event_name":"Accursed Blacksmith","floor":15,"gold_loss":0,"cards_obtained":["Pain"]},{"damage_healed":0,"gold_gain":0,"player_choice":"Inject Mutagens","damage_taken":0,"relics_obtained":["MutagenicStrength"],"max_hp_gain":0,"max_hp_loss":0,"event_name":"Drug Dealer","floor":19,"gold_loss":0},{"damage_healed":0,"gold_gain":0,"player_choice":"Ignored","damage_taken":0,"max_hp_gain":0,"max_hp_loss":0,"event_name":"Beggar","floor":24,"gold_loss":0},{"damage_healed":0,"gold_gain":275,"player_choice":"Desecrate","damage_taken":0,"max_hp_gain":0,"max_hp_loss":0,"event_name":"Golden Shrine","floor":31,"gold_loss":0,"cards_obtained":["Regret"]},{"cards_removed":["Feed"],"damage_healed":0,"gold_gain":0,"player_choice":"Offered Rare","damage_taken":0,"max_hp_gain":10,"max_hp_loss":0,"event_name":"Bonfire Elementals","floor":32,"gold_loss":0},{"damage_healed":0,"gold_gain":0,"player_choice":"Fight","damage_taken":0,"max_hp_gain":0,"max_hp_loss":0,"event_name":"Mysterious Sphere","floor":44,"gold_loss":0},{"damage_healed":0,"gold_gain":0,"player_choice":"Fight","damage_taken":0,"max_hp_gain":0,"max_hp_loss":0,"event_name":"MindBloom","floor":45,"gold_loss":0},{"damage_healed":0,"gold_gain":0,"player_choice":"Got Potions","damage_taken":0,"max_hp_gain":0,"max_hp_loss":0,"event_name":"Lab","floor":47,"gold_loss":0}],"is_beta":false,"boss_relics":[{"not_picked":["Replay:Bronze Core","Empty Cage"],"picked":"Electric Blood"},{"not_picked":["SacredBark","Astrolabe"],"picked":"Busted Crown"}],"items_purged_floors":[],"is_endless":false,"potions_floor_spawned":[5,6,16,18,22,27,29,33,35,36,39,42,48],"ascension_level":6}}