{"host":"s1w56g1unzkm3idu","time":1608351909,"event":{"mods":["AchievementEnabler","Astrologer","BaseMod","Better Match","Better Vampires","BetterRewards","Clockwork Mod","Colored Powertips","Defuse TimeMaze Blight","Downfall","Friendly Minions","Hermit","Hubris","Infinite Spire","Kiyohime????","Koishi","Marisa????????","Minty Spire (QoL Compilation)","Prisma Mod","Random Character Button","Rare Cards Sparkle","Remilia??????","Replay The Spire","Shop Mod","Somnambulant","StSLib","SuperFastMode","Td1madao Mod","The Administrix","The Cursed","The Factory","The Hierophant","The Jungle","The Necromancer","The Servant 0.9.4","Unceasing Turn Reminder","slay the spire mod where everything is the same but ironclad has a cowboy hat"],"gold_per_floor":[160,170,170,170,10,29,29,57,57,88,88,88,145,145,156,251,251,251,251,251,251,279,296,296,306,338,338,338,338,354,42,53,150,150,150,183,207,227,251,251,278,290,314,314,339,239,253,253,267,267],"floor_reached":51,"playtime":2757,"items_purged":["Regret"],"score":948,"play_id":"e201db72-e2b7-4051-aed1-2c186e44e4e5","local_time":"20201218222509","is_ascension_mode":false,"campfire_choices":[{"data":"expansioncontent:DashGenerateEvil","floor":4.0,"key":"SMITH"},{"data":"hexamod:VolcanoVisage","floor":9.0,"key":"SMITH"},{"data":"hubris:Rewind","floor":21.0,"key":"SMITH"},{"floor":27,"key":"REST"},{"data":"hexamod:SearingWound","floor":35,"key":"SMITH"},{"data":"hexamod:HexaLevel","floor":40,"key":"SMITH"},{"data":"hexamod:ExtraCrispy","floor":44,"key":"SMITH"}],"circlet_count":0,"master_deck":["hexamod:Strike+1","hexamod:Strike+1","hexamod:Defend+1","hexamod:Defend+1","hexamod:Defend+1","hexamod:Sear","hexamod:Float","expansioncontent:DashGenerateEvil+1","hexamod:RadiantFlame","hexamod:Again","expansioncontent:DecasProtection","hexamod:ThermalTransfer","hexamod:ThermalTransfer","hexamod:VolcanoVisage+1","hexamod:FourthSeal","hexamod:ChargedBarrage","hexamod:BurningTouch","hexamod:FirstSeal","hexamod:TimeOfNeed","ReplayTheSpireMod:Splinters","Clumsy","hubris:Gluttony","hexamod:Rewind","hexamod:ThirdSeal","expansioncontent:DashGenerateEvil+1","hubris:Rewind+1","hexamod:HexaLevel","hexamod:FlamesFromBeyond+1","hexamod:ExtraCrispy+1","hexamod:HexaLevel","hexamod:DynamicBlow+1","hexamod:Firestarter","hexamod:HexaLevel+1","hexamod:ThirdSeal","hexamod:SearingWound+1","hexamod:WildfireWeapon","hexamod:SearingWound","hexamod:TimeWarp","hexamod:Hexaguard","hexamod:SecondSeal","hubris:InfiniteBlow+29088","hexamod:SkipABeat","hexamod:RainOfEmbers","hexamod:AdvancingGuard","hexamod:RainOfEmbers+1","hexamod:HeatShield+1","hexamod:HauntingEcho+1","hexamod:FlamesFromBeyond","hexamod:BurningTouch","hexamod:Hexaguard+1","hexamod:RadiantFlame+1","hexamod:HexaLevel","hexamod:ExtraCrispy","expansioncontent:AwakenDeath","expansioncontent:DecasProtection","hexamod:NightmareGuise+1"],"relics":["hexamod:SpiritBrand","Snack Pack","Blood Vial","hubris:BottledRain","Tiny Chest","Happy Flower","ScarletDevilRocket","Orichalcum","hexamod:InflammatoryLetter","Replay:Ancient Bell","hubris:OldNail","Replay:Ringing Soul","hubris:Zylophone","hubris:TerracottaHorce","DollysMirror","hubris:BundleOfHerbs","hubris:SphereOfDissonance","Sundial","Ring of Peace","Ring of Hypnosis","ClockworkSouvenir","Painkiller Herb","Ornamental Fan","hubris:ToyBattleship","Boot"],"acts_visited":["Exordium","TheCity","TheBeyond"],"potions_floor_usage":[23,26,33,50,50],"damage_taken":[{"damage":0.0,"enemies":"Cultist","floor":2.0,"turns":3.0},{"damage":0.0,"enemies":"downfall:FleeingMerchant","floor":5.0,"turns":4.0},{"damage":0.0,"enemies":"Jaw Worm","floor":6.0,"turns":3.0},{"damage":8.0,"enemies":"Gremlin Nob","floor":8.0,"turns":5.0},{"damage":9.0,"enemies":"Replay:BlueRogue","floor":10.0,"turns":4.0},{"damage":2.0,"enemies":"2 Louse","floor":15.0,"turns":3.0},{"damage":4.0,"enemies":"downfall:Watcher","floor":16.0,"turns":6.0},{"damage":3.0,"enemies":"Replay:Snechameleon","floor":22.0,"turns":7.0},{"damage":24,"enemies":"Shell Parasite","floor":23,"turns":4},{"damage":14,"enemies":"Centurion and Healer","floor":25,"turns":4},{"damage":34,"enemies":"Gremlin Leader","floor":26,"turns":4},{"damage":0,"enemies":"Snake Plant","floor":30,"turns":4},{"damage":0,"enemies":"downfall:FleeingMerchant","floor":31,"turns":4},{"damage":0,"enemies":"Snecko","floor":32,"turns":3},{"damage":65,"enemies":"downfall:Silent","floor":33,"turns":9},{"damage":34,"enemies":"Nightmare","floor":36,"turns":7},{"damage":0,"enemies":"3 Shapes","floor":37,"turns":5},{"damage":0,"enemies":"Orb Walker","floor":38,"turns":3},{"damage":11,"enemies":"3 Darklings","floor":39,"turns":5},{"damage":0,"enemies":"Spire Growth","floor":42,"turns":2},{"damage":0,"enemies":"Sphere and 2 Shapes","floor":43,"turns":4},{"damage":2,"enemies":"3 Darklings","floor":47,"turns":4},{"damage":43,"enemies":"4 Shapes","floor":49,"turns":5},{"damage":6,"enemies":"downfall:Defect","floor":50,"turns":3}],"seed_played":"2753264079510686916","potions_obtained":[{"floor":6.0,"key":"Explosive Potion"},{"floor":13.0,"key":"LiquidMemories"},{"floor":15.0,"key":"hexamod:DoubleChargePotion"},{"floor":15.0,"key":"infinitespire:BlackPotion"},{"floor":16.0,"key":"FairyPotion"},{"floor":22.0,"key":"Adrenaline Potion"},{"floor":22.0,"key":"BlessingOfTheForge"},{"floor":23,"key":"Weak Potion"},{"floor":23,"key":"BlessingOfTheForge"},{"floor":26,"key":"Reflective Coating"},{"floor":33,"key":"Block Potion"},{"floor":49,"key":"Strength Potion"}],"is_trial":false,"path_per_floor":["R","M","T","R","$","M","T","E","R","E","?","?","?","T","M","B",null,"R","?","AVR","R","E","M","T","M","E","R","?","?","M","$","M","B",null,"T","NM","?","?","?","T","T","?","?","T","T","NS","?","?","?","B",null],"character_chosen":"THE_SPIRIT","items_purchased":["expansioncontent:DecasProtection","hexamod:ThermalTransfer","ClockworkSouvenir","hexamod:HexaLevel"],"campfire_rested":1,"item_purchase_floors":[5,5,31,31],"current_hp_per_floor":[49,49,49,49,49,49,49,45,45,38,35,35,7,7,7,5,73,76,79,82,82,85,71,71,69,47,75,75,75,87,94,101,41,90,90,72,79,84,101,101,101,106,118,118,118,118,127,125,94,90],"gold":267,"neow_bonus":"RANDOM_COLORLESS_2","is_daily":false,"chose_seed":false,"campfire_upgraded":6,"win_rate":0.0,"timestamp":1608351909,"path_taken":["R","M","?","R","$","M","T","E","R","E","?","?","?","?","M","BOSS","R","?","AVR","R","E","M","T","M","E","R","?","?","M","$","M","BOSS","T","NM","?","?","?","T","T","?","?","T","?","NS","?","?","?","BOSS"],"items_purchased_type":["Card","Card","Relic","Card"],"build_version":"2020-12-13","purchased_purges":1,"victory":true,"max_hp_per_floor":[70,70,70,70,70,70,70,70,70,70,70,70,70,70,70,70,73,76,79,82,82,85,88,88,91,94,94,94,94,97,100,103,106,106,106,109,112,115,118,118,118,121,124,124,124,124,127,130,133,133],"card_choices":[{"not_picked":["Poisoned Strike","Metamorphosis"],"picked":"expansioncontent:DashGenerateEvil","floor":0.0},{"not_picked":["hexamod:GhostLash","hexamod:ChargedBarrage"],"picked":"hexamod:RadiantFlame","floor":2.0},{"not_picked":["hexamod:Haunt","hexamod:BacktrackSmack"],"picked":"hexamod:Again","floor":5.0},{"not_picked":["hexamod:GhostflameBarrier","hexamod:HauntingEcho"],"picked":"hexamod:ThermalTransfer","floor":6.0},{"not_picked":["hexamod:BurningTouch","hexamod:NecessarySacrifice"],"picked":"hexamod:VolcanoVisage","floor":8.0},{"not_picked":["hexamod:SkipABeat","hexamod:GhostflameBarrier"],"picked":"hexamod:FourthSeal","floor":10.0},{"not_picked":["hexamod:RecurringNightmare","hexamod:NightmareStrike"],"picked":"hexamod:ChargedBarrage","floor":13.0},{"not_picked":["hexamod:RainOfEmbers","hexamod:PowerFromBeyond"],"picked":"hexamod:BurningTouch","floor":13.0},{"not_picked":["hexamod:ThermalTransfer","hexamod:SearingWound"],"picked":"hexamod:FirstSeal","floor":15.0},{"not_picked":["hexamod:ParanormalForm","hexamod:TimeWarp"],"picked":"hexamod:TimeOfNeed","floor":16.0},{"not_picked":["hubris:Greed","Delirium"],"picked":"ReplayTheSpireMod:Splinters","floor":17.0},{"not_picked":["Normality","infinitespire:Pacifist"],"picked":"Clumsy","floor":17.0},{"not_picked":["Looming Evil","sneckomod:Bewildered"],"picked":"hubris:Gluttony","floor":17.0},{"not_picked":["hexamod:GhostLash","hexamod:GhostShield+1"],"picked":"hexamod:HexaLevel","floor":22.0},{"not_picked":["hexamod:GhostLash","hexamod:ChargedBarrage"],"picked":"hexamod:FlamesFromBeyond+1","floor":23},{"not_picked":["hexamod:StepThrough","hexamod:PhantomCloak"],"picked":"hexamod:ExtraCrispy","floor":25},{"not_picked":["hexamod:HauntingEcho","hexamod:NightmareGuise+1"],"picked":"hexamod:HexaLevel","floor":26},{"not_picked":["hexamod:RetreatToShadows","hexamod:ShieldOfDarkness"],"picked":"hexamod:DynamicBlow+1","floor":30},{"not_picked":["hexamod:Haunt","hexamod:ThermalTransfer"],"picked":"hexamod:Firestarter","floor":31},{"not_picked":["hexamod:GhostOfSpireFuture","hexamod:InspiringFlames"],"picked":"hexamod:ThirdSeal","floor":32},{"not_picked":["hexamod:TimeWarp","hexamod:FifthSeal"],"picked":"hexamod:SearingWound","floor":33},{"not_picked":["hexamod:HexaLevel","hexamod:TimeWarp"],"picked":"hexamod:WildfireWeapon","floor":33},{"not_picked":["hexamod:GiftsFromTheDead","hexamod:FifthSeal"],"picked":"hexamod:SearingWound","floor":33},{"not_picked":["hexamod:UnleashSpirits","hexamod:TurnItUp"],"picked":"hexamod:TimeWarp","floor":33},{"not_picked":["hexamod:RetreatToShadows","hexamod:NightmareGuise+1"],"picked":"hexamod:Hexaguard","floor":36},{"not_picked":["hexamod:CatchUp+1","hexamod:RetreatToShadows"],"picked":"hexamod:SecondSeal","floor":36},{"not_picked":["ReplayTheSpireMod:Haul","hubris:Fate"],"picked":"hubris:InfiniteBlow+29088","floor":36},{"not_picked":["hexamod:GhostflameBarrier+1","hexamod:RetreatToShadows+1"],"picked":"hexamod:SkipABeat","floor":36},{"not_picked":["hexamod:InspiringFlames+1","hexamod:PhantomFireball"],"picked":"hexamod:RainOfEmbers","floor":37},{"not_picked":["hexamod:ShieldOfDarkness+1","hexamod:GhostLash+1"],"picked":"hexamod:AdvancingGuard","floor":37},{"not_picked":["hexamod:FourthSeal","hexamod:BurningTouch+1"],"picked":"hexamod:RainOfEmbers+1","floor":38},{"not_picked":["hexamod:PowerFromBeyond+1","hexamod:ThermalTransfer+1"],"picked":"hexamod:HeatShield+1","floor":38},{"not_picked":["hexamod:NightmareGuise+1","hexamod:ThermalTransfer"],"picked":"hexamod:HauntingEcho+1","floor":38},{"not_picked":["hexamod:UnleashSpirits","hexamod:RainOfEmbers+1"],"picked":"hexamod:FlamesFromBeyond","floor":39},{"not_picked":["hexamod:AdvancingGuard","hexamod:Firestarter"],"picked":"hexamod:BurningTouch","floor":39},{"not_picked":["hexamod:NightmareGuise","hexamod:ShieldOfDarkness+1"],"picked":"hexamod:Hexaguard+1","floor":39},{"not_picked":["hexamod:CatchUp+1","hexamod:GhostShield"],"picked":"hexamod:RadiantFlame+1","floor":42},{"not_picked":["hexamod:AdvancingGuard","hexamod:NightmareGuise+1"],"picked":"hexamod:HexaLevel","floor":43},{"not_picked":["hexamod:FastForward+1","hexamod:Rewind","hexamod:SwordOfDarkness"],"picked":"SKIP","floor":43},{"not_picked":["hexamod:Firestarter","hexamod:SwordOfDarkness+1","hexamod:BacktrackSmack+1"],"picked":"SKIP","floor":43},{"not_picked":["hexamod:BurningTouch+1","hexamod:Firestarter+1"],"picked":"hexamod:ExtraCrispy","floor":47},{"not_picked":["expansioncontent:TimeRipple","expansioncontent:GoopSpray"],"picked":"expansioncontent:AwakenDeath","floor":48},{"not_picked":["Replay:SS_fish_2","expansioncontent:PrepareCrush"],"picked":"expansioncontent:DecasProtection","floor":48},{"not_picked":["hexamod:GhostShield+1","hexamod:ThermalTransfer+1"],"picked":"hexamod:NightmareGuise+1","floor":49}],"player_experience":1510402,"relics_obtained":[{"floor":3.0,"key":"Snack Pack"},{"floor":7.0,"key":"Blood Vial"},{"floor":8.0,"key":"hubris:BottledRain"},{"floor":10.0,"key":"Tiny Chest"},{"floor":13.0,"key":"Orichalcum"},{"floor":14.0,"key":"hexamod:InflammatoryLetter"},{"floor":22.0,"key":"hubris:BundleOfHerbs"},{"floor":24,"key":"hubris:SphereOfDissonance"},{"floor":26,"key":"Sundial"},{"floor":28,"key":"Ring of Peace"},{"floor":28,"key":"Ring of Hypnosis"},{"floor":36,"key":"Ornamental Fan"},{"floor":41,"key":"hubris:ToyBattleship"},{"floor":45,"key":"Boot"}],"event_choices":[{"damage_healed":0.0,"max_hp_gain":0.0,"max_hp_loss":0.0,"gold_gain":0.0,"event_name":"Scrap Ooze","player_choice":"Success","floor":11.0,"gold_loss":0.0,"damage_taken":3.0,"relics_obtained":["Happy Flower"]},{"damage_healed":0.0,"max_hp_gain":0.0,"max_hp_loss":0.0,"gold_gain":0.0,"event_name":"Big Fish","player_choice":"Box","floor":12.0,"gold_loss":0.0,"damage_taken":0.0,"relics_obtained":["ScarletDevilRocket"],"cards_obtained":["Regret"]},{"damage_healed":0,"gold_gain":0,"player_choice":"Simplicity","damage_taken":0,"max_hp_gain":0,"max_hp_loss":0,"event_name":"Back to Basics","floor":29,"gold_loss":0,"cards_upgraded":["hexamod:Strike","hexamod:Strike","hexamod:Strike","hexamod:Defend","hexamod:Defend","hexamod:Defend","hexamod:Defend"]}],"is_beta":false,"boss_relics":[{"not_picked":["Replay:Wanted Poster","SlaversCollar"],"picked":"Replay:Ancient Bell"},{"not_picked":["Bronze Scales","hexamod:MatchstickCase"],"picked":"hubris:OldNail"},{"not_picked":["infinitespire:WardingShard","Replay:Bottled Snecko"],"picked":"Replay:Ringing Soul"},{"not_picked":["CaptainsWheel","StoneCalendar"],"picked":"hubris:Zylophone"},{"not_picked":["Astrolabe","Abe\u0027s Treasure"],"picked":"Painkiller Herb"}],"items_purged_floors":[20],"is_endless":false,"potions_floor_spawned":[6,15,22,23,37,42,49],"ascension_level":0}}