{"host":"sv2o2io561l6x04h","time":1608403684,"event":{"mods":["BaseMod","Bestiary","Better Altar","Better Match","Better Note","Better Sensory Stone","Colored Map","Conspire","Custom Start","DeckTracker","Highlight Path","Hubris","Minty Spire (QoL Compilation)","Replay The Spire","Shop Mod","StSLib","The Runesmith"],"gold_per_floor":[114,114,40,54,65,65,29,47,100,118,118,118,49,60,60,156,156,174,184,459,57,57,57,57],"floor_reached":23,"playtime":1454,"items_purged":["Regret"],"score":181,"play_id":"b38cddd0-ba02-4b19-a5e7-72fd65ec3d47","local_time":"20201219134804","is_ascension_mode":false,"campfire_choices":[{"data":"Runesmith:LithiumIon","floor":6,"key":"SMITH"},{"data":"Runesmith:LithiumIon","floor":12,"key":"SMITH"},{"data":"Runesmith:LithiumIon","floor":15,"key":"SMITH"}],"circlet_count":0,"master_deck":["Runesmith:Strike_RS","Runesmith:Strike_RS","Runesmith:Strike_RS","Runesmith:Strike_RS","Runesmith:Defend_RS","Runesmith:Defend_RS","Runesmith:Defend_RS","Runesmith:Defend_RS","Runesmith:CraftFirestone","Runesmith:Fortify+1","Runesmith:CraftProtectio","Runesmith:LithiumIon+1","Runesmith:CraftMagma","Runesmith:Refine","Runesmith:LithiumIon+1","Runesmith:FieryHammer","Runesmith:LithiumIon+1","Runesmith:Supernova","Runesmith:RunicBlueprint+1","Runesmith:Empowerment","Runesmith:Firestorm"],"relics":["Runesmith:BrokenRuby","hubris:Towel","Anchor","conspire:GlowingRock","Painkiller Herb","Mummified Hand"],"acts_visited":["Exordium","TheCity"],"potions_floor_usage":[4,16,19,23],"damage_taken":[{"damage":0,"enemies":"conspire:RoseBush","floor":1,"turns":4},{"damage":8,"enemies":"Small Slimes","floor":4,"turns":3},{"damage":4,"enemies":"Cultist","floor":5,"turns":4},{"damage":1,"enemies":"2 Fungi Beasts","floor":8,"turns":3},{"damage":7,"enemies":"Blue Slaver","floor":10,"turns":4},{"damage":0,"enemies":"3 Louse","floor":14,"turns":2},{"damage":9,"enemies":"Fading Forest","floor":16,"turns":11},{"damage":8,"enemies":"Shell Parasite","floor":18,"turns":6},{"damage":49,"enemies":"conspire:FuzzyDice","floor":19,"turns":7},{"damage":13,"enemies":"Gremlin Leader","floor":23,"turns":2}],"seed_played":"3659146742588870190","potions_obtained":[{"floor":1,"key":"ColorlessPotion"},{"floor":5,"key":"AttackPotion"},{"floor":14,"key":"Block Potion"},{"floor":16,"key":"SteroidPotion"},{"floor":18,"key":"Block Potion"}],"is_trial":false,"path_per_floor":["M","?","$","M","M","R","$","M","T","M","?","R","$","M","R","B",null,"?","?","?","T","?","E"],"character_chosen":"RUNESMITH_CLASS","items_purchased":["Runesmith:LithiumIon","Runesmith:LithiumIon","Runesmith:LithiumIon","Mummified Hand","Runesmith:Firestorm"],"campfire_rested":0,"item_purchase_floors":[3,7,13,21,21],"current_hp_per_floor":[70,70,70,62,58,58,58,57,57,50,50,50,50,50,50,41,70,62,13,13,13,13,0,0],"gold":57,"neow_bonus":"UPGRADE_CARD","is_daily":false,"chose_seed":false,"campfire_upgraded":3,"win_rate":0.0,"timestamp":1608403684,"path_taken":["M","?","$","M","M","R","$","M","T","M","?","R","$","M","R","BOSS","?","?","?","T","?","E"],"items_purchased_type":["Card","Card","Card","Relic","Card"],"build_version":"2020-12-13","purchased_purges":1,"victory":false,"max_hp_per_floor":[70,70,70,70,70,70,70,70,70,70,70,70,70,70,70,70,70,70,70,70,70,70,70,70],"card_choices":[{"not_picked":["Runesmith:CraftVitae","Runesmith:Overpower"],"picked":"Runesmith:CraftProtectio","floor":1},{"not_picked":["Runesmith:Malloc","Runesmith:EarthShield"],"picked":"Runesmith:CraftMagma","floor":4},{"not_picked":["Runesmith:StaticCage","Runesmith:Overpower"],"picked":"Runesmith:Refine","floor":5},{"not_picked":["Runesmith:EnergizedChisel","Runesmith:RuneHurl","Runesmith:Permafrost"],"picked":"SKIP","floor":8},{"not_picked":["Runesmith:Permafrost","Runesmith:StaticCage"],"picked":"Runesmith:FieryHammer","floor":10},{"not_picked":["Runesmith:StaticCage","Runesmith:NanitesCloud","Runesmith:Terraform"],"picked":"SKIP","floor":14},{"not_picked":["Runesmith:CraftPrismatica","Runesmith:GenerateForcefield"],"picked":"Runesmith:Supernova","floor":16},{"not_picked":["Runesmith:HammerThrow","Runesmith:StaticCage"],"picked":"Runesmith:RunicBlueprint+1","floor":18},{"not_picked":["Runesmith:GenerateForcefield","Runesmith:CraftReservo"],"picked":"Runesmith:Empowerment","floor":19}],"player_experience":202426,"relics_obtained":[{"floor":9,"key":"Anchor"}],"event_choices":[{"damage_healed":0,"gold_gain":0,"player_choice":"Gave Potion","damage_taken":0,"relics_obtained":["conspire:GlowingRock"],"max_hp_gain":0,"max_hp_loss":0,"event_name":"WeMeetAgain","floor":11,"gold_loss":0},{"damage_healed":0,"gold_gain":275,"player_choice":"Desecrate","damage_taken":0,"max_hp_gain":0,"max_hp_loss":0,"event_name":"Golden Shrine","floor":20,"gold_loss":0,"cards_obtained":["Regret"]},{"cards_removed":["Runesmith:Strike_RS"],"damage_healed":0,"gold_gain":0,"player_choice":"Give","damage_taken":0,"max_hp_gain":0,"max_hp_loss":0,"event_name":"betterNote:BetterNote","floor":22,"gold_loss":0,"cards_obtained":["Runesmith:Strike_RS"]}],"is_beta":false,"boss_relics":[{"not_picked":["Runic Dome","hubris:VirtuousBlindfold"],"picked":"Painkiller Herb"}],"items_purged_floors":[21],"is_endless":false,"potions_floor_spawned":[1,5,14,16,18],"killed_by":"Gremlin Leader","ascension_level":0}}