{"host":"41o2x9tazfds4ymf","time":1608404605,"event":{"mods":["Act Like it!","BaseMod","Better Vampires","Colored Powertips","Gensokyo","Hallownest","Lobotomy","LobotomyExtend","Minty Spire (QoL Compilation)","Remilia（蕾米莉亚）","Shop Mod","StSLib","TestMod","Waifu the Spire","WarShipGirlsR/战舰少女R mod","[IsaacMod]以撒尖塔","【东方二次创作】八云紫mod"],"gold_per_floor":[124,146,166,166,166,166,234,255,332,332,332,332,332,365,365,446,446,462,166,184,184],"floor_reached":20,"playtime":640,"items_purged":["Hallownest:curseDreamersLament"],"score":390,"play_id":"c31f43b3-f899-427c-8687-cd2349b611a4","local_time":"20201220030325","is_ascension_mode":true,"campfire_choices":[],"circlet_count":0,"master_deck":["AscendersBane","SpecialBullet","SpecialBullet","SpecialBullet","SpecialBullet","SpecialBullet","SpecialBullet","SpecialBullet","SpecialBullet","BettingIsNotGood","ExtractionCode","SecurityCode","InformationCode","BlackSwan","Christmas","OldLady","Noise","OSAHOGD","GoldRush","BigBird","Bloodbath","SoundOfStar+1","Soda+1"],"relics":["CogitoBucket","testmod-TestBox","HushsDoor","Happy Flower","testmod-TheFather","D6","LetterFromLob","Hallownest:SalubrasBlessingRelic","testmod-Brilliant","HornCleat","Hallownest:TeacherSealRelic","AntiCross","testmod-BatchProcessingSystem","TreeSap","MerchantsRug"],"acts_visited":["Hallownest:Greenpath","Hallownest:CityofTears"],"potions_floor_usage":[16,18],"damage_taken":[{"damage":0.0,"enemies":"2_ Uuma","floor":1.0,"turns":1.0},{"damage":8.0,"enemies":"Hallownest:monsterHuskWarrior","floor":2.0,"turns":2.0},{"damage":8.0,"enemies":"Hallownest:2_MossCreeps","floor":3.0,"turns":2.0},{"damage":40,"enemies":"Hallownest:eliteCrystalGuardian","floor":7,"turns":4},{"damage":0,"enemies":"Hallownest:Wandering_and_Horned","floor":8,"turns":1},{"damage":3,"enemies":"Hallownest:eliteMossKnight","floor":14,"turns":2},{"damage":23,"enemies":"Hallownest:BossFalseKnight","floor":16,"turns":4},{"damage":0,"enemies":"Hallownest:Guard_and_Sentry","floor":18,"turns":1},{"damage":101,"enemies":"Hallownest:Guard_and_Sentry","floor":20,"turns":3}],"seed_played":"-6967867057529769866","potions_obtained":[{"floor":2.0,"key":"DuplicationPotion"},{"floor":8,"key":"PowerPotion"},{"floor":16,"key":"Strength Potion"}],"is_trial":false,"path_per_floor":["M","M","M","$","?","R","E","M","T","R","?","?","R","E","R","B",null,"M","$","?"],"character_chosen":"Angela","items_purchased":["MerchantsRug","Soda+1"],"campfire_rested":0,"item_purchase_floors":[19,19],"current_hp_per_floor":[69,69,69,69,69,69,42,50,50,50,50,50,50,56,56,46,63,69,69,0,0],"gold":184,"neow_bonus":"RANDOM_COMMON_RELIC","is_daily":false,"chose_seed":false,"campfire_upgraded":0,"win_rate":0.0,"timestamp":1608404605,"path_taken":["M","M","M","?","?","R","E","M","T","R","?","?","R","E","R","BOSS","M","$","?"],"items_purchased_type":["Relic","Card"],"build_version":"2020-12-13","purchased_purges":1,"victory":false,"max_hp_per_floor":[69,69,69,69,69,69,69,69,69,69,69,69,69,69,69,69,69,69,69,69,69],"card_choices":[{"not_picked":[],"picked":"BettingIsNotGood","floor":0.0},{"not_picked":["FieryBird","VoidDream"],"picked":"BlackSwan","floor":1.0},{"not_picked":["Moonlight"],"picked":"Christmas","floor":1.0},{"not_picked":["CrumblingArmor","VoidDream"],"picked":"OldLady","floor":2.0},{"not_picked":["Reverberation","Hornet"],"picked":"SKIP","floor":2.0},{"not_picked":["TodaysExpression"],"picked":"Noise","floor":3.0},{"not_picked":["FairyFestival","MHz"],"picked":"OSAHOGD","floor":3.0},{"not_picked":["DreamingCurrent","CherryBlossoms","FairyFestival"],"picked":"Singing Bowl","floor":7},{"not_picked":["CUTE","Gaze"],"picked":"GoldRush","floor":7},{"not_picked":["BigBadWolf","SnowQueen"],"picked":"BigBird","floor":7},{"not_picked":["SwordSharpenedByTears","Christmas","FourthMatchFlame"],"picked":"SKIP","floor":7},{"not_picked":["HappyTeddy","FairyFestival","CherryBlossoms"],"picked":"Singing Bowl","floor":8},{"not_picked":["Scorched","BeautyBeast"],"picked":"Bloodbath","floor":8},{"not_picked":["Penitence","TodaysExpression","ParadiseLost"],"picked":"SKIP","floor":8},{"not_picked":["Yin","FairyFestival","WallGazer"],"picked":"Singing Bowl","floor":14},{"not_picked":["Loneliness+1","ParadiseLost+1","Penitence+1"],"picked":"SKIP","floor":14},{"not_picked":["UniverseFragment","SnowQueen","Porccubus"],"picked":"Singing Bowl","floor":16},{"not_picked":["Adoration+1","TheSmile+1"],"picked":"SoundOfStar+1","floor":16},{"not_picked":["DreamingCurrent","SnowQueen","NothingThere"],"picked":"Singing Bowl","floor":18},{"not_picked":["CUTE+1","RedEyes+1","BlueScar+1"],"picked":"SKIP","floor":18}],"player_experience":329267,"relics_obtained":[{"floor":1.0,"key":"LetterFromLob"},{"floor":7,"key":"testmod-Brilliant"},{"floor":9,"key":"HornCleat"},{"floor":14,"key":"AntiCross"}],"event_choices":[],"is_beta":false,"boss_relics":[{"not_picked":["testmod-Prudence","testmod-HarvestTotem"],"picked":"testmod-BatchProcessingSystem"},{"not_picked":[]}],"items_purged_floors":[19],"is_endless":false,"potions_floor_spawned":[2,8,16],"killed_by":"Hallownest:Guard_and_Sentry","ascension_level":20}}