{"host":"1kq2ingo3j45gyyp","time":1608354897,"event":{"mods":["BaseMod","Better Note","Better Third Choice","Minty Spire (QoL Compilation)","Shade Mod","StSLib"],"gold_per_floor":[118,118,129,149,149,149,165,165,165,165,195,215,230,250,250,354,354,365,384,384,332,332,332,29,29,80,114,114,146,146,157,157,258,258,272,272,284,284,300,328,328,328,380,380,74,74,92,108,108,108],"floor_reached":51,"playtime":1655,"items_purged":["Shade:Strike_Shade+1"],"score":765,"play_id":"93bb68b8-be8d-489a-9919-d629aadc65ec","local_time":"20201219001457","is_ascension_mode":false,"campfire_choices":[{"data":"Shade:Putrefaction","floor":6,"key":"SMITH"},{"data":"Shade:AnimateDead","floor":8,"key":"SMITH"},{"data":"Shade:Asphyxiate","floor":10,"key":"SMITH"},{"data":"Shade:AuraOfUnlife","floor":15,"key":"SMITH"},{"data":"Shade:Asphyxiate","floor":23,"key":"SMITH"},{"data":"Shade:Brains","floor":25,"key":"SMITH"},{"data":"Shade:WallOfFlesh","floor":32,"key":"SMITH"},{"floor":41,"key":"REST"},{"data":"Sadistic Nature","floor":46,"key":"SMITH"},{"data":"Shade:WallOfFlesh","floor":49,"key":"SMITH"}],"circlet_count":0,"master_deck":["Shade:Strike_Shade+1","Shade:Strike_Shade+1","Shade:Strike_Shade+1","Shade:Defend_Shade+1","Shade:Defend_Shade+1","Shade:Defend_Shade+1","Shade:Defend_Shade+1","Shade:AnimateDead+1","Shade:Putrefaction+1","Shade:WallOfFlesh+1","Shade:Asphyxiate+1","Shade:Asphyxiate+1","Shade:AuraOfUnlife+1","Shade:Trample+1","Shade:FingerOfDeath","Shade:Brains+1","Shade:SensePrey+1","Shade:WallOfFlesh+1","Shade:AblativeArmor","Sadistic Nature+1"],"relics":["Shade:YorickSkull","Letter Opener","Bottled Flame","Velvet Choker","Bottled Tornado","Omamori","Orichalcum","Prayer Wheel","Busted Crown","Turnip","Vajra"],"acts_visited":["Exordium","TheCity","TheBeyond"],"potions_floor_usage":[33,40,50,50],"damage_taken":[{"damage":3,"enemies":"2 Louse","floor":1,"turns":2},{"damage":0,"enemies":"Cultist","floor":3,"turns":4},{"damage":0,"enemies":"Jaw Worm","floor":4,"turns":4},{"damage":0,"enemies":"Gremlin Gang","floor":7,"turns":3},{"damage":0,"enemies":"3 Sentries","floor":11,"turns":5},{"damage":1,"enemies":"Looter","floor":12,"turns":4},{"damage":7,"enemies":"Lots of Slimes","floor":13,"turns":4},{"damage":0,"enemies":"Large Slime","floor":14,"turns":6},{"damage":1,"enemies":"The Guardian","floor":16,"turns":9},{"damage":0,"enemies":"Shell Parasite","floor":18,"turns":6},{"damage":0,"enemies":"Spheric Guardian","floor":19,"turns":5},{"damage":27,"enemies":"Gremlin Leader","floor":27,"turns":7},{"damage":0,"enemies":"Book of Stabbing","floor":29,"turns":4},{"damage":0,"enemies":"Chosen and Byrds","floor":31,"turns":5},{"damage":4,"enemies":"Collector","floor":33,"turns":7},{"damage":0,"enemies":"3 Shapes","floor":35,"turns":3},{"damage":0,"enemies":"Orb Walker","floor":37,"turns":3},{"damage":0,"enemies":"Maw","floor":39,"turns":7},{"damage":29,"enemies":"Nemesis","floor":40,"turns":7},{"damage":0,"enemies":"Transient","floor":47,"turns":5},{"damage":0,"enemies":"4 Shapes","floor":48,"turns":4},{"damage":32,"enemies":"Awakened One","floor":50,"turns":14}],"seed_played":"-271246588818233672","potions_obtained":[{"floor":3,"key":"GamblersBrew"},{"floor":4,"key":"CultistPotion"},{"floor":12,"key":"Energy Potion"},{"floor":33,"key":"Strength Potion"},{"floor":48,"key":"LiquidMemories"}],"is_trial":false,"path_per_floor":["M","?","M","M","?","R","M","R","T","R","E","M","M","M","R","B",null,"M","M","?","$","?","R","$","R","T","E","?","E","?","M","R","B",null,"M","?","M","?","M","E","R","?","T","?","$","R","M","M","R","B",null],"character_chosen":"SHADE","items_purchased":["Shade:FingerOfDeath","Bottled Tornado","Shade:Brains","Shade:AblativeArmor","Sadistic Nature"],"campfire_rested":1,"item_purchase_floors":[21,24,24,45,45],"current_hp_per_floor":[56,56,56,56,56,56,56,56,56,56,56,55,48,48,48,47,59,59,59,59,59,59,59,59,59,59,32,51,51,51,51,51,47,59,59,56,56,56,56,27,43,43,43,43,43,43,43,43,43,11],"gold":108,"neow_bonus":"THREE_RARE_CARDS","is_daily":false,"chose_seed":false,"campfire_upgraded":9,"win_rate":0.0,"timestamp":1608354897,"path_taken":["M","?","?","M","?","R","M","R","T","R","E","?","M","M","R","BOSS","M","M","?","$","?","R","$","R","T","E","?","E","?","?","R","BOSS","M","?","M","?","M","E","R","?","T","?","$","R","M","M","R","BOSS"],"items_purchased_type":["Card","Relic","Card","Card","Card"],"build_version":"2020-12-13","purchased_purges":1,"victory":true,"max_hp_per_floor":[59,59,59,59,59,59,59,59,59,59,59,59,59,59,59,59,59,59,59,59,59,59,59,59,59,59,59,59,59,59,59,59,59,59,59,56,56,56,56,56,56,56,56,56,56,56,56,56,56,56],"card_choices":[{"not_picked":["Shade:OneIsEnough","Shade:MadHubris"],"picked":"Shade:Putrefaction","floor":0},{"not_picked":["Shade:Bonestorm","Shade:FreshBones"],"picked":"Shade:WallOfFlesh","floor":1},{"not_picked":["Shade:Excise","Shade:AncientSpear","Shade:FleshLikeOak"],"picked":"SKIP","floor":3},{"not_picked":["Shade:Trample","Shade:FingerOfDeath"],"picked":"Shade:Asphyxiate","floor":4},{"not_picked":["Shade:BoneShards","Shade:FreshBones","Shade:Awaken"],"picked":"SKIP","floor":7},{"not_picked":["Shade:OneIsEnough","Shade:TouchOfTheGrave"],"picked":"Shade:Asphyxiate","floor":11},{"not_picked":["Shade:FreshBones","Shade:GoDigging"],"picked":"Shade:AuraOfUnlife","floor":12},{"not_picked":["Shade:CoffinDance","Shade:Doomsay","Shade:Patience"],"picked":"SKIP","floor":13},{"not_picked":["Shade:Trample","Shade:FleshToFlesh","Shade:FleshLikeOak"],"picked":"SKIP","floor":14},{"not_picked":["Shade:ScuttlingHand","Shade:SanguineRitual","Shade:Excise+1"],"picked":"SKIP","floor":18},{"not_picked":["Shade:CoffinDance","Shade:SoulToxin"],"picked":"Shade:Trample+1","floor":19},{"not_picked":["Shade:Haruspicy","Shade:ClawBack+1"],"picked":"Shade:SensePrey+1","floor":27},{"not_picked":["Shade:ExtraLimbs","Shade:SpontaneousRitual"],"picked":"Shade:WallOfFlesh","floor":29},{"not_picked":["Shade:ClawBack","Shade:SkeletonHug","Shade:ExtraLimbs"],"picked":"SKIP","floor":31},{"not_picked":["Shade:CallOfTheGrave","Shade:GraveStillness+1","Shade:StitchTogether+1"],"picked":"SKIP","floor":31},{"not_picked":["Shade:StitchTogether"],"picked":"SKIP","floor":35},{"not_picked":["Shade:FingerOfDeath"],"picked":"SKIP","floor":35},{"not_picked":["Shade:Bonestorm+1"],"picked":"SKIP","floor":37},{"not_picked":["Shade:Premonition"],"picked":"SKIP","floor":37},{"not_picked":["Shade:TouchOfTheGrave+1"],"picked":"SKIP","floor":39},{"not_picked":["Shade:StitchTogether+1"],"picked":"SKIP","floor":39},{"not_picked":["Shade:DangerousRitual+1"],"picked":"SKIP","floor":40},{"not_picked":["Shade:AncientSpear+1"],"picked":"SKIP","floor":47},{"not_picked":["Shade:Awaken"],"picked":"SKIP","floor":47},{"not_picked":["Shade:BoneShards+1"],"picked":"SKIP","floor":48},{"not_picked":["Shade:ExtraLimbs+1"],"picked":"SKIP","floor":48}],"player_experience":802226,"relics_obtained":[{"floor":9,"key":"Letter Opener"},{"floor":11,"key":"Bottled Flame"},{"floor":26,"key":"Omamori"},{"floor":27,"key":"Orichalcum"},{"floor":29,"key":"Prayer Wheel"},{"floor":40,"key":"Turnip"},{"floor":43,"key":"Vajra"}],"event_choices":[{"cards_removed":["Shade:CarefulCut"],"damage_healed":0,"gold_gain":0,"player_choice":"Purged","damage_taken":0,"max_hp_gain":0,"max_hp_loss":0,"event_name":"Purifier","floor":2,"gold_loss":0},{"damage_healed":0,"gold_gain":0,"player_choice":"Bought 0 Potions","damage_taken":0,"max_hp_gain":0,"max_hp_loss":0,"event_name":"The Woman in Blue","floor":5,"gold_loss":0},{"damage_healed":0,"gold_gain":0,"player_choice":"Ignored","damage_taken":0,"max_hp_gain":0,"max_hp_loss":0,"event_name":"betterNote:BetterNote","floor":20,"gold_loss":0,"cards_obtained":["Blind"]},{"damage_healed":0,"gold_gain":0,"player_choice":"Ignored","damage_taken":0,"max_hp_gain":0,"max_hp_loss":0,"event_name":"Beggar","floor":22,"gold_loss":0},{"damage_healed":19,"gold_gain":0,"player_choice":"Heal","damage_taken":0,"max_hp_gain":0,"max_hp_loss":0,"event_name":"The Library","floor":28,"gold_loss":0},{"damage_healed":0,"gold_gain":0,"player_choice":"Simplicity","damage_taken":0,"max_hp_gain":0,"max_hp_loss":8,"event_name":"betterThird:BetterWriting","floor":30,"gold_loss":0},{"damage_healed":0,"gold_gain":0,"player_choice":"Max HP","damage_taken":0,"max_hp_gain":0,"max_hp_loss":3,"event_name":"Winding Halls","floor":36,"gold_loss":0},{"damage_healed":0,"gold_gain":0,"player_choice":"Ignored","damage_taken":0,"max_hp_gain":0,"max_hp_loss":0,"event_name":"Mysterious Sphere","floor":38,"gold_loss":0},{"damage_healed":0,"gold_gain":0,"player_choice":"Memory 1","damage_taken":0,"max_hp_gain":0,"max_hp_loss":0,"event_name":"SensoryStone","floor":42,"gold_loss":0},{"damage_healed":0,"gold_gain":0,"player_choice":"Ignored","damage_taken":0,"max_hp_gain":0,"max_hp_loss":0,"event_name":"Tomb of Lord Red Mask","floor":44,"gold_loss":0}],"is_beta":false,"boss_relics":[{"not_picked":["SacredBark","Astrolabe"],"picked":"Velvet Choker"},{"not_picked":["Pandora\u0027s Box","Snecko Eye"],"picked":"Busted Crown"}],"items_purged_floors":[45],"is_endless":false,"potions_floor_spawned":[3,4,12,16,31,33,37,48],"ascension_level":0}}