{"host":"pletss163z7s8pvv","time":1608347706,"event":{"mods":["AchievementEnabler","BaseMod","Colored Map","Colored Powertips","Minty Spire (QoL Compilation)"],"gold_per_floor":[114,289,99,114,129,129,172,172,172,187,217,13,43,58,58,158,158,173,36,51,66,81,81,111,210,210,240,255,255,285,300,300,400,400,415,430,430,430,445,445,475,490,490,520,520,41,71,86,86,86],"floor_reached":51,"playtime":1413,"items_purged":["Doubt"],"score":1007,"play_id":"dd28a43b-f204-4cc6-8a23-824e3a35d713","local_time":"20201218211506","daily_mods":["Draft","Uncertain Future","Elite Swarm"],"is_ascension_mode":false,"campfire_choices":[{"data":"Inflame","floor":6,"key":"SMITH"},{"data":"Flex","floor":8,"key":"SMITH"},{"data":"Double Tap","floor":15,"key":"SMITH"},{"floor":23,"key":"REST"},{"data":"Limit Break","floor":29,"key":"SMITH"},{"floor":32,"key":"REST"},{"data":"Berserk","floor":40,"key":"SMITH"},{"floor":49,"key":"REST"}],"circlet_count":0,"master_deck":["Sword Boomerang","Flex","Cleave","Thunderclap","Cleave","Thunderclap","Cleave","Clash","Pummel","Sword Boomerang","Clash","Power Through","Armaments","Pommel Strike","Anger","Inflame+1","Flex+1","Sword Boomerang","Shrug It Off","Anger","Perfected Strike","Double Tap+1","Flex+1","Immolate","Metallicize","Demon Form","Iron Wave+1","Feed","Clothesline","Seeing Red+1","Flex","Reaper","Limit Break+1","Wild Strike","Berserk+1","Metallicize","Demon Form","CurseOfTheBell","Cleave+1","Double Tap","Clash","Exhume","Cleave","Limit Break","Inflame+1","Armaments","Heavy Blade","Battle Trance+1"],"relics":["Burning Blood","Calipers","Incense Burner","Vajra","HandDrill","Bottled Flame","SlaversCollar","Potion Belt","Shuriken","War Paint","Oddly Smooth Stone","Calling Bell","Akabeko","White Beast Statue","Turnip","InkBottle","Frozen Egg 2","The Courier","Lizard Tail","Toy Ornithopter","Bird Faced Urn"],"acts_visited":["Exordium","TheCity","TheBeyond"],"potions_floor_usage":[16,16,33,41,44,50,50,50,50],"damage_taken":[{"damage":0,"enemies":"Small Slimes","floor":1,"turns":1},{"damage":0,"enemies":"2 Louse","floor":4,"turns":1},{"damage":0,"enemies":"Jaw Worm","floor":5,"turns":1},{"damage":11,"enemies":"Lagavulin Event","floor":7,"turns":3},{"damage":0,"enemies":"Gremlin Gang","floor":10,"turns":2},{"damage":0,"enemies":"Gremlin Nob","floor":11,"turns":2},{"damage":1,"enemies":"3 Sentries","floor":13,"turns":3},{"damage":12,"enemies":"Blue Slaver","floor":14,"turns":2},{"damage":0,"enemies":"Slime Boss","floor":16,"turns":4},{"damage":0,"enemies":"Spheric Guardian","floor":18,"turns":2},{"damage":20,"enemies":"2 Thieves","floor":20,"turns":2},{"damage":21,"enemies":"Snake Plant","floor":21,"turns":3},{"damage":26,"enemies":"Centurion and Healer","floor":22,"turns":3},{"damage":2,"enemies":"Slavers","floor":24,"turns":2},{"damage":12,"enemies":"Gremlin Leader","floor":27,"turns":5},{"damage":12,"enemies":"3 Cultists","floor":28,"turns":3},{"damage":24,"enemies":"Slavers","floor":30,"turns":2},{"damage":0,"enemies":"Sentry and Sphere","floor":31,"turns":3},{"damage":53,"enemies":"Champ","floor":33,"turns":7},{"damage":12,"enemies":"3 Shapes","floor":35,"turns":1},{"damage":10,"enemies":"Orb Walker","floor":36,"turns":2},{"damage":22,"enemies":"4 Shapes","floor":39,"turns":3},{"damage":84,"enemies":"Giant Head","floor":41,"turns":8},{"damage":34,"enemies":"Maw","floor":42,"turns":6},{"damage":23,"enemies":"Reptomancer","floor":44,"turns":4},{"damage":24,"enemies":"Giant Head","floor":47,"turns":6},{"damage":63,"enemies":"Spire Growth","floor":48,"turns":6},{"damage":74,"enemies":"Awakened One","floor":50,"turns":7}],"seed_played":"-2908382401684788831","potions_obtained":[{"floor":4,"key":"Explosive Potion"},{"floor":10,"key":"SmokeBomb"},{"floor":13,"key":"Swift Potion"},{"floor":20,"key":"ElixirPotion"},{"floor":21,"key":"FairyPotion"},{"floor":30,"key":"BloodPotion"},{"floor":33,"key":"EssenceOfSteel"},{"floor":35,"key":"Ancient Potion"},{"floor":36,"key":"ElixirPotion"},{"floor":41,"key":"BlessingOfTheForge"},{"floor":42,"key":"ColorlessPotion"},{"floor":44,"key":"BloodPotion"},{"floor":48,"key":"BloodPotion"}],"is_trial":false,"path_per_floor":["M","?","$","M","M","R","?","R","T","M","E","$","E","M","R","B",null,"M","$","M","M","M","R","E","?","T","E","M","R","E","M","R","B",null,"M","M","?","?","M","R","E","M","T","E","?","$","E","M","R","B",null],"character_chosen":"IRONCLAD","items_purchased":["Inflame","Flex","HandDrill","Flex","Feed","Lizard Tail","Inflame+1","Toy Ornithopter","Armaments","Heavy Blade"],"campfire_rested":3,"item_purchase_floors":[3,3,12,12,19,46,46,46,46,46],"current_hp_per_floor":[80,80,80,80,80,80,75,75,75,80,80,80,80,74,74,80,80,80,80,66,54,34,58,65,65,65,73,70,70,52,58,84,52,89,83,82,82,82,66,66,18,25,25,8,83,83,66,15,39,38],"gold":86,"neow_bonus":"","is_daily":true,"chose_seed":false,"campfire_upgraded":5,"win_rate":0.0,"timestamp":1608347706,"path_taken":["M","?","$","M","M","R","?","R","T","M","E","?","E","M","R","BOSS","M","$","?","?","M","R","E","?","T","E","M","R","E","M","R","BOSS","M","M","?","?","M","R","E","M","T","E","?","$","E","M","R","BOSS"],"items_purchased_type":["Card","Card","Relic","Card","Card","Relic","Card","Relic","Card","Card"],"build_version":"2020-12-13","purchased_purges":1,"victory":true,"max_hp_per_floor":[80,80,80,80,80,80,80,80,80,80,80,80,80,80,80,80,80,80,80,80,83,83,83,86,86,86,86,89,89,89,89,89,89,89,89,92,92,92,92,92,95,95,95,95,83,83,83,83,83,86],"card_choices":[{"not_picked":["Havoc","Body Slam"],"picked":"Sword Boomerang","floor":0},{"not_picked":["Shrug It Off","Havoc"],"picked":"Sword Boomerang","floor":0},{"not_picked":["Rampage","Combust"],"picked":"Flex","floor":0},{"not_picked":["Power Through","Sword Boomerang"],"picked":"Cleave","floor":0},{"not_picked":["Flex","Wild Strike"],"picked":"Thunderclap","floor":0},{"not_picked":["Iron Wave","Clash"],"picked":"Cleave","floor":0},{"not_picked":["Clothesline","Power Through"],"picked":"Thunderclap","floor":0},{"not_picked":["Pommel Strike","Evolve"],"picked":"Cleave","floor":0},{"not_picked":["Twin Strike","Headbutt"],"picked":"Clash","floor":0},{"not_picked":["Headbutt","Pommel Strike"],"picked":"Pummel","floor":0},{"not_picked":["Shockwave","Warcry"],"picked":"Sword Boomerang","floor":0},{"not_picked":["Whirlwind","Blood for Blood"],"picked":"Clash","floor":0},{"not_picked":["Clothesline","Battle Trance"],"picked":"Power Through","floor":0},{"not_picked":["Shrug It Off","Ghostly Armor"],"picked":"Armaments","floor":0},{"not_picked":["Warcry","Armaments"],"picked":"Pommel Strike","floor":0},{"not_picked":["Iron Wave","Blood for Blood"],"picked":"Anger","floor":1},{"not_picked":["Blood for Blood","Cleave"],"picked":"Sword Boomerang","floor":4},{"not_picked":["Sentinel","Clothesline"],"picked":"Shrug It Off","floor":5},{"not_picked":["Power Through","Pommel Strike"],"picked":"Anger","floor":7},{"not_picked":["Sentinel","Armaments"],"picked":"Perfected Strike","floor":10},{"not_picked":["Berserk","Barricade"],"picked":"Double Tap","floor":11},{"not_picked":["Berserk","Feed"],"picked":"Immolate","floor":13},{"not_picked":["Uppercut","Sword Boomerang"],"picked":"Metallicize","floor":14},{"not_picked":["Barricade","Juggernaut"],"picked":"Demon Form","floor":16},{"not_picked":["Perfected Strike+1","Sever Soul+1"],"picked":"Iron Wave+1","floor":18},{"not_picked":["Hemokinesis","Rupture"],"picked":"Clothesline","floor":20},{"not_picked":["Wild Strike","Pommel Strike"],"picked":"Seeing Red","floor":21},{"not_picked":["Shrug It Off+1","Evolve"],"picked":"Flex","floor":22},{"not_picked":["Demon Form","Double Tap"],"picked":"Reaper","floor":24},{"not_picked":["Impervious","Berserk"],"picked":"Limit Break","floor":27},{"not_picked":["Headbutt+1","Rupture"],"picked":"Wild Strike","floor":28},{"not_picked":["Double Tap","Corruption"],"picked":"Berserk","floor":30},{"not_picked":["Iron Wave","Pommel Strike"],"picked":"Metallicize","floor":31},{"not_picked":["Corruption","Offering"],"picked":"Demon Form","floor":33},{"not_picked":["Disarm+1","Armaments+1"],"picked":"Cleave+1","floor":35},{"not_picked":["Clothesline+1","Evolve+1"],"picked":"Double Tap","floor":36},{"not_picked":["Cleave","Sentinel"],"picked":"Clash","floor":39},{"not_picked":["Fiend Fire","Bludgeon"],"picked":"Exhume","floor":41},{"not_picked":["Perfected Strike","Battle Trance+1"],"picked":"Cleave","floor":42},{"not_picked":["Brutality+1","Barricade+1"],"picked":"Limit Break","floor":44},{"not_picked":["Double Tap","Corruption+1","Bludgeon"],"picked":"SKIP","floor":47},{"not_picked":["Sentinel","Bloodletting"],"picked":"Battle Trance+1","floor":48}],"player_experience":390455,"relics_obtained":[{"floor":7,"key":"Calipers"},{"floor":9,"key":"Incense Burner"},{"floor":11,"key":"Vajra"},{"floor":13,"key":"Bottled Flame"},{"floor":24,"key":"Potion Belt"},{"floor":26,"key":"Shuriken"},{"floor":27,"key":"War Paint"},{"floor":30,"key":"Oddly Smooth Stone"},{"floor":34,"key":"Akabeko"},{"floor":34,"key":"White Beast Statue"},{"floor":34,"key":"Turnip"},{"floor":41,"key":"InkBottle"},{"floor":43,"key":"Frozen Egg 2"},{"floor":44,"key":"The Courier"},{"floor":47,"key":"Bird Faced Urn"}],"event_choices":[{"damage_healed":0,"gold_gain":175,"player_choice":"AGREE","damage_taken":0,"max_hp_gain":0,"max_hp_loss":0,"event_name":"Liars Game","floor":2,"gold_loss":0,"cards_obtained":["Doubt"]},{"damage_healed":0,"gold_gain":0,"player_choice":"Searched \u00272\u0027 times","damage_taken":0,"max_hp_gain":0,"max_hp_loss":0,"event_name":"Dead Adventurer","floor":7,"gold_loss":0},{"damage_healed":0,"gold_gain":99,"player_choice":"Stole From Cult","damage_taken":0,"max_hp_gain":0,"max_hp_loss":0,"event_name":"Nest","floor":25,"gold_loss":0},{"cards_removed":["Sword Boomerang"],"damage_healed":0,"gold_gain":0,"player_choice":"Removed Attack","damage_taken":0,"max_hp_gain":0,"max_hp_loss":0,"event_name":"Falling","floor":37,"gold_loss":0},{"damage_healed":0,"gold_gain":0,"player_choice":"Ignored","damage_taken":0,"max_hp_gain":0,"max_hp_loss":0,"event_name":"Tomb of Lord Red Mask","floor":38,"gold_loss":0},{"damage_healed":83,"gold_gain":0,"player_choice":"Heal","damage_taken":0,"max_hp_gain":0,"max_hp_loss":12,"event_name":"The Moai Head","floor":45,"gold_loss":0}],"is_beta":false,"boss_relics":[{"not_picked":["Snecko Eye","Velvet Choker"],"picked":"SlaversCollar"},{"not_picked":["Black Blood","Black Star"],"picked":"Calling Bell"}],"items_purged_floors":[3],"is_endless":false,"potions_floor_spawned":[4,10,13,14,20,21,30,33,35,36,39,41,42,44,47,48],"ascension_level":0}}