{"host":"zftkeu5v9gqs3wr3","time":1608372527,"event":{"mods":["Act Like it!","Bard","BaseMod","CapriCore","Curses Come First","Elementarium","Gensokyo","Hermit","Jorbs\u0027s Wanderer Trilogy","Mad Scientist","Minty Spire (QoL Compilation)","Potionbrewer","Rare Cards Sparkle","Shade Mod","StSLib","The Cursed","The Immortal","The Runesmith","TheSwordswoman"],"gold_per_floor":[118,118,128,144,163,163,191,466,490,490,507,507,519,537,537,634,634,647,647,219,235,235,251,270,270,323,323,323,323],"floor_reached":28,"playtime":3123,"items_purged":[],"score":222,"play_id":"767ed971-aa70-4e21-8672-caca9db256ee","local_time":"20201219100847","is_ascension_mode":false,"campfire_choices":[{"data":"hermit:Glare","floor":6,"key":"SMITH"},{"data":"hermit:GoldenBullet","floor":10,"key":"SMITH"},{"data":"hermit:Snipe","floor":12,"key":"SMITH"},{"floor":15,"key":"REST"},{"data":"Chrysalis","floor":25,"key":"SMITH"}],"circlet_count":0,"master_deck":["hermit:Strike_Hermit","hermit:Strike_Hermit","hermit:Strike_Hermit","hermit:Strike_Hermit","hermit:Defend_Hermit","hermit:Defend_Hermit","hermit:Defend_Hermit","hermit:Defend_Hermit","hermit:Snapshot","hermit:Covet","hermit:Horror","hermit:Snipe+1","hermit:Glare+1","hermit:Gestalt","hermit:GoldenBullet+1","Regret","hermit:Grudge","hermit:Dive","hermit:CursedWeapon","hermit:RoundhouseKick","hermit:Malice+1","hermit:Grudge","hermit:Spite","Dramatic Entrance","Chrysalis+1","hermit:GoldenBullet+1","hermit:Maintenance+1","hermit:Vantage"],"relics":["hermit:Momento","NeowsBlessing","potionbrewer:Torch","Tiny Chest","Runic Pyramid","Oddly Smooth Stone","potionbrewer:SlideRule"],"acts_visited":["Exordium","TheCity"],"potions_floor_usage":[7,16,21,21,28],"damage_taken":[{"damage":0,"enemies":"2 Louse","floor":1,"turns":1},{"damage":0,"enemies":"Cultist","floor":3,"turns":1},{"damage":0,"enemies":"Jaw Worm","floor":4,"turns":1},{"damage":29,"enemies":"Exordium Thugs","floor":5,"turns":6},{"damage":26,"enemies":"3 Sentries","floor":7,"turns":11},{"damage":2,"enemies":"Blue Slaver","floor":11,"turns":4},{"damage":1,"enemies":"Looter","floor":13,"turns":3},{"damage":9,"enemies":"2 Fungi Beasts","floor":14,"turns":2},{"damage":22,"enemies":"Slime Boss","floor":16,"turns":10},{"damage":4,"enemies":"Spheric Guardian","floor":18,"turns":4},{"damage":10,"enemies":"Shell Parasite","floor":21,"turns":3},{"damage":19,"enemies":"Sentry and Sphere","floor":23,"turns":4},{"damage":20,"enemies":"Snecko","floor":24,"turns":4},{"damage":23,"enemies":"Centurion and Healer","floor":28,"turns":2}],"seed_played":"-7568609805182371229","potions_obtained":[{"floor":1,"key":"hermit:Tonic"},{"floor":5,"key":"FearPotion"},{"floor":13,"key":"Energy Potion"},{"floor":14,"key":"SkillPotion"},{"floor":16,"key":"Ancient Potion"},{"floor":24,"key":"hermit:BlackBile"}],"is_trial":false,"path_per_floor":["M","?","M","M","M","R","E","?","T","R","M","R","M","M","R","B",null,"M","?","$","M","?","M","M","R","T","T","M"],"character_chosen":"HERMIT","items_purchased":["hermit:Grudge","hermit:Spite","Dramatic Entrance","Chrysalis"],"campfire_rested":1,"item_purchase_floors":[20,20,20,20],"current_hp_per_floor":[75,75,75,75,46,46,20,20,20,20,18,18,17,8,30,8,75,71,71,71,61,61,42,22,22,22,22,0,0],"gold":323,"neow_bonus":"THREE_ENEMY_KILL","is_daily":false,"chose_seed":false,"campfire_upgraded":4,"win_rate":0.0,"timestamp":1608372527,"path_taken":["M","?","M","M","?","R","E","?","T","R","M","R","?","M","R","BOSS","M","?","$","M","?","M","M","R","T","?","?"],"items_purchased_type":["Card","Card","Card","Card"],"build_version":"2020-12-13","purchased_purges":0,"victory":false,"max_hp_per_floor":[75,75,75,75,75,75,75,75,75,75,75,75,75,75,75,75,75,75,75,75,75,75,75,75,75,75,75,75,75],"card_choices":[{"not_picked":["hermit:Virtue","hermit:HoleUp"],"picked":"hermit:Horror","floor":1},{"not_picked":["hermit:Spite","hermit:TrackingShot"],"picked":"hermit:Snipe","floor":3},{"not_picked":["hermit:Feint","hermit:GhostlyPresence"],"picked":"hermit:Glare","floor":4},{"not_picked":["hermit:Deadeye","hermit:TrackingShot"],"picked":"hermit:Gestalt","floor":5},{"not_picked":["hermit:Desperado","hermit:Manifest"],"picked":"hermit:GoldenBullet","floor":7},{"not_picked":["hermit:Ricochet","hermit:Spite"],"picked":"hermit:Grudge","floor":11},{"not_picked":["hermit:Virtue","hermit:Desperado"],"picked":"hermit:Dive","floor":13},{"not_picked":["hermit:Glare","hermit:Shortfuse"],"picked":"hermit:CursedWeapon","floor":14},{"not_picked":["hermit:FatalDesire","hermit:HeroicBravado"],"picked":"hermit:RoundhouseKick","floor":16},{"not_picked":["hermit:SprayPray","hermit:Dive"],"picked":"hermit:Malice+1","floor":18},{"not_picked":["hermit:BodyArmor","hermit:Snipe+1"],"picked":"hermit:GoldenBullet+1","floor":21},{"not_picked":["hermit:DeadMansHand","hermit:NoHoldsBarred"],"picked":"hermit:Maintenance+1","floor":23},{"not_picked":["hermit:Roulette+1","hermit:Misfire"],"picked":"hermit:Vantage","floor":24}],"player_experience":87539,"relics_obtained":[{"floor":7,"key":"potionbrewer:Torch"},{"floor":9,"key":"Tiny Chest"},{"floor":26,"key":"Oddly Smooth Stone"},{"floor":27,"key":"potionbrewer:SlideRule"}],"event_choices":[{"damage_healed":0,"gold_gain":0,"player_choice":"Ignored","damage_taken":0,"max_hp_gain":0,"max_hp_loss":0,"event_name":"NoteForYourself","floor":2,"gold_loss":0},{"damage_healed":0,"gold_gain":275,"player_choice":"Desecrate","damage_taken":0,"max_hp_gain":0,"max_hp_loss":0,"event_name":"Golden Shrine","floor":8,"gold_loss":0,"cards_obtained":["Regret"]},{"damage_healed":0,"gold_gain":0,"player_choice":"Ignored","damage_taken":0,"max_hp_gain":0,"max_hp_loss":0,"event_name":"Ghosts","floor":22,"gold_loss":0}],"is_beta":false,"boss_relics":[{"not_picked":["Runesmith:UraniumAnvil","Snecko Eye"],"picked":"Runic Pyramid"}],"items_purged_floors":[],"is_endless":false,"potions_floor_spawned":[1,5,13,14,16,18,24],"killed_by":"Centurion and Healer","ascension_level":0}}