{"host":"i3w38rq1z4slkels","time":1608393090,"event":{"mods":["2.2 Compatiblity","Act Like it!","BaseMod","Better Match","Better Vampires","BetterRewards","Conspire","Downfall","Minty Spire (QoL Compilation)","Rare Cards Sparkle","Replay The Spire","StSLib"],"gold_per_floor":[99,99,133,58,58,85,85,10,21,49,69,69,80,108,127,222,222,147,61,61,101,101,101,101,101,143,143,184,236,90,124,152,166,166],"floor_reached":33,"playtime":1949,"items_purged":["hexamod:Strike"],"score":386,"play_id":"89ebd4ee-f7be-40eb-afa6-1aa468f34bf1","local_time":"20201219225130","is_ascension_mode":true,"campfire_choices":[{"floor":1,"key":"RECALL"},{"data":"hexamod:Incineration","floor":4,"key":"SMITH"},{"data":"hexamod:SoulSteal","floor":8,"key":"SMITH"},{"data":"hexamod:SearingWound","floor":18,"key":"SMITH"},{"data":"hexamod:ExtraCrispy","floor":20,"key":"SMITH"},{"data":"hexamod:Toasty","floor":25,"key":"SMITH"},{"data":"hexamod:Toasty","floor":27,"key":"SMITH"}],"circlet_count":0,"master_deck":["hexamod:Strike","hexamod:Strike","hexamod:Defend","hexamod:Defend","hexamod:Defend","hexamod:Sear","hexamod:Float","hexamod:Incineration+1","hexamod:SoulSteal+1","hexamod:Hexaguard","hexamod:SecondSeal","hexamod:PhantomFireball","hexamod:Toasty+1","hexamod:SearingWound+1","hexamod:FourthSeal","hexamod:ExtraCrispy+1","hexamod:PowerFromBeyond","hexamod:ThirdSeal","hexamod:Toasty+1","hexamod:ExtraCrispy","hexamod:BurningTouch+1","hexamod:WildfireWeapon","hexamod:FirstSeal"],"relics":["hexamod:SpiritBrand","downfall:HeartsMalice","Blood Vial","downfall:HeartBlessingRed","hexamod:InflammatoryLetter","Replay:PocketPolymizer","conspire:SeveredTorchhead","downfall:HeartBlessingGreen","Regal Pillow","Nloth\u0027s Gift","Mummified Hand","Replay:Bandana","Red Mask"],"acts_visited":["Exordium","TheCity"],"potions_floor_usage":[10,13,16,21,21,26,26,32,32,33],"damage_taken":[{"damage":0,"enemies":"Small Slimes","floor":2,"turns":1},{"damage":0,"enemies":"Gremlin Nob","floor":3,"turns":1},{"damage":0,"enemies":"Lagavulin","floor":6,"turns":1},{"damage":10,"enemies":"2 Louse","floor":9,"turns":2},{"damage":9,"enemies":"3 Sentries","floor":10,"turns":8},{"damage":0,"enemies":"Cultist","floor":11,"turns":3},{"damage":0,"enemies":"3 Louse","floor":13,"turns":2},{"damage":1,"enemies":"2 Fungi Beasts","floor":14,"turns":3},{"damage":10,"enemies":"Lots of Slimes","floor":15,"turns":3},{"damage":58,"enemies":"downfall:Silent","floor":16,"turns":8},{"damage":0,"enemies":"downfall:FleeingMerchant","floor":19,"turns":4},{"damage":46,"enemies":"Gremlin Leader","floor":21,"turns":7},{"damage":30,"enemies":"Slavers","floor":26,"turns":4},{"damage":28,"enemies":"3 Byrds","floor":28,"turns":4},{"damage":17,"enemies":"Masked Bandits","floor":29,"turns":4},{"damage":3,"enemies":"downfall:FleeingMerchant","floor":30,"turns":4},{"damage":0,"enemies":"Shell Parasite","floor":31,"turns":2},{"damage":5,"enemies":"3 Cultists","floor":32,"turns":4},{"damage":7,"enemies":"downfall:Watcher","floor":33,"turns":3}],"seed_played":"-1994389455955736919","potions_obtained":[{"floor":3,"key":"EssenceOfSteel"},{"floor":10,"key":"AttackPotion"},{"floor":11,"key":"conspire:TimeTravelPotion"},{"floor":14,"key":"Weak Potion"},{"floor":15,"key":"conspire:TimeTravelPotion"},{"floor":16,"key":"EssenceOfSteel"},{"floor":21,"key":"LiquidMemories"},{"floor":21,"key":"SteroidPotion"},{"floor":26,"key":"Milkshake"},{"floor":28,"key":"SpeedPotion"},{"floor":31,"key":"hexamod:EctoCoolerPotion"},{"floor":32,"key":"Toxic Potion"}],"is_trial":false,"path_per_floor":["R","M","E","R","?","E","T","R","M","E","M","?","M","M","M","B",null,"R","$","R","E","?","?","T","R","E","R","M","?","$","M","M","B"],"character_chosen":"THE_SPIRIT","items_purchased":["hexamod:ExtraCrispy","hexamod:FirstSeal"],"campfire_rested":0,"item_purchase_floors":[19,30],"current_hp_per_floor":[70,70,70,70,70,70,70,80,70,63,65,65,67,68,60,29,80,80,80,80,73,73,73,73,73,45,45,19,4,3,5,2,0,0],"gold":166,"neow_bonus":"THREE_ENEMY_KILL","is_daily":false,"chose_seed":false,"campfire_upgraded":6,"win_rate":0.0,"timestamp":1608393090,"path_taken":["R","M","E","R","?","E","T","R","M","E","M","?","M","M","M","BOSS","R","$","R","E","?","?","T","R","E","R","?","?","$","M","M","BOSS"],"items_purchased_type":["Card","Card"],"build_version":"2020-12-13","purchased_purges":1,"victory":false,"max_hp_per_floor":[70,70,70,70,70,70,70,80,80,80,80,80,80,80,80,80,80,80,80,80,80,80,80,80,80,80,80,80,80,80,80,80,80,80],"card_choices":[{"not_picked":["hexamod:FastForward","hexamod:BurningTouch"],"picked":"hexamod:Incineration","floor":2},{"not_picked":["hexamod:GhostOfSpirePresent","hexamod:Haunt"],"picked":"hexamod:SoulSteal","floor":3},{"not_picked":["hexamod:ParanormalForm","hexamod:SwordOfDarkness"],"picked":"hexamod:Hexaguard","floor":6},{"not_picked":["hexamod:AdvancingGuard","hexamod:RecurringNightmare","hexamod:GhostflameBarrier"],"picked":"SKIP","floor":9},{"not_picked":["hexamod:AdvancingGuard","hexamod:Firestarter","hexamod:Incineration"],"picked":"SKIP","floor":10},{"not_picked":["hexamod:FastForward","hexamod:ThermalTransfer","hexamod:GhostShield"],"picked":"SKIP","floor":11},{"not_picked":["hexamod:FourthSeal","hexamod:Rewind"],"picked":"hexamod:SecondSeal","floor":13},{"not_picked":["hexamod:ShieldOfDarkness","hexamod:Again"],"picked":"hexamod:PhantomFireball","floor":14},{"not_picked":["hexamod:FastForward","hexamod:Rewind"],"picked":"hexamod:Toasty","floor":15},{"not_picked":["hexamod:CrushingStance","hexamod:TimeOfNeed"],"picked":"hexamod:SearingWound","floor":16},{"not_picked":["hexamod:RecurringNightmare+1","hexamod:HeatCrush"],"picked":"hexamod:FourthSeal","floor":19},{"not_picked":["hexamod:FastForward+1","hexamod:GhostflameInferno"],"picked":"hexamod:PowerFromBeyond","floor":21},{"not_picked":["hexamod:SuperheatedStrike+1","hexamod:GhostOfSpirePresent+1","hexamod:Incineration"],"picked":"SKIP","floor":26},{"not_picked":["hexamod:PowerFromBeyond","hexamod:ThermalTransfer"],"picked":"hexamod:ExtraCrispy","floor":28},{"not_picked":["hexamod:GhostOfSpireFuture+1","hexamod:ThermalTransfer+1","hexamod:FastForward+1"],"picked":"SKIP","floor":28},{"not_picked":["hexamod:HeatCrush","hexamod:FastForward"],"picked":"hexamod:BurningTouch+1","floor":29},{"not_picked":["hexamod:TurnItUp","hexamod:AdvancingGuard+1"],"picked":"hexamod:WildfireWeapon","floor":29},{"not_picked":["hexamod:Rewind","hexamod:InspiringFlames","hexamod:SuperheatedStrike"],"picked":"SKIP","floor":30},{"not_picked":["hexamod:Hexaguard","hexamod:FastForward","hexamod:AdvancingGuard"],"picked":"SKIP","floor":30},{"not_picked":["hexamod:ThermalTransfer","hexamod:SpectersWail","hexamod:NightmareStrike"],"picked":"SKIP","floor":31},{"not_picked":["hexamod:FastForward","hexamod:GhostflameInferno","hexamod:InspiringFlames+1"],"picked":"SKIP","floor":32}],"player_experience":443464,"relics_obtained":[{"floor":3,"key":"Blood Vial"},{"floor":6,"key":"hexamod:InflammatoryLetter"},{"floor":10,"key":"Replay:PocketPolymizer"},{"floor":21,"key":"Regal Pillow"},{"floor":24,"key":"Mummified Hand"},{"floor":26,"key":"Replay:Bandana"},{"floor":29,"key":"Red Mask"}],"event_choices":[{"cards_removed":["hexamod:Strike"],"damage_healed":0,"gold_gain":0,"player_choice":"Card Removal","damage_taken":0,"max_hp_gain":0,"max_hp_loss":0,"event_name":"The Cleric","floor":5,"gold_loss":0},{"damage_healed":0,"gold_gain":0,"player_choice":"Read","damage_taken":0,"max_hp_gain":0,"max_hp_loss":0,"event_name":"The Library","floor":22,"gold_loss":0,"cards_obtained":["hexamod:ThirdSeal"]},{"damage_healed":0,"gold_gain":0,"player_choice":"Fought Bandits","damage_taken":0,"max_hp_gain":0,"max_hp_loss":0,"event_name":"Masked Bandits","floor":29,"gold_loss":0}],"is_beta":false,"boss_relics":[{"not_picked":["conspire:RunicOctahedron","ChewingGum"],"picked":"conspire:SeveredTorchhead"}],"items_purged_floors":[30],"is_endless":false,"potions_floor_spawned":[3,10,11,14,15,16,21,31],"killed_by":"downfall:Watcher","ascension_level":2}}