{"host":"qkcfkaplhifbw24p","time":1608416030,"event":{"mods":["BaseMod","Colored Map","Colored Powertips","Hermit","Marisa????????","Minty Spire (QoL Compilation)","Quick Restart","Rare Cards Sparkle","StSLib","SuperFastMode"],"gold_per_floor":[113,113,133,147,38,72,72,90,172,183,206,206,206,241,241,336,336,354,364,112,124,142,142,155,88,112,147,147,177,188,208,208,208,208],"floor_reached":33,"playtime":1656,"items_purged":[],"score":299,"play_id":"727e936a-2a8b-43da-8d13-66de3b3637a2","local_time":"20201219171350","is_ascension_mode":false,"campfire_choices":[{"data":"Shrug It Off","floor":7,"key":"SMITH"},{"data":"Body Slam","floor":12,"key":"SMITH"},{"data":"Flame Barrier","floor":15,"key":"SMITH"},{"data":"Good Instincts","floor":23,"key":"SMITH"},{"data":"Limit Break","floor":32,"key":"SMITH"}],"circlet_count":0,"master_deck":["Defend_R","Defend_R","Defend_R","Defend_R","Bash","Shrug It Off+1","Swift Strike","Body Slam+1","Flame Barrier+1","Rage","Impervious","Fire Breathing+1","Spot Weakness+1","Clothesline+1","Good Instincts+1","Disarm","Metallicize","Limit Break+1"],"relics":["Burning Blood","NeowsBlessing","Calipers","Paper Frog","Odd Mushroom","Bag of Marbles","Astrolabe","Anchor","Blood Vial","Happy Flower","Frozen Egg 2","Ornamental Fan"],"acts_visited":["Exordium","TheCity"],"potions_floor_usage":[6,11,21,27,29,29,29,33],"damage_taken":[{"damage":0,"enemies":"Jaw Worm","floor":1,"turns":1},{"damage":0,"enemies":"Cultist","floor":3,"turns":1},{"damage":0,"enemies":"Small Slimes","floor":4,"turns":1},{"damage":20,"enemies":"Lagavulin","floor":6,"turns":9},{"damage":5,"enemies":"Looter","floor":8,"turns":3},{"damage":3,"enemies":"Red Slaver","floor":10,"turns":4},{"damage":12,"enemies":"The Mushroom Lair","floor":11,"turns":6},{"damage":13,"enemies":"3 Sentries","floor":14,"turns":10},{"damage":30,"enemies":"Hexaghost","floor":16,"turns":11},{"damage":5,"enemies":"Spheric Guardian","floor":18,"turns":6},{"damage":18,"enemies":"3 Byrds","floor":19,"turns":6},{"damage":39,"enemies":"Cultist and Chosen","floor":21,"turns":9},{"damage":0,"enemies":"Snake Plant","floor":22,"turns":3},{"damage":9,"enemies":"Snecko","floor":24,"turns":12},{"damage":17,"enemies":"Slavers","floor":27,"turns":8},{"damage":19,"enemies":"Gremlin Leader","floor":29,"turns":8},{"damage":7,"enemies":"Centurion and Healer","floor":30,"turns":6},{"damage":0,"enemies":"Shelled Parasite and Fungi","floor":31,"turns":6},{"damage":49,"enemies":"Collector","floor":33,"turns":6}],"seed_played":"3792119065703101211","potions_obtained":[{"floor":1,"key":"CultistPotion"},{"floor":4,"key":"BloodPotion"},{"floor":10,"key":"ColorlessPotion"},{"floor":14,"key":"Weak Potion"},{"floor":18,"key":"Strength Potion"},{"floor":24,"key":"Block Potion"},{"floor":27,"key":"PowerPotion"},{"floor":29,"key":"Energy Potion"}],"is_trial":false,"path_per_floor":["M","?","M","M","$","E","R","M","T","M","?","R","?","E","R","B",null,"M","M","$","M","M","R","M","$","T","E","T","E","M","M","R","B"],"character_chosen":"IRONCLAD","items_purchased":["Shrug It Off","Swift Strike","Anchor","Good Instincts","Metallicize"],"campfire_rested":0,"item_purchase_floors":[5,5,20,20,25],"current_hp_per_floor":[80,80,80,80,80,66,66,67,67,70,64,64,64,57,57,33,80,80,68,68,51,57,57,54,54,54,45,45,34,35,43,43,0,0],"gold":208,"neow_bonus":"THREE_ENEMY_KILL","is_daily":false,"chose_seed":false,"campfire_upgraded":5,"win_rate":0.0,"timestamp":1608416030,"path_taken":["M","?","?","M","$","E","R","M","T","M","?","R","?","E","R","BOSS","M","M","$","M","M","R","M","$","T","E","?","E","M","M","R","BOSS"],"items_purchased_type":["Card","Card","Relic","Card","Card"],"build_version":"2020-12-13","purchased_purges":0,"victory":false,"max_hp_per_floor":[80,80,80,80,80,80,80,80,80,80,80,80,80,80,80,80,80,80,80,80,80,80,80,80,80,80,80,80,80,80,80,80,80,80],"card_choices":[{"not_picked":["Dual Wield","Perfected Strike","Armaments"],"picked":"SKIP","floor":1},{"not_picked":["Dropkick","Rupture","Perfected Strike"],"picked":"SKIP","floor":3},{"not_picked":["Clash","Perfected Strike","Heavy Blade"],"picked":"SKIP","floor":4},{"not_picked":["Heavy Blade","Clothesline","Clash"],"picked":"SKIP","floor":6},{"not_picked":["Second Wind","Whirlwind"],"picked":"Body Slam","floor":8},{"not_picked":["Shockwave","Shrug It Off"],"picked":"Flame Barrier","floor":10},{"not_picked":["Clash","Flex","Brutality"],"picked":"SKIP","floor":14},{"not_picked":["Berserk","Immolate"],"picked":"Impervious","floor":16},{"not_picked":["Clothesline","Pommel Strike+1","Wild Strike+1"],"picked":"SKIP","floor":18},{"not_picked":["Clothesline","Pommel Strike+1","Wild Strike+1"],"picked":"SKIP","floor":18},{"not_picked":["Rupture","Pommel Strike","Cleave"],"picked":"SKIP","floor":19},{"not_picked":["Clash","Feel No Pain","Cleave"],"picked":"SKIP","floor":21},{"not_picked":["Dark Embrace+1","Twin Strike+1"],"picked":"Disarm","floor":22},{"not_picked":["Flame Barrier","Infernal Blade","Whirlwind+1"],"picked":"SKIP","floor":24},{"not_picked":["Anger","Pommel Strike"],"picked":"Limit Break","floor":27},{"not_picked":["Thunderclap","Heavy Blade","Flex"],"picked":"SKIP","floor":29},{"not_picked":["Warcry+1","Perfected Strike","Cleave"],"picked":"SKIP","floor":30},{"not_picked":["Sever Soul","Warcry","Iron Wave"],"picked":"SKIP","floor":31}],"player_experience":1444986,"relics_obtained":[{"floor":6,"key":"Calipers"},{"floor":9,"key":"Paper Frog"},{"floor":11,"key":"Odd Mushroom"},{"floor":14,"key":"Bag of Marbles"},{"floor":26,"key":"Blood Vial"},{"floor":27,"key":"Happy Flower"},{"floor":28,"key":"Frozen Egg 2"},{"floor":29,"key":"Ornamental Fan"}],"event_choices":[{"cards_removed":["Strike_R"],"damage_healed":0,"gold_gain":0,"player_choice":"Offered Basic","damage_taken":0,"max_hp_gain":0,"max_hp_loss":0,"event_name":"Bonfire Elementals","floor":2,"gold_loss":0},{"damage_healed":0,"gold_gain":0,"player_choice":"Fought Mushrooms","damage_taken":0,"max_hp_gain":0,"max_hp_loss":0,"event_name":"Mushrooms","floor":11,"gold_loss":0},{"damage_healed":0,"gold_gain":0,"cards_transformed":["Strike_R"],"player_choice":"Transformed","damage_taken":0,"max_hp_gain":0,"max_hp_loss":0,"event_name":"Transmorgrifier","floor":13,"gold_loss":0,"cards_obtained":["Rage"]}],"is_beta":false,"boss_relics":[{"not_picked":["Fusion Hammer","Runic Cube"],"picked":"Astrolabe"}],"items_purged_floors":[],"is_endless":false,"potions_floor_spawned":[1,4,10,14,18,24,27,29],"killed_by":"Collector","ascension_level":0}}