{"host":"2yrpj874ymrph8fv","time":1608400865,"event":{"mods":["AchievementEnabler","Act Like it!","Aspiration","BaseMod","Better Altar","Better Match","Better Note","Better Sensory Stone","Better Skull","Better Third Choice","BetterRewards","Clawfect","Colored Map","Colored Powertips","Conspire","Downfall","GifTheSpireLib","Halation","Hallownest","Highlight Path","Hubris","Infinite Spire","Marisa????????","Minty Spire (QoL Compilation)","Permanent Neow","Quick Restart","Replay The Spire","Shade Mod","Shop Mod","Spicy Shops","StSLib","Stuff the Spire","The Bug Knight","The Construct","The Disciple","The Servant 0.9.4","everything is the same but u backflip on backflip"],"gold_per_floor":[115,115,115,127,138,138,138,138],"floor_reached":7,"playtime":1055,"items_purged":[],"score":41,"play_id":"f85760c2-c2f7-44bf-93fd-696a348ff6e2","local_time":"20201219120105","is_ascension_mode":false,"campfire_choices":[{"data":"HollowMod:QuickDashStart","floor":6,"key":"SMITH"}],"circlet_count":0,"master_deck":["HollowMod:NailStrikeStart","HollowMod:NailStrikeStart","HollowMod:NailStrikeStart","HollowMod:NailStrikeStart","HollowMod:QuickDashStart","HollowMod:QuickDashStart","HollowMod:QuickDashStart","HollowMod:QuickDashStart+2","HollowMod:FocusHealStart","HollowMod:PogoStrike","HollowMod:HeavyBlow","HollowMod:MawleksShell","HollowMod:DashSlash"],"relics":["HollowMod:VesselMask","Bag of Marbles","Simple Rune"],"acts_visited":["Exordium"],"potions_floor_usage":[],"damage_taken":[{"damage":3,"enemies":"Jaw Worm","floor":1,"turns":3},{"damage":2,"enemies":"conspire:RoseBush","floor":4,"turns":2},{"damage":29,"enemies":"Small Slimes","floor":5,"turns":5},{"damage":56,"enemies":"Lagavulin","floor":7,"turns":21}],"seed_played":"2462174889230553894","potions_obtained":[],"is_trial":false,"path_per_floor":["M","?","?","M","M","R","E"],"character_chosen":"THE_BUGKNIGHT","items_purchased":[],"campfire_rested":0,"item_purchase_floors":[],"current_hp_per_floor":[73,75,63,61,42,42,0,0],"gold":138,"neow_bonus":"RANDOM_COMMON_RELIC","is_daily":false,"chose_seed":false,"campfire_upgraded":1,"win_rate":0.0,"timestamp":1608400865,"path_taken":["M","?","?","M","M","R","E"],"items_purchased_type":[],"build_version":"2020-12-13","purchased_purges":0,"victory":false,"max_hp_per_floor":[75,75,75,75,75,75,75,75],"card_choices":[{"not_picked":["HollowMod:CrystalDash","HollowMod:DashSlash"],"picked":"HollowMod:HeavyBlow","floor":1},{"not_picked":["HollowMod:InfectionAssault","HollowMod:NewJinnsSoul"],"picked":"HollowMod:MawleksShell","floor":4},{"not_picked":["HollowMod:InfectionAssault","HollowMod:VengefulVoid"],"picked":"HollowMod:DashSlash","floor":5}],"player_experience":165299,"relics_obtained":[],"event_choices":[{"damage_healed":0,"gold_gain":0,"player_choice":"Relic ","damage_taken":12,"max_hp_gain":0,"max_hp_loss":0,"event_name":"betterThird:BetterScrap","floor":3,"gold_loss":0,"cards_obtained":["Glacier"]}],"is_beta":false,"boss_relics":[],"items_purged_floors":[],"is_endless":false,"potions_floor_spawned":[],"killed_by":"Lagavulin","ascension_level":0}}