{"host":"vumwfieg2b2mnrfl","time":1608416539,"event":{"mods":["AchievementEnabler","BaseMod","Minty Spire (QoL Compilation)","Rare Cards Sparkle","Relic Stats"],"gold_per_floor":[112,287,306,326,339,366,366,399,399,426,437,449,449,524,524,598,598,615,615,633,647,667,667,667,667],"floor_reached":24,"playtime":904,"items_purged":[],"score":363,"play_id":"c456952f-05d6-48b0-a594-7e359fe9d234","local_time":"20201219162219","is_ascension_mode":true,"campfire_choices":[{"floor":7,"key":"REST"},{"floor":13,"key":"REST"},{"floor":15,"key":"REST"},{"floor":23,"key":"REST"}],"circlet_count":0,"master_deck":["AscendersBane","Strike_G","Strike_G","Strike_G","Strike_G","Strike_G","Defend_G","Defend_G","Defend_G","Defend_G","Defend_G","Survivor","Neutralize","Storm of Steel","Dagger Spray","Predator","Terror","Poisoned Stab","Catalyst","Quick Slash","Burst+1","Poisoned Stab","Noxious Fumes","Phantasmal Killer+1","Catalyst+1","Prepared+1","Reflex+1","Deflect+1"],"relics":["Ring of the Snake","Happy Flower","InkBottle","Toxic Egg 2","Strawberry","WristBlade"],"acts_visited":["Exordium","TheCity"],"potions_floor_usage":[8,10,12,16,24],"damage_taken":[{"damage":5,"enemies":"Small Slimes","floor":1,"turns":5},{"damage":1,"enemies":"2 Louse","floor":3,"turns":3},{"damage":0,"enemies":"Cultist","floor":4,"turns":5},{"damage":12,"enemies":"Lots of Slimes","floor":5,"turns":3},{"damage":24,"enemies":"3 Sentries","floor":6,"turns":7},{"damage":12,"enemies":"Gremlin Nob","floor":8,"turns":3},{"damage":12,"enemies":"Lagavulin","floor":10,"turns":5},{"damage":12,"enemies":"2 Fungi Beasts","floor":11,"turns":3},{"damage":0,"enemies":"Large Slime","floor":12,"turns":4},{"damage":35,"enemies":"Hexaghost","floor":16,"turns":9},{"damage":17,"enemies":"2 Thieves","floor":18,"turns":4},{"damage":6,"enemies":"3 Byrds","floor":20,"turns":5},{"damage":26,"enemies":"Snake Plant","floor":21,"turns":4},{"damage":10,"enemies":"Centurion and Healer","floor":22,"turns":6},{"damage":38,"enemies":"Slavers","floor":24,"turns":3}],"seed_played":"-9096967017380846648","potions_obtained":[{"floor":3,"key":"Regen Potion"},{"floor":5,"key":"CunningPotion"},{"floor":6,"key":"LiquidMemories"},{"floor":8,"key":"Fruit Juice"},{"floor":11,"key":"Regen Potion"},{"floor":22,"key":"Weak Potion"}],"is_trial":false,"path_per_floor":["M","?","M","M","M","E","R","E","T","E","M","M","R","?","R","B",null,"M","?","M","M","M","R","E"],"character_chosen":"THE_SILENT","items_purchased":[],"campfire_rested":4,"item_purchase_floors":[],"current_hp_per_floor":[58,58,57,57,45,21,42,30,30,30,18,18,42,31,55,35,70,53,53,47,21,11,35,0,0],"gold":667,"neow_bonus":"ONE_RANDOM_RARE_CARD","is_daily":false,"chose_seed":false,"campfire_upgraded":0,"win_rate":0.0,"timestamp":1608416539,"path_taken":["M","?","M","M","M","E","R","E","T","E","M","M","R","?","R","BOSS","M","?","M","?","M","R","E"],"items_purchased_type":[],"build_version":"2020-12-13","purchased_purges":0,"victory":false,"max_hp_per_floor":[70,70,70,70,70,70,70,70,70,82,82,82,82,82,82,82,82,82,82,82,82,82,82,82,82],"relic_stats":{"Happy Flower":[15],"counters":[15,69],"obtain_stats":[{"Happy Flower":6,"WristBlade":17,"Strawberry":10,"Toxic Egg 2":9,"InkBottle":8,"Ring of the Snake":0},{"Happy Flower":5,"WristBlade":10,"Strawberry":7,"Toxic Egg 2":6,"InkBottle":6,"Ring of the Snake":0},{"Happy Flower":23,"WristBlade":47,"Strawberry":31,"Toxic Egg 2":26,"InkBottle":26,"Ring of the Snake":0}],"InkBottle":[16],"Ring of the Snake":[30]},"card_choices":[{"not_picked":["Sucker Punch","Dagger Throw"],"picked":"Dagger Spray","floor":1},{"not_picked":["Outmaneuver","Blade Dance"],"picked":"Predator","floor":3},{"not_picked":["Dagger Throw","Slice"],"picked":"Terror","floor":4},{"not_picked":["Underhanded Strike","Riddle With Holes"],"picked":"Poisoned Stab","floor":5},{"not_picked":["Concentrate","Predator"],"picked":"Catalyst","floor":6},{"not_picked":["Outmaneuver","Choke"],"picked":"Quick Slash","floor":8},{"not_picked":["Endless Agony","Deadly Poison+1"],"picked":"Burst+1","floor":10},{"not_picked":["Blade Dance+1","Bane"],"picked":"Poisoned Stab","floor":11},{"not_picked":["Dagger Throw","Flechettes"],"picked":"Noxious Fumes","floor":12},{"not_picked":["Adrenaline+1","Die Die Die"],"picked":"Phantasmal Killer+1","floor":16},{"not_picked":["Outmaneuver+1","Dagger Spray"],"picked":"Catalyst+1","floor":18},{"not_picked":["Tactician+1","Distraction+1"],"picked":"Prepared+1","floor":20},{"not_picked":["Heel Hook","Flying Knee"],"picked":"Reflex+1","floor":21},{"not_picked":["Dagger Spray","Riddle With Holes+1"],"picked":"Deflect+1","floor":22}],"player_experience":260436,"relics_obtained":[{"floor":6,"key":"Happy Flower"},{"floor":8,"key":"InkBottle"},{"floor":9,"key":"Toxic Egg 2"},{"floor":10,"key":"Strawberry"}],"event_choices":[{"damage_healed":0,"gold_gain":175,"player_choice":"AGREE","damage_taken":0,"max_hp_gain":0,"max_hp_loss":0,"event_name":"Liars Game","floor":2,"gold_loss":0,"cards_obtained":["Doubt"]},{"damage_healed":0,"gold_gain":75,"player_choice":"Gather Gold","damage_taken":11,"max_hp_gain":0,"max_hp_loss":0,"event_name":"World of Goop","floor":14,"gold_loss":0},{"cards_removed":["Doubt"],"damage_healed":0,"gold_gain":0,"player_choice":"Purged","damage_taken":0,"max_hp_gain":0,"max_hp_loss":0,"event_name":"Purifier","floor":19,"gold_loss":0}],"is_beta":false,"boss_relics":[{"not_picked":["Ring of the Serpent","Fusion Hammer"],"picked":"WristBlade"}],"items_purged_floors":[],"is_endless":false,"potions_floor_spawned":[3,5,6,8,11,22],"killed_by":"Slavers","ascension_level":13}}