{"host":"vjkx177ju3wjmzef","time":1608375073,"event":{"mods":["BaseMod","Block Reminder","Colored Map","Colored Powertips","DeckTracker","Googly Eyes","Highlight Path","Minty Spire (QoL Compilation)","Quick Restart","Random Character Button","Relic Stats","StSLib"],"gold_per_floor":[110,128,128,128,138,138,238,238,314,343,358,378,378,390,390,493,493,493,493,219,219,219,219,219,219,219,219,219,219,219,219,219,219,219,219,219,219,219,219,219,119,119,119,119,119,29,29,29,29,29],"floor_reached":51,"playtime":2275,"items_purged":["Strike_B","Defend_B"],"score":645,"play_id":"8913b6cf-ba44-4420-8828-38da3b094a54","local_time":"20201219045113","is_ascension_mode":false,"campfire_choices":[{"data":"Zap","floor":6.0,"key":"SMITH"},{"data":"Dualcast","floor":8.0,"key":"SMITH"},{"floor":13.0,"key":"REST"},{"floor":15.0,"key":"REST"},{"data":"Echo Form","floor":23.0,"key":"SMITH"},{"data":"Defragment","floor":25.0,"key":"SMITH"},{"data":"Defragment","floor":27.0,"key":"SMITH"},{"data":"Redo","floor":29.0,"key":"SMITH"},{"data":"White Noise","floor":32,"key":"SMITH"},{"data":"Streamline","floor":40,"key":"SMITH"},{"floor":42,"key":"REST"},{"data":"Go for the Eyes","floor":45,"key":"SMITH"},{"data":"Gash","floor":49,"key":"SMITH"}],"circlet_count":0,"master_deck":["Strike_B","Strike_B","Defend_B+1","Defend_B+1","Zap+1","Dualcast+1","Conserve Battery","Coolheaded","Leap+1","Defragment+1","Redo+1","Beam Cell","Streamline+1","Echo Form+1","Go for the Eyes+1","Defragment+1","Ball Lightning","White Noise+1","Core Surge","Parasite","Creative AI","Leap+1","Conserve Battery","Gash+1"],"relics":["Cracked Core","NeowsBlessing","Shuriken","Tiny Chest","Ectoplasm","Blood Vial","MutagenicStrength","Calipers","Bird Faced Urn","Inserter","Eternal Feather","StoneCalendar","Gremlin Horn"],"acts_visited":["Exordium","TheCity","TheBeyond"],"potions_floor_usage":[33,38,44,44,48],"damage_taken":[{"damage":0.0,"enemies":"Jaw Worm","floor":1.0,"turns":1.0},{"damage":0.0,"enemies":"2 Louse","floor":2.0,"turns":1.0},{"damage":0.0,"enemies":"Cultist","floor":5.0,"turns":1.0},{"damage":42.0,"enemies":"Gremlin Nob","floor":10.0,"turns":5.0},{"damage":3.0,"enemies":"3 Louse","floor":11.0,"turns":3.0},{"damage":2.0,"enemies":"Looter","floor":12.0,"turns":4.0},{"damage":10.0,"enemies":"2 Fungi Beasts","floor":14.0,"turns":3.0},{"damage":31.0,"enemies":"Slime Boss","floor":16.0,"turns":12.0},{"damage":5.0,"enemies":"Shell Parasite","floor":18.0,"turns":6.0},{"damage":6.0,"enemies":"3 Byrds","floor":22.0,"turns":5.0},{"damage":6.0,"enemies":"Snecko","floor":24.0,"turns":7.0},{"damage":3,"enemies":"Cultist and Chosen","floor":30,"turns":5},{"damage":10,"enemies":"Collector","floor":33,"turns":7},{"damage":4,"enemies":"Orb Walker","floor":35,"turns":3},{"damage":46,"enemies":"3 Darklings","floor":36,"turns":6},{"damage":38,"enemies":"Writhing Mass","floor":37,"turns":6},{"damage":23,"enemies":"Spire Growth","floor":38,"turns":5},{"damage":7,"enemies":"Mind Bloom Boss Battle","floor":44,"turns":5},{"damage":18,"enemies":"Sphere and 2 Shapes","floor":48,"turns":5},{"damage":40,"enemies":"Donu and Deca","floor":50,"turns":10}],"seed_played":"-4847535403696899561","potions_obtained":[{"floor":11.0,"key":"ColorlessPotion"},{"floor":12.0,"key":"Dexterity Potion"},{"floor":14.0,"key":"ColorlessPotion"},{"floor":24.0,"key":"ColorlessPotion"},{"floor":33,"key":"FearPotion"},{"floor":35,"key":"CultistPotion"},{"floor":37,"key":"Energy Potion"},{"floor":44,"key":"SkillPotion"}],"is_trial":false,"path_per_floor":["M","M","?","?","M","R","?","R","T","E","M","M","R","M","R","B",null,"M","?","$","?","M","R","M","R","T","R","?","R","M","T","R","B",null,"M","M","M","M","?","R","$","R","T","?","R","?","T","M","R","B",null],"character_chosen":"DEFECT","items_purchased":["Go for the Eyes","Blood Vial"],"campfire_rested":3,"item_purchase_floors":[20,20],"current_hp_per_floor":[75,75,75,60,60,60,60,60,60,18,15,13,35,25,47,16,75,70,56,56,56,52,52,48,48,48,48,48,48,47,47,47,49,80,80,38,14,13,13,13,13,37,37,50,62,62,62,56,68,72],"gold":29,"neow_bonus":"THREE_ENEMY_KILL","is_daily":false,"chose_seed":false,"campfire_upgraded":10,"win_rate":0.0,"timestamp":1608375073,"path_taken":["M","M","?","?","M","R","?","R","T","E","M","M","R","M","R","BOSS","M","?","$","?","M","R","M","R","T","R","?","R","M","?","R","BOSS","M","M","M","M","?","R","$","R","T","?","R","?","?","M","R","BOSS"],"items_purchased_type":["Card","Relic"],"build_version":"2020-12-13","purchased_purges":2,"victory":true,"max_hp_per_floor":[75,75,75,75,75,75,75,75,75,75,75,75,75,75,75,75,75,75,80,80,80,80,80,80,80,80,80,80,80,80,80,80,80,80,80,80,80,80,80,80,80,80,80,80,80,80,80,80,80,80],"relic_stats":{"Blood Vial":18,"Inserter":[20],"Gremlin Horn":[3,3],"counters":[20,99],"Shuriken":[17],"Bird Faced Urn":[120],"Tiny Chest":2,"Eternal Feather":24,"StoneCalendar":[78],"Ectoplasm":270,"obtain_stats":[{"Calipers":26,"Inserter":34,"NeowsBlessing":0,"Gremlin Horn":47,"Eternal Feather":43,"StoneCalendar":44,"Blood Vial":20,"Shuriken":9,"MutagenicStrength":21,"Bird Faced Urn":31,"Tiny Chest":10,"Ectoplasm":17,"Cracked Core":0},{"Calipers":11,"Inserter":13,"NeowsBlessing":0,"Gremlin Horn":18,"Eternal Feather":17,"StoneCalendar":18,"Blood Vial":9,"Shuriken":3,"MutagenicStrength":9,"Bird Faced Urn":12,"Tiny Chest":4,"Ectoplasm":8,"Cracked Core":0},{"Calipers":48,"Inserter":60,"NeowsBlessing":0,"Gremlin Horn":85,"Eternal Feather":80,"StoneCalendar":85,"Blood Vial":36,"Shuriken":3,"MutagenicStrength":36,"Bird Faced Urn":53,"Tiny Chest":8,"Ectoplasm":30,"Cracked Core":0}]},"card_choices":[{"not_picked":["Steam","Barrage"],"picked":"Conserve Battery","floor":1.0},{"not_picked":["Ball Lightning","Capacitor"],"picked":"Coolheaded","floor":2.0},{"not_picked":["Melter","Stack"],"picked":"Leap","floor":5.0},{"not_picked":["Melter","Loop"],"picked":"Defragment","floor":10.0},{"not_picked":["Conserve Battery","Coolheaded"],"picked":"Redo","floor":11.0},{"not_picked":["Stack","Coolheaded"],"picked":"Beam Cell","floor":12.0},{"not_picked":["Rebound","Steam"],"picked":"Streamline","floor":14.0},{"not_picked":["Biased Cognition","Rainbow"],"picked":"Echo Form","floor":16.0},{"not_picked":["Reprogram","Coolheaded","Tempest"],"picked":"SKIP","floor":18.0},{"not_picked":["Double Energy","Heatsinks"],"picked":"Defragment","floor":22.0},{"not_picked":["Go for the Eyes","Streamline"],"picked":"Ball Lightning","floor":24.0},{"not_picked":["Coolheaded","Chaos"],"picked":"White Noise","floor":30},{"not_picked":["Meteor Strike","Machine Learning"],"picked":"Core Surge","floor":33},{"not_picked":["Barrage","Turbo","Loop+1"],"picked":"SKIP","floor":35},{"not_picked":["Scrape","Go for the Eyes+1","Darkness+1"],"picked":"SKIP","floor":36},{"not_picked":["Aggregate+1","Barrage"],"picked":"Creative AI","floor":37},{"not_picked":["Hello World+1","Storm"],"picked":"Leap+1","floor":38},{"not_picked":["Barrage+1","Sweeping Beam+1"],"picked":"Conserve Battery","floor":44},{"not_picked":["Leap+1","Compile Driver+1"],"picked":"Gash","floor":48}],"player_experience":122378,"relics_obtained":[{"floor":9.0,"key":"Shuriken"},{"floor":10.0,"key":"Tiny Chest"},{"floor":26.0,"key":"Calipers"},{"floor":31,"key":"Bird Faced Urn"},{"floor":43,"key":"Eternal Feather"},{"floor":44,"key":"StoneCalendar"},{"floor":47,"key":"Gremlin Horn"}],"event_choices":[{"cards_removed":["Strike_B"],"damage_healed":0.0,"max_hp_gain":0.0,"max_hp_loss":0.0,"gold_gain":0.0,"event_name":"Living Wall","player_choice":"Forget","floor":3.0,"gold_loss":0.0,"damage_taken":0.0},{"damage_healed":0.0,"max_hp_gain":0.0,"max_hp_loss":0.0,"gold_gain":0.0,"event_name":"Shining Light","player_choice":"Entered Light","floor":4.0,"gold_loss":0.0,"damage_taken":15.0,"cards_upgraded":["Defend_B","Defend_B"]},{"damage_healed":0.0,"max_hp_gain":0.0,"max_hp_loss":0.0,"gold_gain":100.0,"event_name":"Golden Shrine","player_choice":"Pray","floor":7.0,"gold_loss":0.0,"damage_taken":0.0},{"damage_healed":0.0,"max_hp_gain":5.0,"max_hp_loss":0.0,"gold_gain":0.0,"event_name":"Forgotten Altar","player_choice":"Shed Blood","floor":19.0,"gold_loss":0.0,"damage_taken":19.0},{"damage_healed":0.0,"max_hp_gain":0.0,"max_hp_loss":0.0,"gold_gain":0.0,"event_name":"Drug Dealer","player_choice":"Inject Mutagens","floor":21.0,"gold_loss":0.0,"damage_taken":0.0,"relics_obtained":["MutagenicStrength"]},{"damage_healed":0.0,"max_hp_gain":0.0,"max_hp_loss":0.0,"gold_gain":0.0,"event_name":"Ghosts","player_choice":"Ignored","floor":28.0,"gold_loss":0.0,"damage_taken":0.0},{"damage_healed":0,"gold_gain":0,"player_choice":"Ignored","damage_taken":0,"max_hp_gain":0,"max_hp_loss":0,"event_name":"Tomb of Lord Red Mask","floor":39,"gold_loss":0},{"damage_healed":0,"gold_gain":0,"player_choice":"Fight","damage_taken":0,"max_hp_gain":0,"max_hp_loss":0,"event_name":"MindBloom","floor":44,"gold_loss":0},{"cards_removed":["Defend_B"],"damage_healed":0,"gold_gain":0,"player_choice":"Upgrade and Remove","damage_taken":0,"max_hp_gain":0,"max_hp_loss":0,"event_name":"Designer","floor":46,"gold_loss":90,"cards_upgraded":["Leap"]}],"is_beta":false,"boss_relics":[{"not_picked":["Snecko Eye","Runic Pyramid"],"picked":"Ectoplasm"},{"not_picked":["Sozu","SacredBark"],"picked":"Inserter"}],"items_purged_floors":[20,41],"is_endless":false,"potions_floor_spawned":[11,12,14,24,33,35,37,44],"ascension_level":0}}