{"host":"26mrfot5w7uj2ebc","time":1608364180,"event":{"mods":["AchievementEnabler","BaseMod","Colored Map","Minty Spire (QoL Compilation)"],"gold_per_floor":[113,131,147,222,233,233,408,483,533,533,552,552,604,619,619,745,745,760,278,292,305,305,305,319,319,319],"floor_reached":25,"playtime":839,"items_purged":["Doubt"],"score":245,"play_id":"35c3c054-9d4a-4f23-b5f1-5ca363b57761","local_time":"20201219164940","is_ascension_mode":false,"campfire_choices":[{"data":"Tantrum","floor":6.0,"key":"SMITH"},{"data":"Prostrate","floor":10.0,"key":"SMITH"},{"data":"Vault","floor":15,"key":"SMITH"},{"floor":23,"key":"REST"}],"circlet_count":0,"master_deck":["Strike_P","Strike_P","Strike_P","Strike_P","Defend_P","Defend_P","Defend_P","Defend_P","Eruption","Vigilance","PathToVictory","InnerPeace","Tantrum+1","Prostrate+1","Prostrate","Injury","Vault+1","DeusExMachina+1","Consecrate","EmptyFist","Conclude","EmptyFist+1"],"relics":["PureWater","NeowsBlessing","Pen Nib","Golden Idol","Cursed Key","Yang","Medical Kit"],"acts_visited":["Exordium","TheCity"],"potions_floor_usage":[16,16,20,24],"damage_taken":[{"damage":0.0,"enemies":"Cultist","floor":1.0,"turns":1.0},{"damage":0.0,"enemies":"Jaw Worm","floor":2.0,"turns":1.0},{"damage":0.0,"enemies":"Small Slimes","floor":3.0,"turns":1.0},{"damage":3.0,"enemies":"Exordium Wildlife","floor":5.0,"turns":5.0},{"damage":3.0,"enemies":"Red Slaver","floor":11.0,"turns":4.0},{"damage":8,"enemies":"3 Louse","floor":14,"turns":4},{"damage":0,"enemies":"Slime Boss","floor":16,"turns":4},{"damage":5,"enemies":"Spheric Guardian","floor":18,"turns":4},{"damage":10,"enemies":"3 Byrds","floor":20,"turns":6},{"damage":52,"enemies":"Centurion and Healer","floor":21,"turns":7},{"damage":22,"enemies":"3 Cultists","floor":24,"turns":5},{"damage":5,"enemies":"Sentry and Sphere","floor":25,"turns":3}],"seed_played":"-6576643232218292594","potions_obtained":[{"floor":2.0,"key":"StancePotion"},{"floor":5.0,"key":"Swift Potion"},{"floor":14,"key":"AttackPotion"},{"floor":18,"key":"FearPotion"}],"is_trial":false,"path_per_floor":["M","M","M","?","M","R","?","?","T","R","M","?","T","M","R","B",null,"M","$","M","M","?","R","M","M"],"character_chosen":"WATCHER","items_purchased":["Yang","Medical Kit"],"campfire_rested":1,"item_purchase_floors":[19,19],"current_hp_per_floor":[72,72,72,61,58,58,58,51,51,51,48,48,48,40,40,40,72,67,67,57,5,5,26,4,0,0],"gold":319,"neow_bonus":"THREE_ENEMY_KILL","is_daily":false,"chose_seed":false,"campfire_upgraded":3,"win_rate":0.0,"timestamp":1608364180,"path_taken":["M","?","M","?","M","R","?","?","T","R","?","?","?","M","R","BOSS","M","$","M","M","?","R","?","M"],"items_purchased_type":["Relic","Relic"],"build_version":"2020-12-13","purchased_purges":1,"victory":false,"max_hp_per_floor":[72,72,72,72,72,72,72,72,72,72,72,72,72,72,72,72,72,72,72,72,72,72,72,72,72,72],"card_choices":[{"not_picked":["CutThroughFate","FollowUp"],"picked":"PathToVictory","floor":1.0},{"not_picked":["Halt","Worship"],"picked":"InnerPeace","floor":2.0},{"not_picked":["ThirdEye","Prostrate"],"picked":"Tantrum","floor":3.0},{"not_picked":["ReachHeaven","ClearTheMind"],"picked":"Prostrate","floor":5.0},{"not_picked":["ThirdEye","SashWhip"],"picked":"Prostrate","floor":11},{"not_picked":["TalkToTheHand","Consecrate"],"picked":"Vault","floor":14},{"not_picked":["SpiritShield","Brilliance"],"picked":"DeusExMachina","floor":16},{"not_picked":["Prostrate","Tantrum+1"],"picked":"Consecrate","floor":18},{"not_picked":["ReachHeaven","Prostrate+1"],"picked":"EmptyFist","floor":20},{"not_picked":["Nirvana","EmptyBody+1"],"picked":"Conclude","floor":21},{"not_picked":["BowlingBash","Crescendo"],"picked":"EmptyFist+1","floor":24}],"player_experience":176495,"relics_obtained":[{"floor":9.0,"key":"Pen Nib"}],"event_choices":[{"damage_healed":0.0,"max_hp_gain":0.0,"max_hp_loss":0.0,"gold_gain":75.0,"event_name":"World of Goop","player_choice":"Gather Gold","floor":4.0,"gold_loss":0.0,"damage_taken":11.0},{"damage_healed":0.0,"max_hp_gain":0.0,"max_hp_loss":0.0,"gold_gain":175.0,"event_name":"Liars Game","player_choice":"AGREE","floor":7.0,"gold_loss":0.0,"damage_taken":0.0,"cards_obtained":["Doubt"]},{"damage_healed":0.0,"max_hp_gain":0.0,"max_hp_loss":0.0,"gold_gain":75.0,"event_name":"FaceTrader","player_choice":"Touch","floor":8.0,"gold_loss":0.0,"damage_taken":7.0},{"damage_healed":0,"gold_gain":0,"player_choice":"Take Wound","damage_taken":0,"relics_obtained":["Golden Idol"],"max_hp_gain":0,"max_hp_loss":0,"event_name":"Golden Idol","floor":12,"gold_loss":0,"cards_obtained":["Injury"]},{"damage_healed":0,"gold_gain":0,"player_choice":"Upgraded","damage_taken":0,"max_hp_gain":0,"max_hp_loss":0,"event_name":"Upgrade Shrine","floor":22,"gold_loss":0,"cards_upgraded":["DeusExMachina"]}],"is_beta":false,"boss_relics":[{"not_picked":["SacredBark","Empty Cage"],"picked":"Cursed Key"}],"items_purged_floors":[19],"is_endless":false,"potions_floor_spawned":[2,5,14,18],"killed_by":"Sentry and Sphere","ascension_level":0}}