{"host":"n8qudhnckjh2ccky","time":1608382122,"event":{"mods":["AchievementEnabler","Aspiration","BaseMod","Bestiary","Better Skull","Better Third Choice","BetterRewards","Challenge The Spire","Colored Map","Colored Powertips","Conspire","DeckTracker","Defuse TimeMaze Blight","Energized Spire","Halation","Hubris","Infinite Spire","Marisa????????","Minty Spire (QoL Compilation)","Quick Restart","Relic Sorter","Relic Stats","Replay The Spire","Shop Mod","StSLib","The Animator","The Blue Laboratory","The Construct","The Servant 0.9.4","The Wild Card","vexMod"],"gold_per_floor":[114,114,129,129,129,171,171,201,201,243,243,258,273,303,303,403,403,430,430,445,445,445,475,475,505,505,505,505,520,550,550,550,650,650,665,680,729,729,756,756,771,801,801,831,840,857,882,882,882,886],"floor_reached":51,"playtime":2604,"items_purged":[],"score":1094,"play_id":"2b00cc67-cd34-490a-8506-b3df5dfaa821","local_time":"20201219204842","daily_mods":["Draft","ControlledChaos","Elite Swarm"],"is_ascension_mode":false,"campfire_choices":[{"data":"animator:Eris","floor":7.0,"key":"SMITH"},{"data":"animator:IrohaTamaki","floor":7.0,"key":"SMITH"},{"data":"animator:SuzuneAmano","floor":11.0,"key":"SMITH"},{"data":"animator:Tyuule","floor":11.0,"key":"SMITH"},{"data":"animator:Nanami","floor":15.0,"key":"SMITH"},{"data":"animator:Nanami","floor":15.0,"key":"SMITH"},{"data":"animator:HigakiRinne","floor":24,"key":"SMITH"},{"data":"animator:GoblinSlayer","floor":24,"key":"SMITH"},{"data":"TalkToTheHand","floor":27,"key":"SMITH"},{"data":"animator:YunYun","floor":27,"key":"SMITH"},{"data":"animator:HomuraAkemi","floor":32,"key":"SMITH"},{"data":"animator:SayakaMiki","floor":32,"key":"SMITH"},{"data":"animator:Mitsurugi","floor":40,"key":"SMITH"},{"data":"animator:SayakaMiki","floor":40,"key":"SMITH"},{"data":"animator:GoblinSlayer","floor":49,"key":"SMITH"},{"data":"animator:HomuraAkemi","floor":49,"key":"SMITH"}],"circlet_count":0,"master_deck":["animator:Tyuule+1","animator:DwarfShaman","animator:IrohaTamaki+1","animator:Konayuki","animator:Vanir","animator:OrikoMikuni","animator:Emonzaemon","animator:Kuribayashi","animator:Bozes","animator:Nanami+1","animator:Vanir","animator:SayakaMiki+1","animator:Mitsurugi+1","animator:SayakaMiki+1","animator:SuzuneAmano+1","animator:KyokoSakura","animator:Nanami+1","animator:KyokoSakura","animator:HigakiRinne+1","animator:TukaLunaMarceau+1","animator:KyokoSakura+1","animator:GoblinSlayer+1","animator:YunYun+1","animator:HomuraAkemi+1","hubris:DuctTapeCard","animator:NarberalGamma+1","animator:PandorasActor+1","animator:HomuraAkemi+1","animator:KyokoSakura","animator:GoblinSlayer+1"],"relics":["animator:LivingPicture","animator:TheMissingPiece","Frozen Eye","Replay:Arrowhead","Peace Pipe","infinitespire:Golems Mask","Girya","Ornamental Fan","Lantern","hubris:ScarierMask","halation:PinkSoulGem","vexMod:FocusSash","Omamori","halation:TwoAmDonut","TwistedFunnel","animator:OldCoffin","hubris:DuctTape","vexMod:DeviousBotling","hubris:FunFungus","Bronze Scales","halation:LettersToHer","Anchor","animator:WornHelmet","ReplayTheSpireMod:Ring of Collecting","Ring of Chaos"],"acts_visited":["Exordium","TheCity","TheBeyond"],"potions_floor_usage":[23,23,50,50],"damage_taken":[{"damage":1.0,"enemies":"conspire:RoseBush","floor":1.0,"turns":2.0},{"damage":4.0,"enemies":"Small Slimes","floor":3.0,"turns":2.0},{"damage":4.0,"enemies":"Replay:BlueRogue","floor":6.0,"turns":6.0},{"damage":18.0,"enemies":"Lagavulin","floor":8.0,"turns":7.0},{"damage":0.0,"enemies":"Gremlin Nob","floor":10.0,"turns":2.0},{"damage":7.0,"enemies":"Jaw Worm","floor":12.0,"turns":2.0},{"damage":11.0,"enemies":"Gremlin Gang","floor":13.0,"turns":4.0},{"damage":10.0,"enemies":"Lagavulin","floor":14.0,"turns":5.0},{"damage":0.0,"enemies":"The Guardian","floor":16.0,"turns":8.0},{"damage":9.0,"enemies":"conspire:FuzzyDice","floor":18.0,"turns":3.0},{"damage":1,"enemies":"Spheric Guardian","floor":20,"turns":4},{"damage":29,"enemies":"Gremlin Leader","floor":23,"turns":5},{"damage":20,"enemies":"Book of Stabbing","floor":25,"turns":5},{"damage":0,"enemies":"Cultist and Chosen","floor":29,"turns":3},{"damage":11,"enemies":"Slavers","floor":30,"turns":4},{"damage":6,"enemies":"hubris:MusketHawk","floor":33,"turns":4},{"damage":0,"enemies":"Orb Walker","floor":35,"turns":2},{"damage":0,"enemies":"3 Shapes","floor":36,"turns":2},{"damage":0,"enemies":"Writhing Mass","floor":39,"turns":4},{"damage":14,"enemies":"Spire Growth","floor":41,"turns":4},{"damage":3,"enemies":"Giant Head","floor":42,"turns":6},{"damage":0,"enemies":"Nemesis","floor":44,"turns":1},{"damage":0,"enemies":"4 Shapes","floor":45,"turns":2},{"damage":0,"enemies":"Giant Head","floor":46,"turns":6},{"damage":15,"enemies":"infinitespire:MassOfShapes","floor":50,"turns":10}],"seed_played":"-2908382401684788831","potions_obtained":[{"floor":10.0,"key":"blueLaboratory:BottleOfVodka"},{"floor":13.0,"key":"SpeedPotion"},{"floor":14.0,"key":"blueLaboratory:PhilterOfMotion"},{"floor":20,"key":"Block Potion"},{"floor":23,"key":"blueLaboratory:HorrorPotion"},{"floor":30,"key":"SmokeBomb"},{"floor":37,"key":"blueLaboratory:FruitPunch"}],"is_trial":false,"path_per_floor":["M","?","M","?","$","E","R","E","T","E","R","M","M","E","R_BF","B",null,"M","?","M","?","?","E","R","E","T","R","$","M","E","T","R","B",null,"M","M","?","?","M","R","M","E","T","E","M","E","T","?","R","B",null],"character_chosen":"THE_ANIMATOR","items_purchased":["Replay:Arrowhead","TwistedFunnel"],"campfire_rested":0,"item_purchase_floors":[5,28],"current_hp_per_floor":[65,65,61,66,46,42,42,30,30,36,36,29,24,20,20,26,71,62,62,67,67,67,42,42,29,29,29,19,25,20,20,20,20,72,72,72,73,73,73,73,62,65,65,65,65,71,71,71,71,62],"gold":886,"neow_bonus":"","is_daily":true,"chose_seed":false,"campfire_upgraded":16,"win_rate":0.0,"timestamp":1608382122,"path_taken":["M","?","M","?","?","E","R","E","T","E","R","M","?","E","R_BF","BOSS","M","?","M","?","?","E","R","E","T","R","?","M","E","?","R","BOSS","M","M","?","?","M","R","M","E","T","E","?","E","?","?","R","BOSS"],"items_purchased_type":["Relic","Relic"],"build_version":"2020-12-13","purchased_purges":0,"victory":true,"max_hp_per_floor":[66,66,66,71,71,71,71,71,71,71,71,71,71,71,71,71,71,71,71,71,71,71,71,71,72,72,72,72,72,72,72,72,72,72,72,72,73,73,73,73,73,73,73,73,73,73,73,73,73,75],"relic_stats":{"Peace Pipe":0,"counters":[25,103],"Ornamental Fan":[136],"Bronze Scales":[27],"obtain_stats":[{"TwistedFunnel":28,"Lantern":14,"animator:TheMissingPiece":0,"Frozen Eye":0,"hubris:ScarierMask":17,"infinitespire:Golems Mask":8,"vexMod:DeviousBotling":34,"hubris:FunFungus":42,"halation:LettersToHer":44,"Girya":9,"hubris:DuctTape":31,"Ring of Chaos":48,"Omamori":25,"vexMod:FocusSash":23,"animator:WornHelmet":47,"Replay:Arrowhead":5,"Peace Pipe":6,"Anchor":46,"Ornamental Fan":10,"Bronze Scales":43,"ReplayTheSpireMod:Ring of Collecting":48,"animator:LivingPicture":0,"halation:TwoAmDonut":26,"halation:PinkSoulGem":19,"animator:OldCoffin":30},{"TwistedFunnel":13,"Lantern":8,"animator:TheMissingPiece":0,"Frozen Eye":0,"hubris:ScarierMask":9,"infinitespire:Golems Mask":4,"vexMod:DeviousBotling":16,"hubris:FunFungus":21,"halation:LettersToHer":22,"Girya":4,"hubris:DuctTape":15,"Ring of Chaos":24,"Omamori":13,"vexMod:FocusSash":12,"animator:WornHelmet":24,"Replay:Arrowhead":2,"Peace Pipe":3,"Anchor":24,"Ornamental Fan":5,"Bronze Scales":21,"ReplayTheSpireMod:Ring of Collecting":24,"animator:LivingPicture":0,"halation:TwoAmDonut":13,"halation:PinkSoulGem":10,"animator:OldCoffin":15},{"TwistedFunnel":55,"Lantern":30,"animator:TheMissingPiece":0,"Frozen Eye":0,"hubris:ScarierMask":38,"infinitespire:Golems Mask":17,"vexMod:DeviousBotling":66,"hubris:FunFungus":84,"halation:LettersToHer":85,"Girya":17,"hubris:DuctTape":62,"Ring of Chaos":93,"Omamori":55,"vexMod:FocusSash":50,"animator:WornHelmet":93,"Replay:Arrowhead":4,"Peace Pipe":10,"Anchor":93,"Ornamental Fan":19,"Bronze Scales":84,"ReplayTheSpireMod:Ring of Collecting":93,"animator:LivingPicture":0,"halation:TwoAmDonut":55,"halation:PinkSoulGem":41,"animator:OldCoffin":62}]},"card_choices":[{"not_picked":["animator:Shalltear","animator:PandorasActor"],"picked":"animator:Tyuule","floor":0.0},{"not_picked":["animator:LizardPriest","animator:GuildGirl"],"picked":"animator:Tyuule","floor":0.0},{"not_picked":["animator:Kazuma","animator:Chris"],"picked":"animator:DwarfShaman","floor":0.0},{"not_picked":["animator:Megumin","animator:Cocytus"],"picked":"animator:IrohaTamaki","floor":0.0},{"not_picked":["animator:Aqua","animator:MaesHughes"],"picked":"animator:Konayuki","floor":0.0},{"not_picked":["animator:Evileye","animator:Emonzaemon"],"picked":"animator:Vanir","floor":0.0},{"not_picked":["animator:YachiyoNanami","animator:YuiTsuruno"],"picked":"animator:OrikoMikuni","floor":0.0},{"not_picked":["animator:Entoma","animator:ZankiKiguchi"],"picked":"animator:Emonzaemon","floor":0.0},{"not_picked":["animator:Sloth","animator:Chris"],"picked":"animator:Kuribayashi","floor":0.0},{"not_picked":["animator:ElricAlphonse","animator:OrikoMikuni"],"picked":"animator:Bozes","floor":0.0},{"not_picked":["animator:Kazuma","animator:Entoma"],"picked":"animator:Nanami","floor":0.0},{"not_picked":["animator:Azekura","animator:YaoHaDucy"],"picked":"animator:Vanir","floor":0.0},{"not_picked":["animator:ZankiKiguchi","animator:Emonzaemon"],"picked":"animator:SayakaMiki","floor":0.0},{"not_picked":["animator:TsurugaMeisai","animator:Sloth"],"picked":"animator:Mitsurugi","floor":0.0},{"not_picked":["animator:Kuribayashi","animator:UneriGinkaku"],"picked":"animator:SayakaMiki","floor":0.0},{"not_picked":["animator:Vanir","animator:Spearman"],"picked":"animator:SuzuneAmano","floor":1.0},{"not_picked":["animator:Sloth","animator:Tyuule","animator:Evileye"],"picked":"SKIP","floor":3.0},{"not_picked":["animator:MadokaKaname","animator:HomuraAkemi"],"picked":"animator:Eris","floor":6.0},{"not_picked":["animator:MadokaKaname","animator:IrohaTamaki"],"picked":"animator:KyokoSakura","floor":8.0},{"not_picked":["animator:Envy","animator:Kyubey"],"picked":"animator:Albedo","floor":10.0},{"not_picked":["animator:Shichika","animator:Hitei"],"picked":"animator:Nanami","floor":12.0},{"not_picked":["animator:Spearman","animator:ElricEdward","animator:RoryMercury"],"picked":"SKIP","floor":13.0},{"not_picked":["animator:Spearman","animator:ElricEdward","animator:RoryMercury"],"picked":"SKIP","floor":13.0},{"not_picked":["animator:SayakaMiki","animator:YuiTsuruno"],"picked":"animator:KyokoSakura","floor":14.0},{"not_picked":["animator:Albedo","animator:Envy"],"picked":"animator:HigakiRinne","floor":16.0},{"not_picked":["animator:NagisaMomoe","animator:ElricAlphonse"],"picked":"animator:TukaLunaMarceau+1","floor":18.0},{"not_picked":["animator:Kuribayashi","animator:TsurugaMeisai+1"],"picked":"animator:KyokoSakura+1","floor":20},{"not_picked":["animator:ItamiYouji","animator:Greed"],"picked":"animator:GoblinSlayer","floor":23},{"not_picked":["animator:Megumin","animator:Aqua"],"picked":"animator:YunYun","floor":25},{"not_picked":["animator:Vanir","animator:YachiyoNanami","animator:Priestess"],"picked":"SKIP","floor":29},{"not_picked":["animator:SwordMaiden","animator:Albedo"],"picked":"animator:HomuraAkemi","floor":30},{"not_picked":["animator:Shalltear+1","animator:Scar","animator:Megumin+1"],"picked":"SKIP","floor":35},{"not_picked":["animator:Hitei+1","animator:NagisaMomoe+1"],"picked":"animator:NarberalGamma+1","floor":37},{"not_picked":["animator:Demiurge","animator:YuiTsuruno"],"picked":"animator:PandorasActor+1","floor":39},{"not_picked":["animator:LizardPriest","animator:KyokoSakura","animator:TukaLunaMarceau"],"picked":"SKIP","floor":41},{"not_picked":["animator:Greed","animator:Wiz"],"picked":"animator:HomuraAkemi","floor":42},{"not_picked":["animator:YuiTsuruno","animator:NagisaMomoe"],"picked":"animator:KyokoSakura","floor":44},{"not_picked":["animator:Entoma+1","animator:Mitsurugi+1","animator:Bozes"],"picked":"SKIP","floor":45},{"not_picked":["animator:Hans","animator:SwordMaiden"],"picked":"animator:GoblinSlayer","floor":46}],"player_experience":129774,"relics_obtained":[{"floor":6.0,"key":"Peace Pipe"},{"floor":8.0,"key":"infinitespire:Golems Mask"},{"floor":9.0,"key":"Girya"},{"floor":10.0,"key":"Ornamental Fan"},{"floor":14.0,"key":"Lantern"},{"floor":23,"key":"vexMod:FocusSash"},{"floor":25,"key":"Omamori"},{"floor":26,"key":"halation:TwoAmDonut"},{"floor":30,"key":"animator:OldCoffin"},{"floor":31,"key":"hubris:DuctTape"},{"floor":42,"key":"hubris:FunFungus"},{"floor":43,"key":"Bronze Scales"},{"floor":44,"key":"halation:LettersToHer"},{"floor":46,"key":"Anchor"},{"floor":47,"key":"halation:LettersToHer"},{"floor":47,"key":"animator:WornHelmet"},{"floor":48,"key":"ReplayTheSpireMod:Ring of Collecting"},{"floor":48,"key":"Ring of Chaos"}],"event_choices":[{"damage_healed":0.0,"max_hp_gain":5.0,"max_hp_loss":0.0,"gold_gain":0.0,"event_name":"Big Fish","player_choice":"Donut","floor":4.0,"gold_loss":0.0,"damage_taken":0.0},{"damage_healed":0,"gold_gain":0,"player_choice":"Read","damage_taken":0,"max_hp_gain":0,"max_hp_loss":0,"event_name":"The Library","floor":21,"gold_loss":0,"cards_obtained":["TalkToTheHand"]},{"cards_removed":["animator:Tyuule"],"damage_healed":0,"gold_gain":0,"player_choice":"Elegance","damage_taken":0,"max_hp_gain":0,"max_hp_loss":0,"event_name":"betterThird:BetterWriting","floor":22,"gold_loss":0},{"cards_removed":["animator:Albedo"],"damage_healed":0,"gold_gain":0,"player_choice":"Card Removal","damage_taken":0,"max_hp_gain":0,"max_hp_loss":0,"event_name":"Wheel of Change","floor":38,"gold_loss":0}],"is_beta":false,"boss_relics":[{"not_picked":["vexMod:NewClearReactor","Painkiller Herb"],"picked":"hubris:ScarierMask"},{"not_picked":["ReplayTheSpireMod:SealedPack","Black Star"],"picked":"vexMod:DeviousBotling"}],"items_purged_floors":[],"is_endless":false,"potions_floor_spawned":[8,10,13,14,20,23,30,36,39,44],"ascension_level":0}}