{"host":"363c1o4m0ew2jbar","time":1608368109,"event":{"mods":["AchievementEnabler","BaseMod","Better Note","Downfall","Minty Spire (QoL Compilation)","StSLib"],"gold_per_floor":[99,99,24,53,53,53,53,38,38,63,63,82,92,102,119,221,221,146,171,171,182,199,199,199,217,217,248,248,35,35,35,51,51,51],"floor_reached":33,"playtime":1341,"items_purged":[],"score":332,"play_id":"8f23409d-a9f2-492c-91f3-fe676bf0c041","local_time":"20201218225509","is_ascension_mode":true,"campfire_choices":[{"floor":1,"key":"RECALL"},{"data":"hexamod:Firestarter","floor":3,"key":"SMITH"},{"data":"hexamod:StepThrough","floor":9,"key":"SMITH"},{"data":"hexamod:GhostOfSpirePresent","floor":18,"key":"SMITH"},{"floor":23,"key":"REST"},{"floor":26,"key":"REST"}],"circlet_count":0,"master_deck":["hexamod:Strike","hexamod:Strike","hexamod:Strike","hexamod:Defend","hexamod:Defend","hexamod:Defend","hexamod:Float","hexamod:Firestarter+1","hexamod:StepThrough+1","hexamod:RadiantFlame","hexamod:PowerFromBeyond+1","hexamod:GhostOfSpirePresent+1","hexamod:WildfireWeapon","hexamod:HeatCrush","hexamod:Hexaguard+1","hexamod:InspiringFlames+1","hexamod:EmpoweredFlame","hexamod:ExtraCrispy","hexamod:EmpoweredFlame","hexamod:GhostOfSpirePast+1"],"relics":["hexamod:SpiritBrand","downfall:HeartsMalice","downfall:HeartBlessingRed","TungstenRod","Toxic Egg 2","Ornamental Fan","Empty Cage","downfall:HeartBlessingGreen","Mango","The Courier","Dream Catcher","Nloth\u0027s Gift","Sundial"],"acts_visited":["Exordium","TheCity"],"potions_floor_usage":[16,16,16,19,21,32],"damage_taken":[{"damage":0,"enemies":"Cultist","floor":2,"turns":1},{"damage":0,"enemies":"Lagavulin","floor":4,"turns":1},{"damage":0,"enemies":"Jaw Worm","floor":6,"turns":1},{"damage":0,"enemies":"downfall:FleeingMerchant","floor":8,"turns":4},{"damage":24,"enemies":"3 Sentries","floor":10,"turns":9},{"damage":0,"enemies":"2 Louse","floor":12,"turns":2},{"damage":6,"enemies":"Blue Slaver","floor":13,"turns":3},{"damage":0,"enemies":"Exordium Wildlife","floor":14,"turns":3},{"damage":11,"enemies":"3 Louse","floor":15,"turns":4},{"damage":13,"enemies":"downfall:Silent","floor":16,"turns":6},{"damage":63,"enemies":"Gremlin Leader","floor":19,"turns":6},{"damage":0,"enemies":"Shell Parasite","floor":21,"turns":5},{"damage":5,"enemies":"Snecko","floor":22,"turns":5},{"damage":20,"enemies":"Shelled Parasite and Fungi","floor":25,"turns":5},{"damage":7,"enemies":"Book of Stabbing","floor":27,"turns":5},{"damage":0,"enemies":"downfall:FleeingMerchant","floor":29,"turns":4},{"damage":25,"enemies":"Sentry and Sphere","floor":32,"turns":8},{"damage":24,"enemies":"downfall:Ironclad","floor":33,"turns":4}],"seed_played":"9168747755675573701","potions_obtained":[{"floor":12,"key":"Strength Potion"},{"floor":13,"key":"LiquidBronze"},{"floor":14,"key":"Dexterity Potion"},{"floor":16,"key":"GamblersBrew"},{"floor":19,"key":"sneckomod:MuddlingPotion"},{"floor":27,"key":"ColorlessPotion"}],"is_trial":false,"path_per_floor":["R","M","R","E","T","M","T","$","R","E","?","M","M","M","M","B",null,"R","E","?","M","M","R","T","M","R","E","?","$","?","?","M","B"],"character_chosen":"THE_SPIRIT","items_purchased":["Sundial"],"campfire_rested":2,"item_purchase_floors":[29],"current_hp_per_floor":[70,70,70,70,70,70,70,70,70,46,46,46,40,40,29,16,70,70,21,21,21,16,41,41,21,46,39,39,39,39,39,14,0,0],"gold":51,"neow_bonus":"THREE_ENEMY_KILL","is_daily":false,"chose_seed":false,"campfire_upgraded":3,"win_rate":0.0,"timestamp":1608368109,"path_taken":["R","M","R","E","?","M","T","?","R","E","?","M","?","M","M","BOSS","R","E","?","M","M","R","T","M","R","E","?","$","?","?","M","BOSS"],"items_purchased_type":["Relic"],"build_version":"2020-12-13","purchased_purges":0,"victory":false,"max_hp_per_floor":[70,70,70,70,70,70,70,70,70,70,70,70,70,70,70,70,70,70,84,84,84,84,84,84,84,84,84,84,84,84,84,84,84,84],"card_choices":[{"not_picked":["hexamod:FastForward","hexamod:ThermalTransfer"],"picked":"hexamod:Firestarter","floor":2},{"not_picked":["hexamod:Again","hexamod:GhostOfSpirePresent","hexamod:RainOfEmbers"],"picked":"SKIP","floor":4},{"not_picked":["hexamod:Firestarter","hexamod:RainOfEmbers"],"picked":"hexamod:StepThrough","floor":6},{"not_picked":["hexamod:SwordOfDarkness","hexamod:HeatShield+1"],"picked":"hexamod:RadiantFlame","floor":8},{"not_picked":["hexamod:ThermalTransfer","hexamod:Firestarter"],"picked":"hexamod:PowerFromBeyond+1","floor":10},{"not_picked":["hexamod:SpectralSpark+1","hexamod:Hexaguard+1","hexamod:BurningTouch+1"],"picked":"SKIP","floor":12},{"not_picked":["hexamod:SuperheatedStrike","hexamod:PowerFromBeyond+1","hexamod:HauntingEcho"],"picked":"SKIP","floor":13},{"not_picked":["hexamod:BacktrackSmack","hexamod:RecurringNightmare+1"],"picked":"hexamod:GhostOfSpirePresent","floor":14},{"not_picked":["hexamod:HauntingEcho","hexamod:RainOfEmbers","hexamod:SpectralAdrenaline+1"],"picked":"SKIP","floor":15},{"not_picked":["hexamod:UnleashSpirits","hexamod:GiftsFromTheDead"],"picked":"hexamod:WildfireWeapon","floor":16},{"not_picked":["hexamod:ShieldOfDarkness+1","hexamod:BurningTouch+1","hexamod:NightmareGuise+1"],"picked":"SKIP","floor":19},{"not_picked":["hexamod:NightmareStrike","hexamod:SoulSteal+1","hexamod:RecurringNightmare+1"],"picked":"SKIP","floor":21},{"not_picked":["hexamod:SuperheatedStrike+1","hexamod:SoulSteal+1"],"picked":"hexamod:Hexaguard+1","floor":22},{"not_picked":["hexamod:SwordOfDarkness","hexamod:GhostLash"],"picked":"hexamod:InspiringFlames+1","floor":25},{"not_picked":["hexamod:RetreatToShadows+1","hexamod:WildfireWeapon"],"picked":"hexamod:EmpoweredFlame","floor":27},{"not_picked":["hexamod:HauntingEcho","hexamod:RetreatToShadows+1"],"picked":"hexamod:ExtraCrispy","floor":29},{"not_picked":["hexamod:SpectralSpark+1","hexamod:SpectralAdrenaline+1"],"picked":"hexamod:GhostOfSpirePast+1","floor":32}],"player_experience":1114131,"relics_obtained":[{"floor":4,"key":"TungstenRod"},{"floor":5,"key":"Toxic Egg 2"},{"floor":7,"key":"Ornamental Fan"},{"floor":10,"key":"PreservedInsect"},{"floor":19,"key":"Mango"},{"floor":24,"key":"The Courier"},{"floor":27,"key":"Dream Catcher"}],"event_choices":[{"damage_healed":0,"gold_gain":0,"cards_transformed":["hexamod:Defend"],"player_choice":"Transformed","damage_taken":0,"max_hp_gain":0,"max_hp_loss":0,"event_name":"Transmorgrifier","floor":20,"gold_loss":0,"cards_obtained":["hexamod:HeatCrush"]},{"cards_removed":["hexamod:Strike"],"damage_healed":0,"gold_gain":0,"player_choice":"Give","damage_taken":0,"max_hp_gain":0,"max_hp_loss":0,"event_name":"betterNote:BetterNote","floor":30,"gold_loss":0,"cards_obtained":["Guardian:Strike_Guardian"]},{"damage_healed":0,"gold_gain":0,"player_choice":"Copied","damage_taken":0,"max_hp_gain":0,"max_hp_loss":0,"event_name":"Duplicator","floor":31,"gold_loss":0,"cards_obtained":["hexamod:EmpoweredFlame"]}],"is_beta":false,"boss_relics":[{"not_picked":["Astrolabe","Runic Pyramid"],"picked":"Empty Cage"}],"items_purged_floors":[],"is_endless":false,"potions_floor_spawned":[12,13,14,15,16,19,27],"killed_by":"downfall:Ironclad","ascension_level":1}}