{"host":"3vwlzs9j0t5i9rxy","time":1608392750,"event":{"mods":["A Magickal Journey","BaseMod","Better Third Choice","Colored Map","Conspire","Energized Spire","Halation","Hermit","Hubris","Infinite Spire","Mimic Mod","Minty Spire (QoL Compilation)","Permanent Neow","Potionbrewer","Rare Cards Sparkle","Relic Stats","Replay The Spire","Shop Mod","Small Relic Pack","Somnambulant","Spicy Shops","Spikes Relics","StSLib","The Clintock","The Cursed","The Druid","The Exalted","The Florist","The Jungle","The Runesmith","The Servant 0.9.4","The Spell Scribe","The Valiant"],"gold_per_floor":[63,63,78,78,78,98,117,117,132,148,188,200,165,227,227,246,246,350,350,362,362,376,392,392,424,443,443,496,509,509,519,519,530,530,627,627,642,642,642,654,673,693,693,693,718,226,244,257,43,43,43],"floor_reached":50,"playtime":4779,"items_purged":[],"score":512,"play_id":"adc4dea6-ddfb-4905-957e-e75814312fae","local_time":"20201219104550","is_ascension_mode":false,"campfire_choices":[{"floor":8,"key":"REST"},{"floor":17,"key":"REST"},{"data":"ReplayTheSpireMod:??????????????????????","floor":34,"key":"SMITH"},{"floor":43,"key":"REST"}],"circlet_count":0,"master_deck":["Strike_Valiant","Strike_Valiant","Strike_Valiant","Strike_Valiant","Defend_Valiant","Defend_Valiant","Defend_Valiant","Defend_Valiant","BlindingLight","MinorHealing","MinorHealing+1","MaddeningRevelation","EmpoweringForce","Cleanse","Chainer","Meaballize","UnyieldingZeal","Zen","Ensoul","ZealousSmite","FullAwakening","RecklessSmite","Iron Wave","QuickSiphon+1","ArcaneHealing","ReplayTheSpireMod:??????????????????????+1","TakeAim","ReduceToNothing+1","Vindication+1","AuraDischarge","GracefulSiphon","Execution","SoulStrain","Writhe","RecklessSmite","Parasite","infinitespire:Execution","PiercingStab+1"],"relics":["Cross Pendant","CultistMask","hubris:ToyBattleship","Gremlin Horn","Bag of Marbles","Bromod:ArcaneGrace","Dream Catcher","Pocketwatch","Simple Rune","White Beast Statue","hubris:Spice","Ring of Chaos","hubris:FunFungus","potionbrewer:AlchemistFlask"],"acts_visited":["Exordium","TheCity","TheBeyond"],"potions_floor_usage":[10,10,18,23,23,35,35,35,41,42],"damage_taken":[{"damage":17,"enemies":"Jaw Worm","floor":1,"turns":5},{"damage":17,"enemies":"Cultist","floor":3,"turns":6},{"damage":34,"enemies":"infinitespire:Voidling","floor":6,"turns":5},{"damage":29,"enemies":"conspire:2 RoseBushes","floor":7,"turns":5},{"damage":21,"enemies":"Large Slime","floor":9,"turns":6},{"damage":32,"enemies":"Exordium Thugs","floor":10,"turns":6},{"damage":8,"enemies":"2 Fungi Beasts","floor":11,"turns":6},{"damage":13,"enemies":"2 Fungi Beasts","floor":12,"turns":4},{"damage":43,"enemies":"3 Sentries","floor":14,"turns":10},{"damage":0,"enemies":"Red Slaver","floor":16,"turns":1},{"damage":111,"enemies":"The Guardian","floor":18,"turns":16},{"damage":36,"enemies":"Chosen","floor":20,"turns":5},{"damage":97,"enemies":"Spheric Guardian","floor":22,"turns":9},{"damage":67,"enemies":"Shelled Parasite and Fungi","floor":23,"turns":8},{"damage":46,"enemies":"Replay:Snechameleon","floor":25,"turns":8},{"damage":40,"enemies":"Snecko","floor":26,"turns":5},{"damage":44,"enemies":"Centurion and Healer","floor":29,"turns":6},{"damage":76,"enemies":"Snake Plant","floor":31,"turns":6},{"damage":16,"enemies":"conspire:HollyBat","floor":33,"turns":8},{"damage":99,"enemies":"Collector","floor":35,"turns":13},{"damage":137,"enemies":"3 Darklings","floor":37,"turns":8},{"damage":29,"enemies":"3 Shapes","floor":40,"turns":2},{"damage":70,"enemies":"3 Darklings","floor":41,"turns":5},{"damage":67,"enemies":"Writhing Mass","floor":42,"turns":8},{"damage":58,"enemies":"4 Shapes","floor":47,"turns":6},{"damage":76,"enemies":"Jaw Worm Horde","floor":48,"turns":5},{"damage":52,"enemies":"Transient","floor":50,"turns":4}],"seed_played":"8911472800668050595","potions_obtained":[{"floor":3,"key":"potionbrewer:FreezingPotion"},{"floor":7,"key":"potionbrewer:MidasPotion"},{"floor":10,"key":"Elixir"},{"floor":16,"key":"Reflective Coating"},{"floor":20,"key":"potionbrewer:AcidPotion"},{"floor":29,"key":"BlessingOfTheForge"},{"floor":31,"key":"potionbrewer:BarricadePotion"},{"floor":33,"key":"Block Potion"},{"floor":35,"key":"potionbrewer:BoundlessPotion"},{"floor":37,"key":"Weak Potion"},{"floor":40,"key":"PowerPotion"},{"floor":41,"key":"ColorlessPotion"},{"floor":42,"key":"GamblersBrew"}],"is_trial":false,"path_per_floor":["M","?","M","PTL","PTL","M","M","R","M","M","MIM","M","?","?","?","M","R","B",null,"M","?","M","M","AVR","E","M","?","T","M","?","M","T","M","R","B",null,"M","?","?","M","M","M","R","AVR","T","?","M","M","$","M"],"character_chosen":"TheValiant","items_purchased":["potionbrewer:AlchemistFlask","hubris:Spice"],"campfire_rested":3,"item_purchase_floors":[49,49],"current_hp_per_floor":[89,89,86,86,86,66,45,75,68,67,77,88,100,79,58,58,88,5,100,79,79,33,21,21,22,10,100,100,86,86,57,65,80,80,47,108,34,34,61,52,30,8,40,40,48,48,68,14,14,0,0],"gold":43,"neow_bonus":"RANDOM_EVENT","is_daily":false,"chose_seed":false,"campfire_upgraded":1,"win_rate":0.0,"timestamp":1608392750,"path_taken":["M","?","?","PTL","PTL","M","M","R","M","M","MIM","M","?","?","?","M","R","BOSS","M","?","?","M","AVR","E","M","?","T","?","?","M","?","M","R","BOSS","M","?","?","M","M","M","R","AVR","T","?","M","?","?","M"],"items_purchased_type":["Relic","Relic"],"build_version":"2020-12-13","purchased_purges":0,"victory":false,"max_hp_per_floor":[100,100,100,100,100,100,100,100,100,100,100,100,100,100,100,100,100,100,100,100,100,100,100,100,100,100,100,100,100,100,100,108,108,108,108,108,108,108,108,108,108,108,108,108,116,116,116,116,108,108,108],"relic_stats":{"Dream Catcher":1,"Gremlin Horn":[16,17],"counters":[27,176],"obtain_stats":[{"Bromod:ArcaneGrace":19,"Gremlin Horn":14,"Cross Pendant":0,"potionbrewer:AlchemistFlask":49,"Ring of Chaos":36,"White Beast Statue":30,"Dream Catcher":24,"hubris:Spice":32,"Simple Rune":28,"CultistMask":2,"hubris:FunFungus":44,"hubris:ToyBattleship":11,"Bag of Marbles":15,"Pocketwatch":25},{"Bromod:ArcaneGrace":11,"Gremlin Horn":9,"Cross Pendant":0,"potionbrewer:AlchemistFlask":26,"Ring of Chaos":20,"White Beast Statue":17,"Dream Catcher":14,"hubris:Spice":18,"Simple Rune":16,"CultistMask":1,"hubris:FunFungus":24,"hubris:ToyBattleship":7,"Bag of Marbles":9,"Pocketwatch":15},{"Bromod:ArcaneGrace":70,"Gremlin Horn":53,"Cross Pendant":0,"potionbrewer:AlchemistFlask":172,"Ring of Chaos":138,"White Beast Statue":111,"Dream Catcher":92,"hubris:Spice":117,"Simple Rune":105,"CultistMask":5,"hubris:FunFungus":161,"hubris:ToyBattleship":39,"Bag of Marbles":53,"Pocketwatch":100}],"Pocketwatch":[65]},"card_choices":[{"not_picked":["RecklessSmite","FlashOfAnger"],"picked":"MaddeningRevelation","floor":1},{"not_picked":["WideSmite","Desperation"],"picked":"EmpoweringForce","floor":3},{"not_picked":["RecklessSmite","MightForm"],"picked":"Cleanse","floor":6},{"not_picked":["DelvingPrayer","TurnTables"],"picked":"Chainer","floor":7},{"not_picked":["RecklessSmite","FlashOfAnger"],"picked":"Meaballize","floor":9},{"not_picked":["HolyFury","Uprising","ToweringCharge"],"picked":"SKIP","floor":10},{"not_picked":["HolyFury","Desperation"],"picked":"UnyieldingZeal","floor":11},{"not_picked":["PushOnward","Chainer"],"picked":"Zen","floor":12},{"not_picked":["HolyLight","GracefulSiphon"],"picked":"Ensoul","floor":14},{"not_picked":["ToweringCharge","ItsSmitingTime"],"picked":"ZealousSmite","floor":16},{"not_picked":["Bombastic","WeakForm"],"picked":"FullAwakening","floor":18},{"not_picked":["TurnTables+1","HolyFury"],"picked":"RecklessSmite","floor":20},{"not_picked":["SeekAnswers","InsightfulPrayer+2"],"picked":"QuickSiphon+1","floor":22},{"not_picked":["EmpoweringForce","UnyieldingZeal+1"],"picked":"ArcaneHealing","floor":23},{"not_picked":["CombatDance","PiercingStab+1"],"picked":"TakeAim","floor":25},{"not_picked":["DualSpirit","FullAwakening"],"picked":"ReduceToNothing+1","floor":26},{"not_picked":["RecklessSmite","TakeAim"],"picked":"Vindication+1","floor":29},{"not_picked":["Ensoul+1","EmpoweringForce"],"picked":"AuraDischarge","floor":31},{"not_picked":["PushOnward","ReduceToNothing+1"],"picked":"GracefulSiphon","floor":33},{"not_picked":["AtAllCosts","DeadlyPlay"],"picked":"Execution","floor":35},{"not_picked":["TakeAim","ZealousPersecution"],"picked":"SoulStrain","floor":37},{"not_picked":["MightForm","MaddeningRevelation+1","Decimate+1"],"picked":"SKIP","floor":40},{"not_picked":["ZealousPersecution","TurnTables"],"picked":"RecklessSmite","floor":41},{"not_picked":["TakeAim+1","QuickSiphon","Cleanse"],"picked":"SKIP","floor":42},{"not_picked":["infinitespire:SevenWalls","infinitespire:NeuralNetwork"],"picked":"infinitespire:Execution","floor":46},{"not_picked":["ZealousAmbition+1","ZealousPersecution+1"],"picked":"PiercingStab+1","floor":47},{"not_picked":["PiercingStab+1","HolyLight","SoulStrain"],"picked":"SKIP","floor":48}],"player_experience":18150,"relics_obtained":[{"floor":11,"key":"hubris:ToyBattleship"},{"floor":14,"key":"Gremlin Horn"},{"floor":25,"key":"Pocketwatch"},{"floor":28,"key":"Simple Rune"},{"floor":32,"key":"hubris:Spice"},{"floor":45,"key":"hubris:Spice"}],"event_choices":[{"damage_healed":0,"gold_gain":0,"player_choice":"Grow","damage_taken":0,"max_hp_gain":0,"max_hp_loss":0,"event_name":"Living Wall","floor":0,"gold_loss":0,"cards_upgraded":["MinorHealing"]},{"damage_healed":0,"gold_gain":0,"player_choice":"Trade","damage_taken":0,"relics_obtained":["CultistMask"],"max_hp_gain":0,"max_hp_loss":0,"event_name":"FaceTrader","floor":2,"gold_loss":0},{"damage_healed":25,"gold_gain":0,"player_choice":"Healed","damage_taken":0,"max_hp_gain":0,"max_hp_loss":0,"event_name":"The Cleric","floor":13,"gold_loss":35},{"damage_healed":0,"gold_gain":0,"player_choice":"Searched \u00271\u0027 times","damage_taken":0,"max_hp_gain":0,"max_hp_loss":0,"event_name":"Dead Adventurer","floor":14,"gold_loss":0},{"cards_removed":["Strike_Valiant"],"damage_healed":0,"gold_gain":0,"player_choice":"Took Card","damage_taken":0,"max_hp_gain":0,"max_hp_loss":0,"event_name":"NoteForYourself","floor":21,"gold_loss":0,"cards_obtained":["Iron Wave"]},{"cards_removed":["WheelKick"],"damage_healed":90,"gold_gain":0,"player_choice":"Offered Uncommon","damage_taken":0,"max_hp_gain":0,"max_hp_loss":0,"event_name":"Bonfire Elementals","floor":27,"gold_loss":0},{"damage_healed":0,"gold_gain":0,"player_choice":"Ignored","damage_taken":0,"max_hp_gain":0,"max_hp_loss":0,"event_name":"Mysterious Sphere","floor":38,"gold_loss":0},{"damage_healed":27,"gold_gain":0,"player_choice":"Writhe","damage_taken":0,"max_hp_gain":0,"max_hp_loss":0,"event_name":"Winding Halls","floor":39,"gold_loss":0,"cards_obtained":["Writhe"]}],"is_beta":false,"boss_relics":[{"not_picked":["Replay:Bronze Core","halation:Yufonium"],"picked":"Bromod:ArcaneGrace"},{"not_picked":["Bromod:ArcaneBarrier","relicPack:ShieldShield"],"picked":"Ring of Chaos"}],"items_purged_floors":[],"is_endless":false,"potions_floor_spawned":[3,7,10,16,20,29,31,33,35,37,40,41,42,47,48],"killed_by":"Transient","ascension_level":0}}