{"host":"9eiowk8mxro5m2sz","time":1608346892,"event":{"mods":["Act Like it!","Alarm Clock","BaseMod","CapriCore","Decade(王小明)","Friendly Minions","Gensokyo","Kiyohime（清姬）","LagranYue(拉格朗・月)","Luminous","Minty Spire (QoL Compilation)","Quick Restart","Reimu（博丽灵梦）","Relic Stats","Replay The Spire","StSLib","The Alterego","The Immortal","The Servant 0.9.4","TheWitcher","WarShipGirlsR/战舰少女R mod","Yohane!","Youmu（魂魄妖梦）","Yuri Mod","Yuyuko","【东方二次创作】八云紫mod","【遗物卡牌】REMEMod"],"gold_per_floor":[112,112,112,125,149,189,189,189,216,232,265,273,273,281,281,402,402,372,372,372,387,58,96,130,130,154,253,461,461,456,20,20,144,144,135,135,135,135,0,36,6,6,6,6,6,26,38,38,38,38],"floor_reached":51,"playtime":1916,"items_purged":[],"score":1021,"play_id":"f987ba85-1c69-4227-bfd5-98b09249494d","local_time":"20201219110132","daily_mods":["Heirloom","Time Dilation","Flight"],"is_ascension_mode":false,"campfire_choices":[{"data":"alterego_mod:BiFurious","floor":7,"key":"SMITH"},{"floor":8,"key":"REST"},{"floor":15,"key":"REST"},{"data":"alterego_mod:Mirror","floor":25,"key":"SMITH"},{"data":"alterego_mod:Impale","floor":29,"key":"SMITH"},{"floor":45,"key":"REST"}],"circlet_count":0,"master_deck":["alterego_mod:Strike+1","alterego_mod:Strike+1","alterego_mod:Strike+1","alterego_mod:Strike+1","alterego_mod:Defend+1","alterego_mod:Defend+1","alterego_mod:Defend+1","alterego_mod:Impale+1","alterego_mod:BigMeatyClaws","alterego_mod:BrynhildrsRune","alterego_mod:BiFurious+1","alterego_mod:Venus","alterego_mod:Mirror+1","alterego_mod:Birthday","alterego_mod:InsideBaseball","alterego_mod:Rip","alterego_mod:Cooking","alterego_mod:GIGAMILK","alterego_mod:Lift","alterego_mod:Undulate","alterego_mod:1TonWallop","alterego_mod:Valkyrie","alterego_mod:Antipathy","alterego_mod:STier","Parasite","alterego_mod:Weigh+1","Apotheosis","alterego_mod:BustOut","alterego_mod:Cycle+1","alterego_mod:ChallengeComplete+1","alterego_mod:Jiggle"],"relics":["alterego_mod:MasochisticConstitution","REME_ComplimentaryCards","Turnip","Golden Idol","Blue Doll","Boot","ReplayTheSpireMod:Shallot","Toy Ornithopter","Odd Mushroom","REME_DemonsWealth","yuri:PortableGlitches","Bronze Scales","Replay:Mystery Machine","Anchor","ReplayTheSpireMod:Ninjato","Du-Vu Doll","Vajra","alterego_mod:SomeoneToFightFor","SlaversCollar","Molten Egg 2","Red Mask","TungstenRod","Letter Opener","Replay:Bottled Steam","ReplayTheSpireMod:Lightbulb"],"acts_visited":["Exordium","TheCity","TheBeyond"],"potions_floor_usage":[16,47],"damage_taken":[{"damage":3,"enemies":"Jaw Worm","floor":1,"turns":7},{"damage":3,"enemies":"Small Slimes","floor":4,"turns":3},{"damage":9,"enemies":"Cultist","floor":5,"turns":4},{"damage":24,"enemies":"Lagavulin","floor":6,"turns":4},{"damage":5,"enemies":"Lots of Slimes","floor":10,"turns":2},{"damage":16,"enemies":"Gremlin Nob","floor":11,"turns":3},{"damage":6,"enemies":"Replay:BlueRogue","floor":12,"turns":1},{"damage":36,"enemies":"The Mushroom Lair","floor":14,"turns":3},{"damage":34,"enemies":"Hexaghost","floor":16,"turns":8},{"damage":0,"enemies":"Chosen","floor":18,"turns":1},{"damage":19,"enemies":"2 Thieves","floor":21,"turns":4},{"damage":10,"enemies":"Gremlin Leader","floor":23,"turns":5},{"damage":23,"enemies":"Book of Stabbing","floor":24,"turns":5},{"damage":0,"enemies":"Replay:Snechameleon","floor":28,"turns":1},{"damage":0,"enemies":"Centurion and Healer","floor":30,"turns":4},{"damage":40,"enemies":"Champ","floor":33,"turns":10},{"damage":23,"enemies":"3 Shapes","floor":35,"turns":2},{"damage":40,"enemies":"Nemesis","floor":40,"turns":6},{"damage":0,"enemies":"Orb Walker","floor":41,"turns":1},{"damage":28,"enemies":"Jaw Worm Horde","floor":46,"turns":4},{"damage":18,"enemies":"Reptomancer","floor":47,"turns":4},{"damage":68,"enemies":"Awakened One","floor":50,"turns":9}],"seed_played":"-7466128065832276496","potions_obtained":[{"floor":1,"key":"BlessingOfTheForge"},{"floor":4,"key":"DistilledChaos"},{"floor":6,"key":"Milkshake"},{"floor":23,"key":"LifebloodPotion"},{"floor":24,"key":"Adrenaline Potion"},{"floor":40,"key":"Adrenaline Potion"}],"is_trial":true,"path_per_floor":["M","?","?","M","M","E","R","R","T","M","E","E","?","?","R","B",null,"M","?","?","M","$","E","E","R","T","?","E","R","M","$","R","B",null,"M","T","?","$","?","E","M","?","T","$","R","M","E","?","R","B",null],"character_chosen":"The_Alterego","items_purchased":["alterego_mod:Valkyrie","yuri:PortableGlitches","Du-Vu Doll","Vajra"],"campfire_rested":3,"item_purchase_floors":[22,22,31,31],"current_hp_per_floor":[71,54,54,52,44,23,23,45,45,43,28,26,26,10,33,10,79,79,79,79,61,61,62,52,52,52,52,52,52,62,62,62,28,83,61,61,61,61,61,27,27,27,27,27,52,52,54,54,80,39],"gold":38,"neow_bonus":"","is_daily":false,"chose_seed":false,"campfire_upgraded":3,"win_rate":0.0,"timestamp":1608346892,"path_taken":["M","?","?","?","?","E","R","R","T","M","E","E","?","?","R","BOSS","M","?","?","M","?","E","E","R","T","?","E","R","?","$","R","BOSS","M","?","?","?","?","E","?","?","T","?","R","?","E","?","R","BOSS"],"items_purchased_type":["Card","Relic","Relic","Relic"],"build_version":"2020-12-13","purchased_purges":0,"victory":true,"max_hp_per_floor":[71,71,71,72,73,74,74,74,74,75,76,77,77,78,78,79,79,79,79,79,80,80,81,82,82,82,82,82,82,82,82,82,83,83,84,84,84,84,84,85,85,85,85,85,85,86,87,87,87,88],"relic_stats":{"counters":[22,91],"Golden Idol":171,"Bronze Scales":[147],"Turnip":[22],"Letter Opener":[55],"Boot":[123],"obtain_stats":[{"Vajra":31,"Blue Doll":6,"Replay:Mystery Machine":24,"alterego_mod:SomeoneToFightFor":32,"Boot":9,"REME_DemonsWealth":17,"Red Mask":39,"Replay:Bottled Steam":43,"alterego_mod:MasochisticConstitution":0,"ReplayTheSpireMod:Ninjato":28,"Golden Idol":2,"Letter Opener":42,"Odd Mushroom":14,"Du-Vu Doll":31,"SlaversCollar":34,"Anchor":26,"ReplayTheSpireMod:Shallot":11,"Bronze Scales":23,"Molten Egg 2":36,"Turnip":0,"yuri:PortableGlitches":22,"ReplayTheSpireMod:Lightbulb":47,"Toy Ornithopter":12,"TungstenRod":40,"REME_ComplimentaryCards":0},{"Vajra":15,"Blue Doll":4,"Replay:Mystery Machine":13,"alterego_mod:SomeoneToFightFor":15,"Boot":4,"REME_DemonsWealth":9,"Red Mask":17,"Replay:Bottled Steam":19,"alterego_mod:MasochisticConstitution":0,"ReplayTheSpireMod:Ninjato":14,"Golden Idol":1,"Letter Opener":19,"Odd Mushroom":8,"Du-Vu Doll":15,"SlaversCollar":16,"Anchor":13,"ReplayTheSpireMod:Shallot":6,"Bronze Scales":12,"Molten Egg 2":17,"Turnip":0,"yuri:PortableGlitches":11,"ReplayTheSpireMod:Lightbulb":21,"Toy Ornithopter":7,"TungstenRod":18,"REME_ComplimentaryCards":0},{"Vajra":55,"Blue Doll":18,"Replay:Mystery Machine":50,"alterego_mod:SomeoneToFightFor":55,"Boot":18,"REME_DemonsWealth":35,"Red Mask":67,"Replay:Bottled Steam":74,"alterego_mod:MasochisticConstitution":0,"ReplayTheSpireMod:Ninjato":51,"Golden Idol":7,"Letter Opener":74,"Odd Mushroom":27,"Du-Vu Doll":55,"SlaversCollar":65,"Anchor":50,"ReplayTheSpireMod:Shallot":23,"Bronze Scales":45,"Molten Egg 2":67,"Turnip":0,"yuri:PortableGlitches":40,"ReplayTheSpireMod:Lightbulb":82,"Toy Ornithopter":24,"TungstenRod":73,"REME_ComplimentaryCards":0}],"Toy Ornithopter":10,"TungstenRod":14},"card_choices":[{"not_picked":["alterego_mod:Belts","alterego_mod:Complex"],"picked":"alterego_mod:BiFurious","floor":1},{"not_picked":["alterego_mod:BustOut","alterego_mod:Punishment"],"picked":"alterego_mod:Mirror","floor":4},{"not_picked":["alterego_mod:Clap","alterego_mod:Skirt"],"picked":"alterego_mod:Birthday","floor":5},{"not_picked":["alterego_mod:Cycle","alterego_mod:Clones"],"picked":"alterego_mod:InsideBaseball","floor":6},{"not_picked":["alterego_mod:Maid","alterego_mod:Clones"],"picked":"alterego_mod:Rip","floor":10},{"not_picked":["alterego_mod:Bounce","alterego_mod:Smother"],"picked":"alterego_mod:Cooking","floor":11},{"not_picked":["alterego_mod:Cooking","alterego_mod:Undulate"],"picked":"alterego_mod:GIGAMILK","floor":12},{"not_picked":["alterego_mod:PainIsPleasure","alterego_mod:RingBreak"],"picked":"alterego_mod:Lift","floor":16},{"not_picked":["alterego_mod:DustData","alterego_mod:SuperDuperMasochism","SnafuTest:CurseWeakArmy"],"picked":"alterego_mod:Undulate","floor":18},{"not_picked":["alterego_mod:RidiculouslyBig","alterego_mod:Birthday+1","alterego_mod:Undulate","Spreading Infection"],"picked":"SKIP","floor":21},{"not_picked":["alterego_mod:Belle","alterego_mod:Belts","Poor:ReiMu"],"picked":"alterego_mod:Antipathy","floor":23},{"not_picked":["alterego_mod:Stockings+1","alterego_mod:PresenceConcealment","Injury"],"picked":"alterego_mod:STier","floor":24},{"not_picked":["alterego_mod:Crossover","alterego_mod:IndependentAction","alterego_mod:ChallengeComplete"],"picked":"Parasite","floor":28},{"not_picked":["alterego_mod:BreastValley","alterego_mod:MagicResistance+1","alterego_mod:Maid","yuri:RhapsodyCurse"],"picked":"SKIP","floor":30},{"not_picked":["alterego_mod:Venus","alterego_mod:BrynhildrRomantia","Poor:ReiMu"],"picked":"alterego_mod:Weigh","floor":33},{"not_picked":["alterego_mod:Skirt+1","alterego_mod:BreastValley","alterego_mod:SakuraPetals","ReplayTheSpireMod:Restless Dread"],"picked":"SKIP","floor":35},{"not_picked":["Purity","Swift Strike+1"],"picked":"Apotheosis","floor":37},{"not_picked":["alterego_mod:Undulate+1","alterego_mod:Maid+1","alterego_mod:1TonWallop+1","SnafuTest:CursePact"],"picked":"SKIP","floor":40},{"not_picked":["alterego_mod:Birthday+1","alterego_mod:GachaTicket","Gensokyo:AllTheWorldsEvil"],"picked":"alterego_mod:BustOut","floor":41},{"not_picked":["alterego_mod:Cushion","alterego_mod:Skirt+1","SnafuTest:CurseDisclosure"],"picked":"alterego_mod:Cycle+1","floor":46},{"not_picked":["alterego_mod:Vow","alterego_mod:SakuraLabyrinth","SnafuTest:CurseRandom"],"picked":"alterego_mod:ChallengeComplete+1","floor":47}],"player_experience":559402,"relics_obtained":[{"floor":6,"key":"Blue Doll"},{"floor":9,"key":"Boot"},{"floor":11,"key":"ReplayTheSpireMod:Shallot"},{"floor":12,"key":"Toy Ornithopter"},{"floor":14,"key":"Odd Mushroom"},{"floor":23,"key":"Bronze Scales"},{"floor":24,"key":"Replay:Mystery Machine"},{"floor":26,"key":"Anchor"},{"floor":28,"key":"ReplayTheSpireMod:Ninjato"},{"floor":36,"key":"Molten Egg 2"},{"floor":40,"key":"TungstenRod"},{"floor":43,"key":"Replay:Bottled Steam"},{"floor":47,"key":"ReplayTheSpireMod:Lightbulb"}],"event_choices":[{"damage_healed":0,"gold_gain":0,"player_choice":"Take Damage","damage_taken":17,"relics_obtained":["Golden Idol"],"max_hp_gain":0,"max_hp_loss":0,"event_name":"Golden Idol","floor":2,"gold_loss":0},{"damage_healed":0,"gold_gain":0,"cards_transformed":["alterego_mod:Defend"],"player_choice":"Transformed","damage_taken":0,"max_hp_gain":0,"max_hp_loss":0,"event_name":"Transmorgrifier","floor":3,"gold_loss":0,"cards_obtained":["alterego_mod:Venus"]},{"damage_healed":0,"gold_gain":0,"player_choice":"Fought Mushrooms","damage_taken":0,"max_hp_gain":0,"max_hp_loss":0,"event_name":"Mushrooms","floor":14,"gold_loss":0},{"damage_healed":0,"gold_gain":0,"player_choice":"Read","damage_taken":0,"max_hp_gain":0,"max_hp_loss":0,"event_name":"The Library","floor":19,"gold_loss":0,"cards_obtained":["alterego_mod:1TonWallop"]},{"damage_healed":0,"gold_gain":0,"player_choice":"Simplicity","damage_taken":0,"max_hp_gain":0,"max_hp_loss":0,"event_name":"Back to Basics","floor":20,"gold_loss":0,"cards_upgraded":["alterego_mod:Strike","alterego_mod:Strike","alterego_mod:Strike","alterego_mod:Strike","alterego_mod:Defend","alterego_mod:Defend","alterego_mod:Defend"]},{"damage_healed":0,"gold_gain":99,"player_choice":"Stole From Cult","damage_taken":0,"max_hp_gain":0,"max_hp_loss":0,"event_name":"Nest","floor":27,"gold_loss":0},{"damage_healed":0,"gold_gain":0,"player_choice":"Choice 2","damage_taken":0,"relics_obtained":["alterego_mod:SomeoneToFightFor"],"max_hp_gain":0,"max_hp_loss":0,"event_name":"爱的神圣花园","floor":32,"gold_loss":0},{"damage_healed":0,"gold_gain":0,"player_choice":"Memory 1","damage_taken":0,"max_hp_gain":0,"max_hp_loss":0,"event_name":"SensoryStone","floor":37,"gold_loss":0},{"damage_healed":0,"gold_gain":0,"player_choice":"Paid","damage_taken":0,"relics_obtained":["Red Mask"],"max_hp_gain":0,"max_hp_loss":0,"event_name":"Tomb of Lord Red Mask","floor":39,"gold_loss":135},{"damage_healed":0,"gold_gain":0,"player_choice":"Gave Potion","damage_taken":0,"relics_obtained":["Letter Opener"],"max_hp_gain":0,"max_hp_loss":0,"event_name":"WeMeetAgain","floor":42,"gold_loss":0},{"damage_healed":0,"gold_gain":0,"player_choice":"1 cards matched","damage_taken":0,"max_hp_gain":0,"max_hp_loss":0,"event_name":"Match and Keep!","floor":48,"gold_loss":0,"cards_obtained":["alterego_mod:Jiggle"]}],"is_beta":false,"boss_relics":[{"not_picked":["Cursed Key","Astrolabe"],"picked":"REME_DemonsWealth"},{"not_picked":["REME_LowDesire","Tiny House"],"picked":"SlaversCollar"}],"items_purged_floors":[],"is_endless":false,"potions_floor_spawned":[1,4,6,12,14,23,24,28,33,35,40],"ascension_level":0}}