{"host":"jzehok24c0182h89","time":1608364992,"event":{"mods":["Bard","BaseMod","Colored Map","Colored Powertips","Downfall","Hermit","Marisa????????","Minty Spire (QoL Compilation)","Random Character Button","Shade Mod","StSLib","The Alterego","The Blackbeard","The Bug Knight","The Construct","The Cursed","The Disciple","The Hierophant","The Necromancer","The Servant 0.9.4"],"gold_per_floor":[110,127,127,139,155,184,184,196,242,260,277,287,287,314,314,411,411,423,23,25,25,40,65,65,96,96,110,141,154,154,154,154,249,249,268,268,285,285,300,300,329,340,364,390,400,235,235,269,269,269,269,269,16,49,49],"floor_reached":56,"playtime":3076,"items_purged":["Shade:Strike_Shade","Shade:Strike_Shade"],"score":1451,"play_id":"842df175-d672-4817-ad34-603dda3ee0a2","local_time":"20201219030312","is_ascension_mode":false,"campfire_choices":[{"data":"Shade:LichForm","floor":7,"key":"SMITH"},{"data":"Shade:SensePrey","floor":13,"key":"SMITH"},{"data":"Shade:SkeletonArmy","floor":15,"key":"SMITH"},{"data":"Shade:CloudOfShrapnel","floor":30,"key":"SMITH"},{"data":"Shade:FreshBones","floor":32,"key":"SMITH"},{"data":"Shade:FleshOffering","floor":40,"key":"SMITH"},{"floor":49,"key":"RECALL"},{"data":"Shade:WallOfFlesh","floor":52,"key":"SMITH"}],"circlet_count":0,"master_deck":["Shade:Defend_Shade","Shade:Defend_Shade","Shade:Defend_Shade","Shade:Defend_Shade","Shade:AnimateDead+1","Shade:CarefulCut","Shade:LichForm+1","Shade:GraveStillness","Shade:SensePrey+1","Shade:FingerOfDeath","Shade:SkeletonArmy+1","Shade:PoundOfFlesh+1","Shade:GraveStillness","Shade:WallOfFlesh","Shade:FleshToFlesh","Shade:FleshLikeOak","Shade:ClawBack","Shade:DarkOfNight","Shade:WallOfFlesh","Shade:FreshBones+1","Shade:CloudOfShrapnel+1","Shade:GreyBargain","Shade:FuneraryJewels+1","Shade:CloudOfShrapnel","Shade:WallOfFlesh+1","Shade:FleshOffering+1","Shade:WallOfFlesh+1","Shade:GoDigging+1","Shade:Carnophage","Finesse"],"relics":["Shade:YorickSkull","Bottled Tornado","Regal Pillow","Odd Mushroom","Runic Dome","Oddly Smooth Stone","Kunai","Ornamental Fan","Lantern","Ancient Tea Set","Bottled Flame","White Beast Statue","Snecko Eye","Toy Ornithopter","Pocketwatch","War Paint","Happy Flower","Bag of Preparation"],"acts_visited":["Exordium","TheCity","TheBeyond","TheEnding"],"potions_floor_usage":[29,45,54,55,55,55,55,55,55],"damage_taken":[{"damage":0,"enemies":"Jaw Worm","floor":1,"turns":2},{"damage":0,"enemies":"Cultist","floor":2,"turns":4},{"damage":0,"enemies":"Small Slimes","floor":4,"turns":3},{"damage":0,"enemies":"2 Fungi Beasts","floor":5,"turns":4},{"damage":2,"enemies":"3 Sentries","floor":6,"turns":6},{"damage":10,"enemies":"Lots of Slimes","floor":8,"turns":3},{"damage":0,"enemies":"Red Slaver","floor":10,"turns":3},{"damage":8,"enemies":"Exordium Wildlife","floor":11,"turns":6},{"damage":0,"enemies":"Looter","floor":12,"turns":4},{"damage":0,"enemies":"The Mushroom Lair","floor":14,"turns":3},{"damage":8,"enemies":"Hexaghost","floor":16,"turns":7},{"damage":2,"enemies":"Chosen","floor":18,"turns":4},{"damage":0,"enemies":"2 Thieves","floor":20,"turns":5},{"damage":9,"enemies":"Snake Plant","floor":22,"turns":4},{"damage":0,"enemies":"HollowMod:Nosk","floor":23,"turns":5},{"damage":12,"enemies":"Slavers","floor":25,"turns":5},{"damage":1,"enemies":"Shelled Parasite and Fungi","floor":27,"turns":4},{"damage":0,"enemies":"Book of Stabbing","floor":28,"turns":5},{"damage":0,"enemies":"Snecko","floor":29,"turns":3},{"damage":6,"enemies":"Champ","floor":33,"turns":8},{"damage":0,"enemies":"3 Shapes","floor":35,"turns":2},{"damage":0,"enemies":"Orb Walker","floor":37,"turns":2},{"damage":0,"enemies":"Maw","floor":39,"turns":5},{"damage":0,"enemies":"Reptomancer","floor":41,"turns":4},{"damage":2,"enemies":"Transient","floor":42,"turns":5},{"damage":0,"enemies":"Nemesis","floor":44,"turns":5},{"damage":0,"enemies":"4 Shapes","floor":45,"turns":2},{"damage":3,"enemies":"Giant Head","floor":48,"turns":10},{"damage":0,"enemies":"Awakened One","floor":50,"turns":9},{"damage":0,"enemies":"Shield and Spear","floor":54,"turns":5},{"damage":5,"enemies":"The Heart","floor":55,"turns":11}],"seed_played":"4612116888520858899","potions_obtained":[{"floor":2,"key":"Explosive Potion"},{"floor":5,"key":"champ:CounterPotion"},{"floor":6,"key":"EntropicBrew"},{"floor":22,"key":"BlessingOfTheForge"},{"floor":29,"key":"EntropicBrew"},{"floor":35,"key":"DuplicationPotion"},{"floor":37,"key":"PowerPotion"},{"floor":45,"key":"Block Potion"},{"floor":48,"key":"AttackPotion"},{"floor":54,"key":"AttackPotion"}],"is_trial":false,"path_per_floor":["M","M","?","M","M","E","R","M","T","M","M","M","R","?","R","B",null,"M","$","M","?","M","E","$","E","T","M","E","M","R","?","R","B",null,"M","?","M","?","M","R","E","M","T","E","M","$","?","E","R","B",null,"R","$","E","B",null],"character_chosen":"SHADE","items_purchased":["Oddly Smooth Stone","Kunai","Finesse","Happy Flower"],"campfire_rested":0,"item_purchase_floors":[19,19,46,53],"current_hp_per_floor":[47,47,75,75,75,73,73,63,63,63,55,55,55,55,55,47,75,73,73,73,73,64,64,64,52,52,51,51,51,51,51,51,45,75,75,75,75,75,75,75,75,73,73,73,75,75,71,68,68,68,71,71,71,71,71],"gold":49,"neow_bonus":"TRANSFORM_TWO_CARDS","is_daily":false,"chose_seed":false,"campfire_upgraded":7,"win_rate":0.0,"timestamp":1608364992,"path_taken":["M","M","?","M","?","E","R","M","T","M","M","M","R","?","R","BOSS","M","$","M","?","?","E","?","E","T","M","E","M","R","?","R","BOSS","M","?","?","?","M","R","E","M","T","E","M","$","?","E","R","BOSS","R","$","E","BOSS"],"items_purchased_type":["Relic","Relic","Card","Relic"],"build_version":"2020-12-13","purchased_purges":2,"victory":true,"max_hp_per_floor":[65,65,75,75,75,75,75,75,75,75,75,75,75,75,75,75,75,75,75,75,75,75,75,75,75,75,75,75,75,75,75,75,75,75,75,75,75,75,75,75,75,75,75,75,75,75,71,71,71,71,71,71,71,71,71],"card_choices":[{"not_picked":["Shade:Bonestorm","Shade:FleshToFlesh"],"picked":"Shade:GraveStillness","floor":1},{"not_picked":["Shade:ExtraLimbs","Shade:GreyBargain"],"picked":"Shade:SensePrey","floor":2},{"not_picked":["Shade:FeralStrike","Shade:Bonestorm"],"picked":"Shade:FingerOfDeath","floor":4},{"not_picked":["Shade:RitualOffering","Shade:GreyBargain"],"picked":"Shade:SkeletonArmy","floor":5},{"not_picked":["Shade:Frenzy","Shade:LyeBath"],"picked":"Shade:PoundOfFlesh","floor":6},{"not_picked":["Shade:CoffinDance","Shade:ExtraLimbs"],"picked":"Shade:GraveStillness","floor":8},{"not_picked":["Shade:AblativeArmor","Shade:CommandSoldier"],"picked":"Shade:WallOfFlesh","floor":10},{"not_picked":["Shade:AncientSpear","Shade:CommandSoldier"],"picked":"Shade:FleshToFlesh","floor":11},{"not_picked":["Shade:Awaken","Shade:Excise"],"picked":"Shade:FleshLikeOak","floor":12},{"not_picked":["Shade:FleshToFlesh","Shade:Tombstone"],"picked":"Shade:ClawBack","floor":14},{"not_picked":["Shade:Consume","Shade:Tombstone"],"picked":"Shade:DarkOfNight","floor":16},{"not_picked":["Shade:ExtraLimbs","Shade:CommandSoldier"],"picked":"Shade:WallOfFlesh","floor":18},{"not_picked":["Shade:SkeletonHug","Shade:GraveStillness"],"picked":"Shade:FreshBones","floor":20},{"not_picked":["Shade:OpenGraves","Shade:Asphyxiate"],"picked":"Shade:CloudOfShrapnel","floor":22},{"not_picked":["Shade:WallOfFlesh","Shade:CommandSoldier"],"picked":"Shade:GreyBargain","floor":23},{"not_picked":["Shade:GraveStillness","Shade:DarkOfNight"],"picked":"Shade:FuneraryJewels","floor":25},{"not_picked":["Shade:Frenzy","Shade:WallOfFlesh","Shade:ExtraLimbs"],"picked":"SKIP","floor":27},{"not_picked":["Shade:BoneShards","Shade:AncientSpear","Shade:Asphyxiate+1"],"picked":"SKIP","floor":28},{"not_picked":["Shade:Doomsay","Shade:Awaken","Shade:ExtraLimbs"],"picked":"SKIP","floor":29},{"not_picked":["Shade:OpenGraves","Shade:FreshBones"],"picked":"Shade:WallOfFlesh","floor":35},{"not_picked":["Shade:CoffinDance+1","Shade:ScuttlingHand+1","Shade:Trample"],"picked":"SKIP","floor":37},{"not_picked":["Shade:FeralStrike+1","Shade:CoffinDance+1"],"picked":"Shade:FleshOffering","floor":39},{"not_picked":["Shade:OpenGraves+1","Shade:Bonestorm+1"],"picked":"Shade:WallOfFlesh+1","floor":41},{"not_picked":["Shade:PoundOfFlesh+1","Shade:GraveStillness+1"],"picked":"Shade:GoDigging+1","floor":42},{"not_picked":["Shade:Trample+1","Shade:AuraOfUnlife+1"],"picked":"Shade:Carnophage","floor":44},{"not_picked":["Shade:Awaken","Shade:Asphyxiate+1","Shade:Trample"],"picked":"SKIP","floor":45},{"not_picked":["Shade:TouchOfTheGrave","Shade:Bite_Shade","Shade:CallWraith"],"picked":"SKIP","floor":48},{"not_picked":["Shade:FleshToFlesh+1","Shade:Frenzy+1","Shade:GraveStillness"],"picked":"SKIP","floor":54}],"player_experience":819413,"relics_obtained":[{"floor":6,"key":"Bottled Tornado"},{"floor":9,"key":"Regal Pillow"},{"floor":14,"key":"Odd Mushroom"},{"floor":23,"key":"Lantern"},{"floor":25,"key":"Ancient Tea Set"},{"floor":26,"key":"Bottled Flame"},{"floor":28,"key":"White Beast Statue"},{"floor":41,"key":"Toy Ornithopter"},{"floor":44,"key":"Pocketwatch"},{"floor":48,"key":"War Paint"},{"floor":54,"key":"Bag of Preparation"}],"event_choices":[{"cards_removed":["Shade:MadHubris"],"damage_healed":18,"gold_gain":0,"player_choice":"Offered Rare","damage_taken":0,"max_hp_gain":10,"max_hp_loss":0,"event_name":"Bonfire Elementals","floor":3,"gold_loss":0},{"damage_healed":0,"gold_gain":0,"player_choice":"Fought Mushrooms","damage_taken":0,"max_hp_gain":0,"max_hp_loss":0,"event_name":"Mushrooms","floor":14,"gold_loss":0},{"damage_healed":0,"gold_gain":0,"player_choice":"Gave Potion","damage_taken":0,"relics_obtained":["Ornamental Fan"],"max_hp_gain":0,"max_hp_loss":0,"event_name":"WeMeetAgain","floor":21,"gold_loss":0},{"damage_healed":0,"gold_gain":0,"player_choice":"Read","damage_taken":0,"max_hp_gain":0,"max_hp_loss":0,"event_name":"The Library","floor":31,"gold_loss":0,"cards_obtained":["Shade:CloudOfShrapnel"]},{"damage_healed":0,"gold_gain":0,"player_choice":"Upgraded","damage_taken":0,"max_hp_gain":0,"max_hp_loss":0,"event_name":"Upgrade Shrine","floor":36,"gold_loss":0,"cards_upgraded":["Shade:PoundOfFlesh"]},{"damage_healed":0,"gold_gain":0,"player_choice":"Ignored","damage_taken":0,"max_hp_gain":0,"max_hp_loss":0,"event_name":"Tomb of Lord Red Mask","floor":38,"gold_loss":0},{"damage_healed":0,"gold_gain":0,"player_choice":"Max HP","damage_taken":0,"max_hp_gain":0,"max_hp_loss":4,"event_name":"Winding Halls","floor":47,"gold_loss":0}],"is_beta":false,"boss_relics":[{"not_picked":["Pandora\u0027s Box","Empty Cage"],"picked":"Runic Dome"},{"not_picked":["Tiny House","Cursed Key"],"picked":"Snecko Eye"}],"items_purged_floors":[46,53],"is_endless":false,"potions_floor_spawned":[2,5,6,22,29,33,35,37,39,41,42,44,45,48,54],"ascension_level":0}}