{"host":"iw0syt1icqzwzkkt","time":1608348049,"event":{"mods":["ATMod(阿瑾Mod)","Act Like it!","BaseMod","Better Vampires","Challenge The Spire","Conspire","Dota2Spire","Downfall","Gensokyo","GungeonMod","Hallownest","Hunter 猎人","KinomotoSakuraMod(木之本樱)","Luminous","Minty Spire (QoL Compilation)","Permanent Neow","Reimu（博丽灵梦）","Relic Stats","Replay The Spire","RumiaBox-露米娅的神秘盒子","SIMod","Spicy Shops","StSLib","TestMod","The Animator","The Cursed","The Hierophant","The Servant 0.9.4","UnlockEverythingMod","Waifu the Spire","WarShipGirlsR/战舰少女R mod","[地精首领爬塔]The Maniac","noobMod","vexMod","【东方二次创作】八云紫mod","【遗物卡牌】REMEMod","篝火指南"],"gold_per_floor":[785,804,849,21,21,54,69,69,142,173,585,48,48,48,48,145,145,161,181,141,152,242,274,58,58,130,158,9,9,38,54,54,153,153,173,186,245,259,259,286,286,286,358,375,385,4,4,29,29,130,130,130,72,103,133],"floor_reached":56,"playtime":2915,"items_purged":["Defend_Lin:ReiMu"],"score":1449,"play_id":"777cb8ec-d3c1-4360-bebb-b596f8c29ecb","local_time":"20201219112049","is_ascension_mode":false,"campfire_choices":[{"floor":8,"key":"REST"},{"floor":13,"key":"REST"},{"data":"CardOfSanctity:ReiMu","floor":15,"key":"SMITH"},{"floor":25,"key":"REST"},{"floor":29,"key":"REST"},{"data":"DependentForm:ReiMu","floor":32,"key":"SMITH"},{"floor":41,"key":"REST"},{"data":"AT_LightSaberMaster","floor":47,"key":"SMITH"},{"floor":49,"key":"RECALL"},{"data":"FoulBorder2:ReiMu","floor":52,"key":"SMITH"}],"circlet_count":0,"master_deck":["Strike_Lin:ReiMu","Strike_Lin:ReiMu","Strike_Lin:ReiMu","Strike_Lin:ReiMu","Defend_Lin:ReiMu","Defend_Lin:ReiMu","Defend_Lin:ReiMu","NB:ReiMu","Stagnation:ReiMu","hexamod:PhantomCloak","CareerPray:ReiMu","FoulBorder2:ReiMu+1","TightArray:ReiMu","AirStrike:ReiMu","CardOfSanctity:ReiMu+1","SubcavityInstant:ReiMu+1","YinYangSange:ReiMu+1","Blind","CollectionFlower2:ReiMu","NB:ReiMu","ManaGlint:ReiMu+1","Meditation:ReiMu","OctopathBindingBorder2:ReiMu","DependentForm:ReiMu+1","SafetyPray:ReiMu+1","HakureiPhantom:ReiMu","Conquer:ReiMu+1","AT_LightSaberMaster+1","MountainWay:ReiMu+1","Pride","RainPray2:ReiMu+1","EmergencyTakeOff:ReiMu+1","NineCharacters:ReiMu+1","Dreaming:ReiMu","InherentArray:ReiMu+1","LearningPray:ReiMu+1","SubAcupoint:ReiMu","KamiSacrifice:ReiMu+1","MikOfLucky:ReiMu+1","AirManeuver:ReiMu+1","Dreaming2:ReiMu+1","Gathering:ReiMu+1","Intuition:ReiMu+1","SubcavityFantasy:ReiMu+1","FoulBorder2:ReiMu+1","SpringWay:ReiMu+1"],"relics":["AT_ATBox","ice","REME_ComplimentaryCards","vexMod:RockOfEvil","testmod-InfectionSource","REME_HandOfSuture","DemoMod:GnawedKey","AT_RedTearstoneRing","AT_SunfireAegis","BargainBundle","testmod-AssaultLearning","Mastiff:ReiMu","HornCleat","RuthlessExorcism:ReiMu","Dota2Spire:OrchidMalevolence","Chemical X","Black Star","AT_ChloranthyRing","Toxic Egg 2","Sling","Cauldron","Frozen Egg 2","Lizard Tail","conspire:TreasureMap","Red Mask","DonationBox:ReiMu","Dota2Spire:AssaultCuirass","testmod-TestBox","Dota2Spire:BladeMail","Meat on the Bone","DemoMod:MonsterBlood","REME_HourglassOfDeath","Dota2Spire:EyeOfSkadi","InkBottle","GodSword6","Dota2Spire:HandOfMidas","DemoMod:Relodestone"],"acts_visited":["Exordium","TheCity","Hallownest:KingdomsEdge","TheEnding"],"potions_floor_usage":[16,16,16,23,33,38,40,40,40],"damage_taken":[{"damage":22.0,"enemies":"Cultist","floor":1.0,"turns":6.0},{"damage":7.0,"enemies":"Small Slimes","floor":2.0,"turns":4.0},{"damage":24,"enemies":"3 Sentries","floor":6,"turns":6},{"damage":3,"enemies":"conspire:RoseBush","floor":7,"turns":2},{"damage":7,"enemies":"Lagavulin","floor":10,"turns":5},{"damage":6,"enemies":"Slime Boss","floor":16,"turns":5},{"damage":9,"enemies":"Shell Parasite","floor":18,"turns":3},{"damage":0,"enemies":"conspire:FuzzyDice","floor":19,"turns":5},{"damage":0,"enemies":"Sentry and Sphere","floor":21,"turns":4},{"damage":17,"enemies":"Book of Stabbing","floor":23,"turns":4},{"damage":30,"enemies":"Slavers","floor":27,"turns":4},{"damage":24,"enemies":"Masked Bandits","floor":30,"turns":4},{"damage":22,"enemies":"Snake Plant","floor":31,"turns":4},{"damage":14,"enemies":"Champ","floor":33,"turns":7},{"damage":0,"enemies":"Hallownest:Shield_Heavy","floor":35,"turns":3},{"damage":22,"enemies":"Hallownest:3_Siblings","floor":36,"turns":6},{"damage":27,"enemies":"Hallownest:2_Primals","floor":37,"turns":4},{"damage":15,"enemies":"Hallownest:monsterPrimalAspid","floor":38,"turns":2},{"damage":0,"enemies":"Hallownest:StalkingDevout","floor":40,"turns":3},{"damage":13,"enemies":"Hallownest:2_Soldiers_and_1_Guardian","floor":44,"turns":5},{"damage":5,"enemies":"Hallownest:Shield_Sturdy","floor":45,"turns":4},{"damage":0,"enemies":"Hallownest:eliteHiveKnight","floor":48,"turns":5},{"damage":35,"enemies":"Hallownest:BossGreyPrinceZote","floor":50,"turns":5},{"damage":14,"enemies":"Shield and Spear","floor":54,"turns":4},{"damage":60,"enemies":"The Heart","floor":55,"turns":7}],"seed_played":"7389464706816399896","potions_obtained":[{"floor":2.0,"key":"Dota2Spire:HealingSalve"},{"floor":16,"key":"Dexterity Potion"},{"floor":21,"key":"AttackPotion"},{"floor":23,"key":"SpeedPotion"},{"floor":24,"key":"DuplicationPotion"},{"floor":24,"key":"DuplicationPotion"},{"floor":24,"key":"AttackPotion"},{"floor":37,"key":"testmod-SpacePotion"},{"floor":38,"key":"EntropicBrew"}],"is_trial":false,"path_per_floor":["M","M","T","$","?","E","M","R","T","E","?","$","R","?","R","B",null,"M","M","?","M","?","E","$","R","T","E","$","R","?","M","R","B",null,"M","M","?","M","?","E","R","T","T","M","M","$","R","E","R","B",null,"R","$","E","B",null],"character_chosen":"REIMU","items_purchased":["DemoMod:GnawedKey","AT_RedTearstoneRing","AT_SunfireAegis","BargainBundle","testmod-AssaultLearning","TightArray:ReiMu","AirStrike:ReiMu","CardOfSanctity:ReiMu","SubcavityInstant:ReiMu","YinYangSange:ReiMu+1","Fire Potion","LiquidFlight:ReiMu","ZuzhouPotion:ReiMu","Blind","RuthlessExorcism:ReiMu","Dota2Spire:OrchidMalevolence","Chemical X","Sling","Cauldron","conspire:TreasureMap","Dota2Spire:EyeOfSkadi","Gathering:ReiMu+1","FoulBorder2:ReiMu+1"],"campfire_rested":5,"item_purchase_floors":[4,4,4,4,4,4,4,4,4,4,4,4,4,4,12,12,12,24,24,28,46,46,53],"current_hp_per_floor":[43,36,36,36,36,12,9,28,28,21,21,21,40,40,40,34,65,56,56,56,56,38,21,21,40,40,10,10,29,65,43,43,29,75,75,53,26,11,11,11,42,49,49,48,55,60,60,72,72,49,173,173,173,159,111],"gold":133,"neow_bonus":"BOSS_RELIC","is_daily":false,"chose_seed":false,"campfire_upgraded":4,"win_rate":0.0,"timestamp":1608348049,"path_taken":["M","M","?","$","?","E","?","R","T","E","?","$","R","?","R","BOSS","M","M","?","?","?","E","?","R","T","E","$","R","?","M","R","BOSS","M","M","?","M","?","E","R","?","T","M","?","$","R","E","R","BOSS","R","$","E","BOSS"],"items_purchased_type":["Relic","Relic","Relic","Relic","Relic","Card","Card","Card","Card","Card","Potion","Potion","Potion","Card","Relic","Relic","Relic","Relic","Relic","Relic","Relic","Card","Card"],"build_version":"2020-12-13","purchased_purges":1,"victory":true,"max_hp_per_floor":[65,65,65,65,65,65,65,65,65,65,65,65,65,65,65,65,65,65,65,65,65,65,65,65,65,65,65,65,65,65,71,71,75,75,78,83,98,101,101,104,104,111,111,117,124,129,129,130,130,173,173,173,173,182,257],"relic_stats":{"Lizard Tail":0,"counters":[25,111],"Black Star":5,"Chemical X":[14],"obtain_stats":[{"AT_ATBox":0,"Dota2Spire:OrchidMalevolence":12,"DemoMod:GlassGuonStoneRelic":2,"ice":0,"vexMod:RockOfEvil":0,"Sling":24,"Lizard Tail":27,"HornCleat":9,"Dota2Spire:EyeOfSkadi":46,"Mastiff:ReiMu":6,"DemoMod:MonsterBlood":42,"Dota2Spire:BladeMail":40,"DemoMod:GnawedKey":4,"Red Mask":30,"testmod-InfectionSource":0,"Chemical X":12,"Dota2Spire:AssaultCuirass":37,"Toxic Egg 2":23,"InkBottle":48,"AT_ChloranthyRing":23,"Dota2Spire:HandOfMidas":54,"AT_RedTearstoneRing":4,"BargainBundle":4,"conspire:TreasureMap":28,"testmod-TestBox":0,"Frozen Egg 2":27,"MawBank":10,"Cauldron":24,"REME_HourglassOfDeath":43,"testmod-AssaultLearning":4,"REME_HandOfSuture":3,"DemoMod:Relodestone":54,"Black Star":17,"GodSword6":48,"AT_SunfireAegis":4,"FlyPower:ReiMu":0,"REME_ComplimentaryCards":0,"RuthlessExorcism:ReiMu":12,"DonationBox:ReiMu":34,"Meat on the Bone":40},{"AT_ATBox":0,"Dota2Spire:OrchidMalevolence":5,"DemoMod:GlassGuonStoneRelic":2,"ice":0,"vexMod:RockOfEvil":0,"Sling":10,"Lizard Tail":11,"HornCleat":4,"Dota2Spire:EyeOfSkadi":21,"Mastiff:ReiMu":3,"DemoMod:MonsterBlood":19,"Dota2Spire:BladeMail":19,"DemoMod:GnawedKey":2,"Red Mask":12,"testmod-InfectionSource":0,"Chemical X":5,"Dota2Spire:AssaultCuirass":17,"Toxic Egg 2":10,"InkBottle":22,"AT_ChloranthyRing":10,"Dota2Spire:HandOfMidas":24,"AT_RedTearstoneRing":2,"BargainBundle":2,"conspire:TreasureMap":11,"testmod-TestBox":0,"Frozen Egg 2":11,"MawBank":5,"Cauldron":10,"REME_HourglassOfDeath":19,"testmod-AssaultLearning":2,"REME_HandOfSuture":2,"DemoMod:Relodestone":24,"Black Star":6,"GodSword6":22,"AT_SunfireAegis":2,"FlyPower:ReiMu":0,"REME_ComplimentaryCards":0,"RuthlessExorcism:ReiMu":5,"DonationBox:ReiMu":14,"Meat on the Bone":19},{"AT_ATBox":0,"Dota2Spire:OrchidMalevolence":23,"DemoMod:GlassGuonStoneRelic":10,"ice":0,"vexMod:RockOfEvil":0,"Sling":44,"Lizard Tail":48,"HornCleat":18,"Dota2Spire:EyeOfSkadi":90,"Mastiff:ReiMu":16,"DemoMod:MonsterBlood":81,"Dota2Spire:BladeMail":81,"DemoMod:GnawedKey":10,"Red Mask":52,"testmod-InfectionSource":0,"Chemical X":23,"Dota2Spire:AssaultCuirass":76,"Toxic Egg 2":44,"InkBottle":95,"AT_ChloranthyRing":44,"Dota2Spire:HandOfMidas":104,"AT_RedTearstoneRing":10,"BargainBundle":10,"conspire:TreasureMap":48,"testmod-TestBox":0,"Frozen Egg 2":48,"MawBank":23,"Cauldron":44,"REME_HourglassOfDeath":81,"testmod-AssaultLearning":10,"REME_HandOfSuture":10,"DemoMod:Relodestone":104,"Black Star":28,"GodSword6":95,"AT_SunfireAegis":10,"FlyPower:ReiMu":0,"REME_ComplimentaryCards":0,"RuthlessExorcism:ReiMu":23,"DonationBox:ReiMu":63,"Meat on the Bone":81}],"InkBottle":[10],"Meat on the Bone":60},"card_choices":[{"not_picked":["Meditation:ReiMu","Enchanting:ReiMu"],"picked":"CareerPray:ReiMu","floor":1.0},{"not_picked":["AirManeuver:ReiMu","Mountainwind:ReiMu"],"picked":"FoulBorder2:ReiMu","floor":2.0},{"not_picked":["Intuition:ReiMu","YinYangSign:ReiMu"],"picked":"ManaGlint:ReiMu","floor":6},{"not_picked":["SubcavityInstant:ReiMu","TakeOff:ReiMu"],"picked":"Meditation:ReiMu","floor":7},{"not_picked":["PhosphorusFlame:ReiMu","SpringWay:ReiMu"],"picked":"OctopathBindingBorder2:ReiMu","floor":10},{"not_picked":["BlastKick2:ReiMu","Dreaming:ReiMu"],"picked":"DependentForm:ReiMu","floor":16},{"not_picked":["SpreadBorder2:ReiMu","SpringWay:ReiMu"],"picked":"SafetyPray:ReiMu+1","floor":18},{"not_picked":["ForcedLanding:ReiMu","EmergencyTakeOff:ReiMu"],"picked":"HakureiPhantom:ReiMu","floor":19},{"not_picked":["ShadowOfCrow2:ReiMu","Amulet:ReiMu"],"picked":"Conquer:ReiMu+1","floor":21},{"not_picked":["UpKicking:ReiMu","Amulet:ReiMu+1"],"picked":"MountainWay:ReiMu+1","floor":23},{"not_picked":["OctopathBindingBorder2:ReiMu+1","Conquer:ReiMu"],"picked":"RainPray2:ReiMu+1","floor":27},{"not_picked":["SubcavityInstant:ReiMu+1","Amulet:ReiMu+1"],"picked":"EmergencyTakeOff:ReiMu+1","floor":30},{"not_picked":["AlertArray:ReiMu+1","SafetyPray:ReiMu+1"],"picked":"NineCharacters:ReiMu+1","floor":31},{"not_picked":["OctopathSalyBorderN:ReiMu","BlastKick2:ReiMu"],"picked":"Dreaming:ReiMu","floor":33},{"not_picked":["CollectionFlower2:ReiMu+1","Conquer:ReiMu+1"],"picked":"InherentArray:ReiMu+1","floor":35},{"not_picked":["SpreadBorder2:ReiMu+1","Crusade:ReiMu"],"picked":"LearningPray:ReiMu+1","floor":36},{"not_picked":["TakeOff:ReiMu+1","SpiritualOutbreak2:ReiMu+1"],"picked":"SubAcupoint:ReiMu","floor":37},{"not_picked":["CareerPray:ReiMu+1","CollectionFlower2:ReiMu+1"],"picked":"KamiSacrifice:ReiMu+1","floor":38},{"not_picked":["ForcedLanding:ReiMu+1","SpringWay:ReiMu+1"],"picked":"MikOfLucky:ReiMu+1","floor":40},{"not_picked":["YinYang:ReiMu","CareerPray:ReiMu+1"],"picked":"AirManeuver:ReiMu+1","floor":44},{"not_picked":["CareerPray:ReiMu+1","RainPray2:ReiMu+1"],"picked":"Dreaming2:ReiMu+1","floor":45},{"not_picked":["FantasyBorder:ReiMu+1","Meditation:ReiMu+1"],"picked":"Intuition:ReiMu+1","floor":48},{"not_picked":["PrayRite:ReiMu+1","Determination:ReiMu"],"picked":"SubcavityFantasy:ReiMu+1","floor":50},{"not_picked":["SubAcupoint:ReiMu","ForcedLanding:ReiMu"],"picked":"SpringWay:ReiMu+1","floor":54}],"player_experience":549336,"relics_obtained":[{"floor":3.0,"key":"REME_HandOfSuture"},{"floor":6,"key":"Mastiff:ReiMu"},{"floor":9,"key":"HornCleat"},{"floor":10,"key":"MawBank"},{"floor":23,"key":"AT_ChloranthyRing"},{"floor":23,"key":"Toxic Egg 2"},{"floor":27,"key":"Frozen Egg 2"},{"floor":27,"key":"Lizard Tail"},{"floor":30,"key":"Red Mask"},{"floor":37,"key":"Dota2Spire:AssaultCuirass"},{"floor":40,"key":"Dota2Spire:BladeMail"},{"floor":40,"key":"Meat on the Bone"},{"floor":42,"key":"DemoMod:MonsterBlood"},{"floor":43,"key":"REME_HourglassOfDeath"},{"floor":48,"key":"InkBottle"},{"floor":48,"key":"GodSword6"},{"floor":54,"key":"Dota2Spire:HandOfMidas"},{"floor":54,"key":"DemoMod:Relodestone"}],"event_choices":[{"damage_healed":0,"gold_gain":0,"player_choice":"2 cards matched","damage_taken":0,"max_hp_gain":0,"max_hp_loss":0,"event_name":"Match and Keep!","floor":5,"gold_loss":0,"cards_obtained":["CollectionFlower2:ReiMu","NB:ReiMu"]},{"damage_healed":0,"gold_gain":400,"player_choice":"Sell","damage_taken":0,"max_hp_gain":0,"max_hp_loss":0,"event_name":"恩洛斯的盘子","floor":11,"relics_lost":["testmod-TestBox"],"gold_loss":0},{"damage_healed":0,"gold_gain":0,"player_choice":"Disagree","damage_taken":0,"max_hp_gain":0,"max_hp_loss":0,"event_name":"conspire:LoneGhost","floor":14,"gold_loss":0},{"damage_healed":0,"gold_gain":0,"player_choice":"Upgraded Two","damage_taken":0,"max_hp_gain":0,"max_hp_loss":0,"event_name":"Designer","floor":20,"gold_loss":40,"cards_upgraded":["SubcavityInstant:ReiMu","ManaGlint:ReiMu"]},{"damage_healed":0,"gold_gain":90,"player_choice":"CARD GOLD ","damage_taken":18,"max_hp_gain":0,"max_hp_loss":0,"event_name":"Knowing Skull","floor":22,"potions_obtained":[],"gold_loss":0,"cards_obtained":["AT_LightSaberMaster"]},{"damage_healed":0,"gold_gain":0,"player_choice":"Fought Bandits","damage_taken":0,"max_hp_gain":0,"max_hp_loss":0,"event_name":"Masked Bandits","floor":30,"gold_loss":0},{"damage_healed":0,"gold_gain":0,"player_choice":"Swap Relic","damage_taken":0,"relics_obtained":["testmod-TestBox"],"max_hp_gain":0,"max_hp_loss":0,"event_name":"给自己的盒子","floor":39,"relics_lost":["MawBank"],"gold_loss":0}],"is_beta":false,"boss_relics":[{"not_picked":["Replay:Ancient Bell","conspire:SlowCooker"],"picked":"Black Star"},{"not_picked":["Runic Pyramid","REME_LowDesire"],"picked":"DonationBox:ReiMu"}],"items_purged_floors":[4],"is_endless":false,"potions_floor_spawned":[2,7,16,21,23,31,37,38,45,50],"ascension_level":0}}