{"host":"y0wkltgt9g64tmdy","time":1608390827,"event":{"mods":["BaseMod","Marisa£®ÏF”Í°°ƒß¿Ì…≥£©","Minty Spire (QoL Compilation)","Reimu£®≤©¿ˆ¡È√Œ£©","Remilia£®¿Ÿ√◊¿Ú—«£©","Replay The Spire","Shop Mod","StSLib","The Bug Knight","The Gatherer","Waifu the Spire","Youmu£®ªÍ∆«—˝√Œ£©","[µÿæ´ ◊¡Ï≈¿À˛]The Maniac"],"gold_per_floor":[116,66,66,66,66,95,95,95,148,162,194,194,194,194],"floor_reached":13,"playtime":319,"items_purged":[],"score":120,"play_id":"13a7cd4a-a917-42ac-af3a-dff62b636d64","local_time":"20201219231347","is_ascension_mode":true,"campfire_choices":[{"data":"StarBarrage","floor":7,"key":"SMITH"},{"floor":12,"key":"REST"}],"circlet_count":0,"master_deck":["Strike_MRS","Strike_MRS","Strike_MRS","Defend_MRS","Defend_MRS","Defend_MRS","Defend_MRS","MasterSpark","StarBarrage+1","Regret","Languid","EventHorizon","SatelliteIllusion+1","DoubleSpark","AsteroidBelt"],"relics":["MiniHakkero","NeowsBlessing","Toy Ornithopter","Ring of Peace","Ring of Fangs","Snack Pack","Regal Pillow","ReplayFunnel"],"acts_visited":["Exordium"],"potions_floor_usage":[11,11],"damage_taken":[{"damage":0,"enemies":"Small Slimes","floor":1,"turns":1},{"damage":0,"enemies":"Replay:BlueRogue","floor":6,"turns":1},{"damage":0,"enemies":"Jaw Worm","floor":10,"turns":1},{"damage":30,"enemies":"3 Sentries","floor":11,"turns":9},{"damage":61,"enemies":"Gremlin Nob","floor":13,"turns":6}],"seed_played":"-4216123200777783414","potions_obtained":[{"floor":1,"key":"PowerPotion"},{"floor":6,"key":"Explosive Potion"},{"floor":10,"key":"Milkshake"}],"is_trial":false,"path_per_floor":["M","?","?","$","?","E","R","?","T","M","E","R","E"],"character_chosen":"MARISA","items_purchased":[],"campfire_rested":1,"item_purchase_floors":[],"current_hp_per_floor":[75,75,75,75,75,75,75,75,75,75,54,75,14,14],"gold":194,"neow_bonus":"THREE_ENEMY_KILL","is_daily":false,"chose_seed":false,"campfire_upgraded":1,"win_rate":0.0,"timestamp":1608390827,"path_taken":["M","?","?","?","?","E","R","?","T","M","E","R","E"],"items_purchased_type":[],"build_version":"2020-12-13","purchased_purges":0,"victory":false,"max_hp_per_floor":[75,75,75,75,75,75,75,75,75,75,75,75,75,75],"card_choices":[{"not_picked":["WitchOfGreed","ShootingEcho"],"picked":"StarBarrage","floor":1},{"not_picked":["OneTimeOff","MagicAbsorber"],"picked":"EventHorizon","floor":6},{"not_picked":["BlazingStar","DragonMeteor"],"picked":"DoubleSpark","floor":10},{"not_picked":["EnergyFlow","OpenUniverse"],"picked":"AsteroidBelt","floor":11}],"player_experience":85555,"relics_obtained":[{"floor":5,"key":"Ring of Peace"},{"floor":5,"key":"Ring of Fangs"},{"floor":6,"key":"Snack Pack"},{"floor":9,"key":"Regal Pillow"},{"floor":11,"key":"ReplayFunnel"}],"event_choices":[{"cards_removed":["Strike_MRS"],"damage_healed":0,"gold_gain":0,"player_choice":"Card Removal","damage_taken":0,"max_hp_gain":0,"max_hp_loss":0,"event_name":"The Cleric","floor":2,"gold_loss":50},{"damage_healed":0,"gold_gain":0,"player_choice":"Box","damage_taken":0,"relics_obtained":["Toy Ornithopter"],"max_hp_gain":0,"max_hp_loss":0,"event_name":"Big Fish","floor":3,"gold_loss":0,"cards_obtained":["Regret"]}],"is_beta":false,"boss_relics":[],"items_purged_floors":[],"is_endless":false,"potions_floor_spawned":[1,6,10],"killed_by":"Gremlin Nob","ascension_level":1}}