{"host":"qwp6882a7gaon7u5","time":1608372276,"event":{"mods":["BaseMod","BetterRewards","Minty Spire (QoL Compilation)","Red Circlet Mod","Replay The Spire","Spicy Shops","StSLib","Youmu£®ªÍ∆«—˝√Œ£©","°æ“≈ŒÔø®≈∆°øREMEMod"],"gold_per_floor":[115,130,141,203,203,231,231,241,264,284,284,284,284,309,259,378,378,393,393,110,125,148,148,191,191,216,301,301,301],"floor_reached":28,"playtime":1601,"items_purged":["Strike_YM","Injury","Replay:Hysterical Blindness"],"score":238,"play_id":"14424e69-a31b-4c23-b182-e6c3b5d0cbf7","local_time":"20201219180436","is_ascension_mode":false,"campfire_choices":[{"data":"HiganSword","floor":7,"key":"SMITH"},{"floor":11,"key":"REST"},{"data":"IrresoluteSoul","floor":23,"key":"SMITH"},{"data":"Seeing Red","floor":25,"key":"SMITH"}],"circlet_count":0,"master_deck":["Strike_YM","Strike_YM","Strike_YM","Defend_YM","Defend_YM","Defend_YM","SlashOfPresentWorld","WheelOfPainOfLivingAndDead","MatsuyoiReflectingSatelliteSlash","HiganSword+1","HellFireSword","CherryBlossomFlashing","FiveSignsOfTheDyingDeva","IrresoluteSoul+1","CherryBlossomFlashing","SlashOfPresentWorld","DoubleWheelOfPain+1","Replay:ManipulateFuture+1","Seeing Red+1"],"relics":["HalfPhantom","REME_ComplimentaryCards","Pantograph","Shuriken","ClockworkSouvenir","Bronze Scales","PrismaticShard","Nunchaku","Replay:Baseball","Golden Idol","Busted Crown","Toy Ornithopter","Orichalcum","Gremlin Food"],"acts_visited":["Exordium","TheCity"],"potions_floor_usage":[2,16,24],"damage_taken":[{"damage":3,"enemies":"Small Slimes","floor":1,"turns":5},{"damage":0,"enemies":"2 Louse","floor":2,"turns":3},{"damage":2,"enemies":"Cultist","floor":3,"turns":4},{"damage":6,"enemies":"Lagavulin","floor":6,"turns":5},{"damage":0,"enemies":"Large Slime","floor":8,"turns":5},{"damage":21,"enemies":"Lots of Slimes","floor":10,"turns":3},{"damage":2,"enemies":"Looter","floor":14,"turns":2},{"damage":45,"enemies":"Fading Forest","floor":16,"turns":11},{"damage":0,"enemies":"Chosen","floor":18,"turns":3},{"damage":9,"enemies":"3 Byrds","floor":21,"turns":4},{"damage":26,"enemies":"Cultist and Chosen","floor":22,"turns":5},{"damage":5,"enemies":"Replay:Snechameleon","floor":24,"turns":5},{"damage":9,"enemies":"Snake Plant","floor":28,"turns":1}],"seed_played":"-7892302715466556400","potions_obtained":[{"floor":2,"key":"BlessingOfTheForge"},{"floor":10,"key":"CausticAgent"},{"floor":16,"key":"PowerPotion"},{"floor":18,"key":"ColorlessPotion"},{"floor":24,"key":"Adrenaline Potion"}],"is_trial":false,"path_per_floor":["M","M","M","?","?","E","R","M","T","M","R","?","?","M","R","B",null,"M","?","$","M","M","R","E","R","T","?","M"],"character_chosen":"YOUMU","items_purchased":["Pantograph","Shuriken","ClockworkSouvenir","Bronze Scales","Strength Potion","AttackPotion","DoubleWheelOfPain+1"],"campfire_rested":1,"item_purchase_floors":[0,0,0,0,0,0,20],"current_hp_per_floor":[37,37,35,35,35,29,29,29,29,8,30,30,35,33,33,13,80,80,80,80,71,45,45,40,40,40,8,0,0],"gold":301,"neow_bonus":"","is_daily":false,"chose_seed":false,"campfire_upgraded":3,"win_rate":0.0,"timestamp":1608372276,"path_taken":["M","M","M","?","?","E","R","M","T","M","R","?","?","M","R","BOSS","M","?","$","?","M","R","E","R","T","?","M"],"items_purchased_type":["Relic","Relic","Relic","Relic","Potion","Potion","Card"],"build_version":"2020-12-13","purchased_purges":3,"victory":false,"max_hp_per_floor":[75,75,75,75,75,75,75,75,75,75,75,75,80,80,80,80,80,80,80,80,80,80,80,80,80,80,80,80,80],"card_choices":[{"not_picked":["FlashingScatteredFlowers","SpiritCuttingSword"],"picked":"HiganSword","floor":1},{"not_picked":["SlashOfAscensionToBuddhahood","PretaSword"],"picked":"HellFireSword","floor":2},{"not_picked":["TransmigrationSlash","SanzenSekai"],"picked":"CherryBlossomFlashing","floor":3},{"not_picked":["ReplayReversal","Reckless Charge","Heavy Blade"],"picked":"SKIP","floor":6},{"not_picked":["Pray","SwordOfBindingDesires"],"picked":"FiveSignsOfTheDyingDeva","floor":8},{"not_picked":["FlurryOfBlows","Creative AI","Sunder"],"picked":"SKIP","floor":10},{"not_picked":["Sword Boomerang","All Out Attack","ThirdEye"],"picked":"SKIP","floor":14},{"not_picked":["Glass Knife","Grand Finale"],"picked":"IrresoluteSoul","floor":16},{"not_picked":[],"picked":"CherryBlossomFlashing","floor":18},{"not_picked":[],"picked":"Replay:ManipulateFuture+1","floor":21},{"not_picked":["Slice"],"picked":"SKIP","floor":22},{"not_picked":[],"picked":"Seeing Red","floor":24}],"player_experience":143532,"relics_obtained":[{"floor":6,"key":"Nunchaku"},{"floor":9,"key":"Replay:Baseball"},{"floor":24,"key":"Toy Ornithopter"},{"floor":26,"key":"Orichalcum"},{"floor":27,"key":"Gremlin Food"}],"event_choices":[{"damage_healed":0,"gold_gain":62,"player_choice":"Gained Gold","damage_taken":0,"max_hp_gain":0,"max_hp_loss":0,"event_name":"Golden Wing","floor":4,"gold_loss":0},{"damage_healed":0,"gold_gain":0,"player_choice":"Take Wound","damage_taken":0,"relics_obtained":["Golden Idol"],"max_hp_gain":0,"max_hp_loss":0,"event_name":"Golden Idol","floor":12,"gold_loss":0,"cards_obtained":["Injury"]},{"damage_healed":0,"gold_gain":0,"player_choice":"Donut","damage_taken":0,"max_hp_gain":5,"max_hp_loss":0,"event_name":"Big Fish","floor":13,"gold_loss":0},{"cards_removed":["Defend_YM"],"damage_healed":0,"gold_gain":0,"player_choice":"Card Removal","damage_taken":0,"max_hp_gain":0,"max_hp_loss":0,"event_name":"The Cleric","floor":15,"gold_loss":50},{"damage_healed":0,"gold_gain":0,"player_choice":"Copied","damage_taken":0,"max_hp_gain":0,"max_hp_loss":0,"event_name":"Duplicator","floor":19,"gold_loss":0,"cards_obtained":["SlashOfPresentWorld"]}],"is_beta":false,"boss_relics":[{"not_picked":["Runic Pyramid","SacredBark"],"picked":"Busted Crown"}],"items_purged_floors":[0,20,20],"is_endless":false,"potions_floor_spawned":[2,10,16,18,24],"killed_by":"Snake Plant","ascension_level":0}}