{"host":"utqe55yv0jihe4d6","time":1608398806,"event":{"mods":["2.2 Compatiblity","AchievementEnabler","BaseMod","Block Reminder","Colored Map","Colored Powertips","Minty Spire (QoL Compilation)","Quick Restart","Rare Cards Sparkle","Relic Stats","SuperFastMode"],"gold_per_floor":[109,161,198,70,70,134,134,217,217,271,271,305,305,365,365,511,511,532,532,595,619,13,66,86,86,86,86,86],"floor_reached":27,"playtime":1222,"items_purged":["Writhe","Strike_G"],"score":454,"play_id":"87a9ba65-61d9-43b9-b360-84f1dd786f17","local_time":"20201219122646","is_ascension_mode":true,"campfire_choices":[{"floor":11.0,"key":"REST"},{"floor":13.0,"key":"REST"},{"floor":15.0,"key":"REST"},{"floor":25,"key":"REST"}],"circlet_count":0,"master_deck":["AscendersBane","Strike_G","Strike_G","Strike_G","Strike_G","Defend_G","Defend_G","Defend_G","Defend_G","Defend_G","Survivor","Neutralize","HandOfGreed","Footwork","Dagger Spray","Quick Slash","Venomology","Skewer","Backstab","Malaise","Malaise","Sucker Punch+1","Footwork"],"relics":["Ring of the Snake","Golden Idol","Akabeko","Question Card","Unceasing Top","SacredBark","Lee\u0027s Waffle","Letter Opener","Ice Cream"],"acts_visited":["Exordium","TheCity"],"potions_floor_usage":[16,16,18,20,21,21,21,23,23,24,24,24,27,27],"damage_taken":[{"damage":7.0,"enemies":"Jaw Worm","floor":1.0,"turns":5.0},{"damage":4.0,"enemies":"Small Slimes","floor":2.0,"turns":6.0},{"damage":0.0,"enemies":"Cultist","floor":3.0,"turns":3.0},{"damage":30.0,"enemies":"3 Sentries","floor":6.0,"turns":7.0},{"damage":4.0,"enemies":"Lots of Slimes","floor":8.0,"turns":7.0},{"damage":1.0,"enemies":"Large Slime","floor":10.0,"turns":10.0},{"damage":3.0,"enemies":"Looter","floor":12.0,"turns":3.0},{"damage":34.0,"enemies":"Lagavulin","floor":14.0,"turns":11.0},{"damage":29,"enemies":"Slime Boss","floor":16,"turns":10},{"damage":0,"enemies":"Chosen","floor":18,"turns":1},{"damage":33,"enemies":"3 Byrds","floor":20,"turns":10},{"damage":9,"enemies":"Centurion and Healer","floor":21,"turns":2},{"damage":30,"enemies":"Shelled Parasite and Fungi","floor":23,"turns":12},{"damage":16,"enemies":"Chosen and Byrds","floor":24,"turns":4},{"damage":45,"enemies":"Gremlin Leader","floor":27,"turns":4}],"seed_played":"-4474192726503569","potions_obtained":[{"floor":8.0,"key":"Dexterity Potion"},{"floor":10.0,"key":"Ancient Potion"},{"floor":14.0,"key":"FearPotion"},{"floor":16,"key":"SteroidPotion"},{"floor":19,"key":"BlessingOfTheForge"},{"floor":19,"key":"FearPotion"},{"floor":21,"key":"Swift Potion"},{"floor":23,"key":"FearPotion"},{"floor":24,"key":"FearPotion"}],"is_trial":false,"path_per_floor":["M","M","M","$","?","E","?","M","T","M","R","M","R","E","R","B",null,"M","?","M","M","$","M","M","R","T","E"],"character_chosen":"THE_SILENT","items_purchased":["PowerPotion","Lee\u0027s Waffle","Letter Opener","Block Potion"],"campfire_rested":4,"item_purchase_floors":[4,22,22,22],"current_hp_per_floor":[52,48,48,48,48,18,18,14,14,13,31,28,46,12,30,1,45,45,45,12,3,67,37,21,41,41,0,0],"gold":86,"neow_bonus":"RANDOM_COLORLESS_2","is_daily":false,"chose_seed":false,"campfire_upgraded":0,"win_rate":0.0,"timestamp":1608398806,"path_taken":["M","M","M","$","?","E","?","M","T","M","R","M","R","E","R","BOSS","M","?","?","M","$","M","M","R","T","E"],"items_purchased_type":["Potion","Relic","Relic","Potion"],"build_version":"2020-12-13","purchased_purges":2,"victory":false,"max_hp_per_floor":[66,66,66,66,60,60,60,60,60,60,60,60,60,60,60,60,60,60,60,60,60,67,67,67,67,67,67,67],"relic_stats":{"Lee\u0027s Waffle":64,"counters":[15,95],"Golden Idol":68,"Letter Opener":[5],"Question Card":9,"obtain_stats":[{"Ice Cream":26,"Lee\u0027s Waffle":22,"Golden Idol":5,"SacredBark":17,"Letter Opener":22,"Question Card":9,"Akabeko":6,"Unceasing Top":14,"Ring of the Snake":0},{"Ice Cream":14,"Lee\u0027s Waffle":12,"Golden Idol":3,"SacredBark":9,"Letter Opener":12,"Question Card":5,"Akabeko":4,"Unceasing Top":8,"Ring of the Snake":0},{"Ice Cream":91,"Lee\u0027s Waffle":75,"Golden Idol":14,"SacredBark":62,"Letter Opener":75,"Question Card":28,"Akabeko":21,"Unceasing Top":52,"Ring of the Snake":0}],"Unceasing Top":[0],"Ring of the Snake":[30]},"card_choices":[{"not_picked":["Secret Technique","Metamorphosis"],"picked":"HandOfGreed","floor":0.0},{"not_picked":["Underhanded Strike","Backflip"],"picked":"Footwork","floor":1.0},{"not_picked":["Outmaneuver","Cloak And Dagger"],"picked":"Dagger Spray","floor":2.0},{"not_picked":["Choke","Caltrops"],"picked":"Quick Slash","floor":3.0},{"not_picked":["Slice","Deflect","Underhanded Strike"],"picked":"SKIP","floor":6.0},{"not_picked":["All Out Attack","Tactician"],"picked":"Venomology","floor":8.0},{"not_picked":["Setup","PiercingWail","Infinite Blades","Deadly Poison"],"picked":"SKIP","floor":10.0},{"not_picked":["All Out Attack","Quick Slash","PiercingWail"],"picked":"Skewer","floor":12.0},{"not_picked":["Skewer","Finisher","Reflex"],"picked":"Backstab","floor":14.0},{"not_picked":["Burst","Venomology","Storm of Steel"],"picked":"Malaise","floor":16},{"not_picked":["Expertise","Bane","Prepared","Sucker Punch"],"picked":"SKIP","floor":18},{"not_picked":["Cloak And Dagger","Slice","Deadly Poison","Quick Slash"],"picked":"SKIP","floor":20},{"not_picked":["Prepared","Quick Slash","Crippling Poison"],"picked":"Malaise","floor":21},{"not_picked":["Poisoned Stab","Tactician+1","Backflip"],"picked":"Sucker Punch+1","floor":23},{"not_picked":["Quick Slash+1","Acrobatics","Outmaneuver"],"picked":"Footwork","floor":24}],"player_experience":2806274,"relics_obtained":[{"floor":6.0,"key":"Akabeko"},{"floor":9.0,"key":"Question Card"},{"floor":14.0,"key":"Unceasing Top"},{"floor":26,"key":"Ice Cream"}],"event_choices":[{"damage_healed":0.0,"max_hp_gain":0.0,"max_hp_loss":6.0,"gold_gain":0.0,"event_name":"Golden Idol","player_choice":"Lose Max HP","floor":5.0,"gold_loss":0.0,"damage_taken":0.0,"relics_obtained":["Golden Idol"]},{"damage_healed":0.0,"max_hp_gain":0.0,"max_hp_loss":0.0,"gold_gain":0.0,"event_name":"Match and Keep!","player_choice":"0 cards matched","floor":7.0,"gold_loss":0.0,"damage_taken":0.0,"cards_obtained":[]},{"damage_healed":0,"gold_gain":0,"player_choice":"Got Potions","damage_taken":0,"max_hp_gain":0,"max_hp_loss":0,"event_name":"Lab","floor":19,"gold_loss":0}],"is_beta":false,"boss_relics":[{"not_picked":["Philosopher\u0027s Stone","Pandora\u0027s Box"],"picked":"SacredBark"}],"items_purged_floors":[4,22],"is_endless":false,"potions_floor_spawned":[8,10,12,14,16,21,23,24],"killed_by":"Gremlin Leader","ascension_level":20}}