{"host":"d9m9v0h6vo0edadb","time":1608394197,"event":{"mods":["BaseMod","Hermit","Keyboard Shortcuts","Minty Spire (QoL Compilation)","StSLib","SuperFastMode","The Cursed"],"gold_per_floor":[117,117,132,132,132,166,166,193,193,223,148,181,21,38,38,116,116,135,135,135,135,135],"floor_reached":21,"playtime":250,"items_purged":["Strike_R"],"score":456,"play_id":"88ecdead-8894-4693-8776-e5f8c67b7473","local_time":"20201220010957","is_ascension_mode":true,"campfire_choices":[{"data":"Shockwave","floor":7.0,"key":"SMITH"},{"data":"Searing Blow","floor":15.0,"key":"SMITH"}],"circlet_count":0,"master_deck":["AscendersBane","Strike_R","Strike_R","Defend_R","Defend_R","Defend_R","Defend_R","Bash","Cleave","Shrug It Off","Sever Soul","Shockwave+1","Reckless Charge","Searing Blow+1","Feed","CurseOfTheBell","Spot Weakness","Decay"],"relics":["Burning Blood","NeowsBlessing","Oddly Smooth Stone","PreservedInsect","InkBottle","Singing Bowl","MealTicket","Membership Card","Calling Bell","Boot","Blue Candle","Bird Faced Urn"],"acts_visited":["Exordium","TheCity"],"potions_floor_usage":[16,16],"damage_taken":[{"damage":0.0,"enemies":"Small Slimes","floor":1.0,"turns":1.0},{"damage":0.0,"enemies":"Jaw Worm","floor":3.0,"turns":1.0},{"damage":0.0,"enemies":"Gremlin Nob","floor":6.0,"turns":1.0},{"damage":34.0,"enemies":"3 Sentries","floor":8.0,"turns":8.0},{"damage":9.0,"enemies":"Lagavulin","floor":10.0,"turns":4.0},{"damage":12.0,"enemies":"3 Sentries","floor":12.0,"turns":4.0},{"damage":0.0,"enemies":"2 Louse","floor":14.0,"turns":2.0},{"damage":36,"enemies":"Slime Boss","floor":16,"turns":7},{"damage":38,"enemies":"Spheric Guardian","floor":18,"turns":5},{"damage":13,"enemies":"3 Byrds","floor":21,"turns":3}],"seed_played":"1920119211614370653","potions_obtained":[{"floor":6.0,"key":"FearPotion"},{"floor":8.0,"key":"DuplicationPotion"},{"floor":10.0,"key":"BlessingOfTheForge"},{"floor":12.0,"key":"DistilledChaos"}],"is_trial":false,"path_per_floor":["M","?","M","?","?","E","R","E","T","E","$","E","$","M","R","B",null,"M","?","?","M"],"character_chosen":"IRONCLAD","items_purchased":["Membership Card"],"campfire_rested":0,"item_purchase_floors":[13],"current_hp_per_floor":[74,74,75,75,68,74,74,46,46,45,45,39,54,62,62,32,67,38,38,38,25,25],"gold":135,"neow_bonus":"THREE_ENEMY_KILL","is_daily":false,"chose_seed":false,"campfire_upgraded":2,"win_rate":0.0,"timestamp":1608394197,"path_taken":["M","?","M","?","?","E","R","E","T","E","$","E","$","M","R","BOSS","M","?","?","M"],"items_purchased_type":["Relic"],"build_version":"2020-12-13","purchased_purges":1,"victory":false,"max_hp_per_floor":[75,75,75,75,75,75,75,75,75,77,77,77,77,79,79,79,79,82,82,82,82,82],"card_choices":[{"not_picked":["Anger","Burning Pact"],"picked":"Cleave","floor":1.0},{"not_picked":["Flex","Warcry"],"picked":"Shrug It Off","floor":3.0},{"not_picked":["Sentinel","Flame Barrier"],"picked":"Shockwave","floor":6.0},{"not_picked":["Brutality","Flex"],"picked":"Reckless Charge","floor":8.0},{"not_picked":["Cleave","Pommel Strike","Havoc"],"picked":"Singing Bowl","floor":10.0},{"not_picked":["Sentinel","Hemokinesis"],"picked":"Searing Blow","floor":12.0},{"not_picked":["Anger","Dark Embrace","Clothesline"],"picked":"Singing Bowl","floor":14.0},{"not_picked":["Barricade","Demon Form"],"picked":"Feed","floor":16},{"not_picked":["Uppercut","Seeing Red"],"picked":"Spot Weakness","floor":18}],"player_experience":939286,"relics_obtained":[{"floor":6.0,"key":"Oddly Smooth Stone"},{"floor":8.0,"key":"PreservedInsect"},{"floor":9.0,"key":"InkBottle"},{"floor":10.0,"key":"Singing Bowl"},{"floor":12.0,"key":"MealTicket"},{"floor":17,"key":"Boot"},{"floor":17,"key":"Blue Candle"},{"floor":17,"key":"Bird Faced Urn"}],"event_choices":[{"damage_healed":0.0,"max_hp_gain":0.0,"max_hp_loss":0.0,"gold_gain":0.0,"event_name":"Liars Game","player_choice":"Ignored","floor":2.0,"gold_loss":0.0,"damage_taken":0.0},{"damage_healed":0.0,"max_hp_gain":0.0,"max_hp_loss":0.0,"gold_gain":0.0,"cards_transformed":["Strike_R"],"event_name":"Living Wall","player_choice":"Change","floor":4.0,"gold_loss":0.0,"damage_taken":0.0,"cards_obtained":["Sever Soul"]},{"cards_removed":["Strike_R"],"damage_healed":0.0,"max_hp_gain":0.0,"max_hp_loss":0.0,"gold_gain":0.0,"event_name":"Golden Wing","player_choice":"Card Removal","floor":5.0,"gold_loss":0.0,"damage_taken":7.0},{"damage_healed":0,"gold_gain":0,"player_choice":"Smashed Altar","damage_taken":0,"max_hp_gain":0,"max_hp_loss":0,"event_name":"Forgotten Altar","floor":19,"gold_loss":0,"cards_obtained":["Decay"]},{"damage_healed":0,"gold_gain":0,"player_choice":"Ignored","damage_taken":0,"max_hp_gain":0,"max_hp_loss":0,"event_name":"Ghosts","floor":20,"gold_loss":0}],"is_beta":false,"boss_relics":[{"not_picked":["Fusion Hammer","Black Star"],"picked":"Calling Bell"}],"items_purged_floors":[11],"is_endless":false,"potions_floor_spawned":[6,8,10,12],"killed_by":"3 Byrds","ascension_level":20}}