{"host":"l4li6saph8sy2zni","time":1608411553,"event":{"mods":["AchievementEnabler","Aspiration","BaseMod","BetterRewards","CCEM","Colored Map","Colored Powertips","Conspire","Downfall","Energized Spire","GifTheSpireLib","Highlight Path","Hubris","Infinite Spire","Mimic Mod","Minty Spire (QoL Compilation)","Permanent Neow","Quick Restart","Relic Filter","Replay The Spire","Shop Mod","StSLib","Stuff the Spire","The Hierophant"],"gold_per_floor":[99,116,116,127,146,146,173,184,217,217,233,233,233,233,226,206,206],"floor_reached":16,"playtime":753,"items_purged":[],"score":152,"play_id":"57c58038-9e2d-43d1-b6e2-a60d7ec0fbd5","local_time":"20201219205913","is_ascension_mode":false,"campfire_choices":[{"data":"hierophant:Punish","floor":1,"key":"SMITH"},{"floor":10,"key":"REST"}],"circlet_count":0,"master_deck":["conspire:GhostlyStrike","conspire:GhostlyStrike","conspire:GhostlyStrike","conspire:GhostlyStrike","hierophant:Punish+1","conspire:GhostlyDefend+1","conspire:GhostlyDefend","conspire:GhostlyDefend","conspire:GhostlyDefend","hierophant:ChurchCoffers+1","hierophant:ThreeLashes","Regret","hierophant:Patience","hierophant:MorningPrayer","hierophant:RepressedViolence","hierophant:Determination","hierophant:DisplayOfPower","infinitespire:FinalStrike","hierophant:OrnateBuckler"],"relics":["hierophant:PropheticMaskRelic","StuffTheSpire:RedRose","Gremlin Food","Peace Pipe","downfall:BrokenWingStatue"],"acts_visited":["Exordium"],"potions_floor_usage":[],"damage_taken":[{"damage":0,"enemies":"2 Louse","floor":2,"turns":1},{"damage":2,"enemies":"Jaw Worm","floor":4,"turns":2},{"damage":3,"enemies":"Cultist","floor":5,"turns":2},{"damage":6,"enemies":"3 Louse","floor":8,"turns":2},{"damage":30,"enemies":"3 Sentries","floor":9,"turns":8},{"damage":5,"enemies":"2 Fungi Beasts","floor":11,"turns":3},{"damage":0,"enemies":"Blue Slaver","floor":15,"turns":2},{"damage":39,"enemies":"downfall:Watcher","floor":16,"turns":6}],"seed_played":"-6737332295610078045","potions_obtained":[{"floor":4,"key":"Elixir"},{"floor":5,"key":"Reflective Coating"}],"is_trial":false,"path_per_floor":["R_BF","M","?","M","M","?","T","M","E","R","M","?","?","?","M","B"],"character_chosen":"HIEROPHANT","items_purchased":[],"campfire_rested":1,"item_purchase_floors":[],"current_hp_per_floor":[75,75,75,73,70,70,70,64,34,56,57,39,39,39,39,0,0],"gold":206,"neow_bonus":"UPGRADE_CARD","is_daily":false,"chose_seed":false,"campfire_upgraded":1,"win_rate":0.0,"timestamp":1608411553,"path_taken":["R_BF","M","?","M","M","?","T","?","E","R","M","?","?","?","M","BOSS"],"items_purchased_type":[],"build_version":"2020-12-13","purchased_purges":0,"victory":false,"max_hp_per_floor":[75,75,75,75,75,75,75,75,75,75,75,75,75,75,75,75,75],"card_choices":[{"not_picked":["hierophant:Zeal","hierophant:Doomsaying"],"picked":"hierophant:ThreeLashes","floor":2},{"not_picked":["hierophant:Upheaval","hierophant:MorningPrayer"],"picked":"hierophant:Patience","floor":4},{"not_picked":["hierophant:RecallFunds","hierophant:Purify"],"picked":"hierophant:MorningPrayer","floor":5},{"not_picked":["hierophant:Zeal","hierophant:RustyCrate"],"picked":"hierophant:RepressedViolence","floor":8},{"not_picked":["hierophant:Encroach","hierophant:MorningPrayer"],"picked":"hierophant:Determination","floor":9},{"not_picked":["hierophant:RustyCrate","hierophant:Encroach"],"picked":"hierophant:DisplayOfPower","floor":11},{"not_picked":["infinitespire:Collect","infinitespire:SealOfDarkness+"],"picked":"infinitespire:FinalStrike","floor":12},{"not_picked":["hierophant:Shelter","hierophant:AuricBeam"],"picked":"hierophant:OrnateBuckler","floor":15}],"player_experience":89890,"relics_obtained":[{"floor":7,"key":"Gremlin Food"},{"floor":9,"key":"Peace Pipe"}],"event_choices":[{"damage_healed":0,"gold_gain":0,"player_choice":"Agree","damage_taken":0,"max_hp_gain":0,"max_hp_loss":0,"event_name":"conspire:LoneGhost","floor":14,"gold_loss":0}],"is_beta":false,"boss_relics":[],"items_purged_floors":[],"is_endless":false,"potions_floor_spawned":[4,5],"killed_by":"downfall:Watcher","ascension_level":0}}