{"host":"mn5ze3eyhx81nlo2","time":1608391286,"event":{"mods":["BaseMod","Block Reminder","Challenge The Spire","Downfall","Hermit","Hubris","Infinite Spire","Minty Spire (QoL Compilation)","Quick Restart","Replay The Spire","Shade Mod","StSLib","The Cursed","The Druid","The Hierophant","The Runesmith","Unceasing Turn Reminder"],"gold_per_floor":[99,8,42,42,52,52,52,77,2,28,28,38,0,17,32,32,32],"floor_reached":16,"playtime":835,"items_purged":[],"score":124,"play_id":"4877d197-88af-44da-bbf6-92b79630fb21","local_time":"20201219152126","is_ascension_mode":true,"campfire_choices":[{"floor":1.0,"key":"RECALL"},{"data":"Slimebound:Grow","floor":4.0,"key":"SMITH"},{"floor":9,"key":"REST"}],"circlet_count":0,"master_deck":["Slimebound:Strike_Slimebound","Slimebound:Strike_Slimebound","Slimebound:Strike_Slimebound","Slimebound:Tackle","Slimebound:Defend_Slimebound","Slimebound:Defend_Slimebound","Slimebound:Defend_Slimebound","Slimebound:Defend_Slimebound","Slimebound:Split","Slimebound:CorrosiveSpit","Slimebound:Grow+1","Slimebound:PressTheAttack","Slimebound:SplitMire","Slimebound:GoopTackle","Slimebound:FlameTackle","Slimebound:ViciousTackle","Slimebound:RollThrough","Slimebound:LeadByExample"],"relics":["Slimebound:AbsorbEndCombat","Dream Catcher","Pet Ghost","downfall:BrokenWingStatue","hubris:OldNail","downfall:HeartBlessingRed","Oddly Smooth Stone","Slimebound:GreedOozeRelic"],"acts_visited":["Exordium"],"potions_floor_usage":[8],"damage_taken":[{"damage":15.0,"enemies":"downfall:FleeingMerchant","floor":2.0,"turns":4.0},{"damage":51.0,"enemies":"Lagavulin","floor":3.0,"turns":7.0},{"damage":9.0,"enemies":"Cultist","floor":5.0,"turns":3.0},{"damage":23,"enemies":"3 Sentries","floor":8,"turns":7},{"damage":40,"enemies":"Lagavulin","floor":10,"turns":6},{"damage":7,"enemies":"Jaw Worm","floor":12,"turns":3},{"damage":23,"enemies":"downfall:FleeingMerchant","floor":13,"turns":4},{"damage":6,"enemies":"2 Louse","floor":14,"turns":1},{"damage":4,"enemies":"Exordium Wildlife","floor":15,"turns":2},{"damage":78,"enemies":"downfall:Ironclad","floor":16,"turns":6}],"seed_played":"-4745520251755171268","potions_obtained":[{"floor":3.0,"key":"GamblersBrew"},{"floor":15,"key":"Slimebound:SpawnSlimePotion"}],"is_trial":false,"path_per_floor":["R","$","E","R","M","?","T","E","R","E","?","M","$","M","M","B"],"character_chosen":"SLIMEBOUND","items_purchased":["Slimebound:Grow","Slimebound:ViciousTackle"],"campfire_rested":1,"item_purchase_floors":[2,13],"current_hp_per_floor":[60,60,36,36,31,31,31,28,46,38,38,43,52,46,50,0,0],"gold":32,"neow_bonus":"RANDOM_COMMON_RELIC","is_daily":false,"chose_seed":false,"campfire_upgraded":1,"win_rate":0.0,"timestamp":1608391286,"path_taken":["R","$","E","R","M","?","T","E","R","E","?","M","$","M","M","BOSS"],"items_purchased_type":["Card","Card"],"build_version":"2020-12-13","purchased_purges":0,"victory":false,"max_hp_per_floor":[60,60,60,60,60,60,60,60,60,60,60,60,60,60,60,60,60],"card_choices":[{"not_picked":["Slimebound:SlimeSpikes","Slimebound:LeechingTouch","Slimebound:GrowthPunch"],"picked":"SKIP","floor":2.0},{"not_picked":["Slimebound:FormOfPuddle","Slimebound:SlimeBrawl"],"picked":"Slimebound:PressTheAttack","floor":3.0},{"not_picked":["Slimebound:ViciousTackle","Slimebound:SplitAcid"],"picked":"Slimebound:SplitMire","floor":5.0},{"not_picked":["Slimebound:LeechingTouch","Slimebound:Gluttony","Slimebound:GrowthPunch"],"picked":"SKIP","floor":8},{"not_picked":["Slimebound:FinishingTackle","Slimebound:GoopSpray"],"picked":"Slimebound:GoopTackle","floor":10},{"not_picked":["Slimebound:LeechingTouch","Slimebound:GrowthPunch","Slimebound:Schlurp"],"picked":"SKIP","floor":12},{"not_picked":["Slimebound:MassRepurpose","Slimebound:LeechingTouch"],"picked":"Slimebound:FlameTackle","floor":13},{"not_picked":["Slimebound:LeechingTouch","Slimebound:PressTheAttack"],"picked":"Slimebound:RollThrough","floor":14},{"not_picked":["Slimebound:ComboTackle","Slimebound:LeechingTouch"],"picked":"Slimebound:LeadByExample","floor":15}],"player_experience":910990,"relics_obtained":[{"floor":3.0,"key":"Pet Ghost"},{"floor":8,"key":"hubris:OldNail"},{"floor":10,"key":"Oddly Smooth Stone"}],"event_choices":[],"is_beta":false,"boss_relics":[],"items_purged_floors":[],"is_endless":false,"potions_floor_spawned":[3,15],"killed_by":"downfall:Ironclad","ascension_level":1}}