{"host":"0kaxg9rjckhp4v2r","time":1608372618,"event":{"mods":["AchievementEnabler","BaseMod","Bestiary","Better Altar","Better Match","Better Note","Better Sensory Stone","Better Silent Start","Better Skull","Better Third Choice","Better-Laid Plans","Colored Powertips","Disable Question Mark Monsters","Emptier Cage","Minty Spire (QoL Compilation)","Quick Restart","SacredBarkPlus","StSLib","The Dragon Tamer","Unceasing Turn Reminder","yUi"],"gold_per_floor":[113,129,6,6,6,40,40,56,56,66,100,115,115,131,131,236,236,251,251,46,46,46,46,61,61,85,49,49,61,160,67,67,168,218,231,1230,819,837,310,340,340,340,340,340,354,366,65,77,77,77],"floor_reached":51,"playtime":1828,"items_purged":["Strike_R","Normality","Normality"],"score":1023,"play_id":"bef8e367-6283-4d5d-b84f-87424507b79c","local_time":"20201219051018","is_ascension_mode":true,"campfire_choices":[{"data":"Iron Wave","floor":7.0,"key":"SMITH"},{"data":"Uppercut","floor":13.0,"key":"SMITH"},{"data":"Disarm","floor":15.0,"key":"SMITH"},{"data":"Armaments","floor":23.0,"key":"SMITH"},{"floor":25,"key":"DIG"},{"floor":28,"key":"DIG"},{"data":"Enlightenment","floor":32,"key":"SMITH"},{"floor":41,"key":"DIG"},{"data":"Limit Break","floor":49,"key":"SMITH"}],"circlet_count":0,"master_deck":["Strike_R","Strike_R","Strike_R","Defend_R","Defend_R","Defend_R","Bash+1","Battle Trance","Twin Strike","Clash+1","Iron Wave+1","Disarm+1","Uppercut+1","Demon Form","Feed","Armaments+1","Thunderclap","Evolve+1","Dropkick","Entrench+1","Enlightenment+1","Limit Break+1","Seeing Red","Shrug It Off+1","Whirlwind+1","Headbutt","Finesse","Secret Technique","Heavy Blade+1","Havoc+1","Barricade","Ghostly Armor+1","Rage+1","Anger"],"relics":["Burning Blood","Nunchaku","Mummified Hand","Letter Opener","Shovel","Coffee Dripper","Blood Vial","Sling","Vajra","Bag of Marbles","Bottled Flame","Tiny House","Magic Flower","Kunai","ClockworkSouvenir","Oddly Smooth Stone","Pen Nib","Eternal Feather","Orrery","Red Skull"],"acts_visited":["Exordium","TheCity","TheBeyond"],"potions_floor_usage":[33,33,35,40,46,50,50],"damage_taken":[{"damage":0.0,"enemies":"Cultist","floor":1.0,"turns":4.0},{"damage":7.0,"enemies":"Jaw Worm","floor":2.0,"turns":3.0},{"damage":25.0,"enemies":"Lagavulin","floor":6.0,"turns":6.0},{"damage":0.0,"enemies":"2 Louse","floor":8.0,"turns":2.0},{"damage":1.0,"enemies":"2 Fungi Beasts","floor":10.0,"turns":3.0},{"damage":17.0,"enemies":"3 Sentries","floor":11.0,"turns":8.0},{"damage":11.0,"enemies":"Large Slime","floor":12.0,"turns":6.0},{"damage":9.0,"enemies":"Blue Slaver","floor":14.0,"turns":4.0},{"damage":3.0,"enemies":"The Guardian","floor":16.0,"turns":8.0},{"damage":0.0,"enemies":"Chosen","floor":18.0,"turns":3.0},{"damage":6,"enemies":"2 Thieves","floor":24,"turns":3},{"damage":12,"enemies":"Snake Plant","floor":29,"turns":5},{"damage":77,"enemies":"Automaton","floor":33,"turns":9},{"damage":8,"enemies":"3 Darklings","floor":35,"turns":4},{"damage":1,"enemies":"3 Shapes","floor":38,"turns":9},{"damage":17,"enemies":"Giant Head","floor":40,"turns":5},{"damage":30,"enemies":"Writhing Mass","floor":45,"turns":6},{"damage":18,"enemies":"3 Darklings","floor":46,"turns":4},{"damage":25,"enemies":"Spire Growth","floor":48,"turns":5},{"damage":42,"enemies":"Donu and Deca","floor":50,"turns":9}],"seed_played":"-453512922322964499","potions_obtained":[{"floor":1.0,"key":"PowerPotion"},{"floor":10.0,"key":"BlessingOfTheForge"},{"floor":11.0,"key":"FairyPotion"},{"floor":12.0,"key":"GamblersBrew"},{"floor":33,"key":"AttackPotion"},{"floor":34,"key":"SkillPotion"},{"floor":38,"key":"Dexterity Potion"},{"floor":40,"key":"Ancient Potion"},{"floor":45,"key":"DuplicationPotion"},{"floor":48,"key":"SteroidPotion"}],"is_trial":false,"path_per_floor":["M","M","$","?","?","E","R","M","T","M","E","M","R","M","R","B",null,"M","?","$","?","?","R","M","R","T","$","R","M","?","$","R","B",null,"M","?","$","M","$","E","R","?","T","?","M","M","$","M","R","B",null],"character_chosen":"IRONCLAD","items_purchased":["Clash","Sling","Thunderclap","Dropkick","Enlightenment","Magic Flower","Kunai","ClockworkSouvenir","Orrery","Red Skull"],"campfire_rested":0,"item_purchase_floors":[3,20,20,27,31,37,39,39,47,47],"current_hp_per_floor":[78,77,77,70,52,33,33,39,39,44,33,28,28,25,25,28,67,76,54,54,54,54,54,59,59,59,59,59,55,55,55,55,25,79,79,79,79,96,96,91,91,91,91,91,73,67,67,54,72,42],"gold":77,"neow_bonus":"UPGRADE_CARD","is_daily":false,"chose_seed":false,"campfire_upgraded":6,"win_rate":0.0,"timestamp":1608372618,"path_taken":["M","?","$","?","?","E","R","M","T","M","E","M","R","M","R","BOSS","M","?","$","?","?","R","M","R","T","$","R","?","?","$","R","BOSS","M","?","$","M","$","E","R","?","T","?","M","M","$","M","R","BOSS"],"items_purchased_type":["Card","Relic","Card","Card","Card","Relic","Relic","Relic","Relic","Relic"],"build_version":"2020-12-13","purchased_purges":3,"victory":true,"max_hp_per_floor":[80,80,80,80,80,80,80,80,80,80,80,80,80,80,80,80,80,83,83,83,83,83,83,86,86,86,86,86,86,86,86,86,90,95,95,95,95,99,99,99,99,99,99,99,99,99,99,99,99,99],"card_choices":[{"not_picked":["Pummel","Pommel Strike"],"picked":"Battle Trance","floor":1.0},{"not_picked":["Rupture","Sword Boomerang"],"picked":"Twin Strike","floor":2.0},{"not_picked":["Rampage","Heavy Blade"],"picked":"Iron Wave","floor":6.0},{"not_picked":["Wild Strike","Sever Soul"],"picked":"Disarm","floor":8.0},{"not_picked":["Wild Strike","Thunderclap"],"picked":"Uppercut","floor":10.0},{"not_picked":["Warcry","Battle Trance","Rupture"],"picked":"SKIP","floor":11.0},{"not_picked":["Cleave","Shockwave"],"picked":"Demon Form","floor":12.0},{"not_picked":["Battle Trance","Thunderclap","Feel No Pain"],"picked":"SKIP","floor":14.0},{"not_picked":["Exhume","Juggernaut"],"picked":"Feed","floor":16.0},{"not_picked":["Power Through","Carnage+1"],"picked":"Armaments","floor":18.0},{"not_picked":["Wild Strike+1","Dual Wield"],"picked":"Evolve+1","floor":24},{"not_picked":["Twin Strike","Thunderclap"],"picked":"Entrench+1","floor":29},{"not_picked":["Juggernaut","Feed"],"picked":"Limit Break","floor":33},{"not_picked":["Infernal Blade","Wild Strike"],"picked":"Seeing Red","floor":34},{"not_picked":["Uppercut+1","Intimidate+1"],"picked":"Shrug It Off+1","floor":35},{"not_picked":["Clash+1","Pommel Strike"],"picked":"Whirlwind+1","floor":38},{"not_picked":["Havoc","Thunderclap"],"picked":"Headbutt","floor":40},{"not_picked":["Impatience","Forethought"],"picked":"Finesse","floor":44},{"not_picked":["Sadistic Nature","Jack Of All Trades"],"picked":"Secret Technique","floor":44},{"not_picked":["Disarm","Twin Strike+1"],"picked":"Heavy Blade+1","floor":45},{"not_picked":["Clothesline+1","Perfected Strike+1","Headbutt"],"picked":"SKIP","floor":46},{"not_picked":["Seeing Red","Hemokinesis"],"picked":"Havoc+1","floor":47},{"not_picked":["Seeing Red+1","Bloodletting+1"],"picked":"Barricade","floor":47},{"not_picked":["Inflame+1","Burning Pact+1"],"picked":"Ghostly Armor+1","floor":47},{"not_picked":["Uppercut","Havoc"],"picked":"Rage+1","floor":47},{"not_picked":["Cleave+1","Iron Wave"],"picked":"Anger","floor":48}],"player_experience":280216,"relics_obtained":[{"floor":6.0,"key":"Mummified Hand"},{"floor":9.0,"key":"Letter Opener"},{"floor":11.0,"key":"Shovel"},{"floor":25,"key":"Vajra"},{"floor":26,"key":"Bag of Marbles"},{"floor":28,"key":"Bottled Flame"},{"floor":40,"key":"Oddly Smooth Stone"},{"floor":41,"key":"Pen Nib"},{"floor":43,"key":"Eternal Feather"}],"event_choices":[{"cards_removed":["Defend_R"],"damage_healed":0.0,"max_hp_gain":0.0,"max_hp_loss":0.0,"gold_gain":0.0,"event_name":"Golden Wing","player_choice":"Card Removal","floor":4.0,"gold_loss":0.0,"damage_taken":7.0},{"damage_healed":0.0,"max_hp_gain":0.0,"max_hp_loss":0.0,"gold_gain":0.0,"event_name":"betterThird:BetterScrap","player_choice":"Relic ","floor":5.0,"gold_loss":0.0,"damage_taken":18.0,"cards_obtained":["Fusion"]},{"damage_healed":0.0,"max_hp_gain":76.0,"max_hp_loss":54.0,"gold_gain":0.0,"event_name":"betterAltar:BetterAltar","player_choice":" Vial ","floor":19.0,"potions_obtained":[],"relics_lost":[],"gold_loss":0.0,"damage_taken":22.0,"relics_obtained":["Blood Vial"]},{"cards_removed":["Strike_R"],"damage_healed":0.0,"max_hp_gain":0.0,"max_hp_loss":0.0,"gold_gain":0.0,"event_name":"Wheel of Change","player_choice":"Card Removal","floor":22.0,"gold_loss":0.0,"damage_taken":0.0},{"damage_healed":0,"gold_gain":99,"player_choice":"Steal","damage_taken":0,"max_hp_gain":0,"max_hp_loss":0,"event_name":"betterThird:BetterNest","floor":30,"gold_loss":0},{"damage_healed":0,"gold_gain":999,"player_choice":"Gold","damage_taken":0,"max_hp_gain":0,"max_hp_loss":0,"event_name":"MindBloom","floor":36,"gold_loss":0,"cards_obtained":["Normality","Normality"]},{"damage_healed":0,"gold_gain":0,"player_choice":"Ignored","damage_taken":0,"max_hp_gain":0,"max_hp_loss":0,"event_name":"Tomb of Lord Red Mask","floor":42,"gold_loss":0},{"damage_healed":0,"gold_gain":3,"player_choice":"1","damage_taken":0,"max_hp_gain":0,"max_hp_loss":0,"event_name":"betterStone:BetterStone","floor":44,"gold_loss":0}],"is_beta":false,"boss_relics":[{"not_picked":["SacredBark","Mark of Pain"],"picked":"Coffee Dripper"},{"not_picked":["Runic Pyramid","Runic Cube"],"picked":"Tiny House"}],"items_purged_floors":[3,37,39],"is_endless":false,"potions_floor_spawned":[1,10,11,12,33,38,40,45,48],"ascension_level":6}}