{"host":"Kdaddybrian","time":1608412610,"event":{"mods":["AchievementEnabler","BaseMod","Bestiary","Colored Powertips","Minty Spire (QoL Compilation)","Potion Indicator Mod","Quick Restart","Rare Cards Sparkle","Relic Stats","StSLib","Uncapped"],"gold_per_floor":[117,130,21,41,41,41,75,75,75,75,100,180,25,59,59,163,163,180,197,212,11,11,42,42,70,70,70,86,99,110,127,127,223,223,242,252,129,0,16,47,47,47,47,73,84,84,114,145,157,169,169],"floor_reached":50,"playtime":2727,"items_purged":["Writhe","Strike_R"],"score":973,"play_id":"2aa29ffd-57c1-4461-9435-363243e9010c","local_time":"20201219161650","is_ascension_mode":true,"campfire_choices":[{"data":"Dark Embrace","floor":6.0,"key":"SMITH"},{"floor":8.0,"key":"REST"},{"data":"Inflame","floor":10.0,"key":"SMITH"},{"floor":15.0,"key":"REST"},{"data":"Feed","floor":24.0,"key":"SMITH"},{"data":"Fiend Fire","floor":27.0,"key":"SMITH"},{"data":"Heavy Blade","floor":32.0,"key":"SMITH"},{"data":"Reaper","floor":41.0,"key":"SMITH"},{"data":"Sword Boomerang","floor":46.0,"key":"SMITH"},{"floor":49.0,"key":"RECALL"}],"circlet_count":0,"master_deck":["AscendersBane","Strike_R","Strike_R","Strike_R","Strike_R","Defend_R","Defend_R+1","Defend_R","Defend_R+1","Bash","Anger","Carnage","Dark Embrace+1","Inflame+1","Armaments+1","Spot Weakness+1","Feed+1","Inflame+1","Heavy Blade+1","Shrug It Off+1","Good Instincts+1","Evolve+1","Flame Barrier+1","Heavy Blade+1","Shrug It Off+1","Reaper+1","Havoc+1","Shrug It Off+1","Sword Boomerang+1","Armaments+1","Power Through+1","Entrench+1","Ghostly Armor+1"],"relics":["Burning Blood","Oddly Smooth Stone","Toxic Egg 2","Shuriken","Pocketwatch","Mercury Hourglass","PreservedInsect","Red Skull","Coffee Dripper","Lee\u0027s Waffle","Dream Catcher","Anchor","Matryoshka","Sozu","Red Mask","Darkstone Periapt","War Paint","Strawberry","MawBank"],"acts_visited":["Exordium","TheCity","TheBeyond"],"potions_floor_usage":[50],"damage_taken":[{"damage":14.0,"enemies":"2 Louse","floor":1.0,"turns":3.0},{"damage":4.0,"enemies":"Jaw Worm","floor":2.0,"turns":3.0},{"damage":6.0,"enemies":"Cultist","floor":4.0,"turns":3.0},{"damage":34.0,"enemies":"Lagavulin","floor":7.0,"turns":6.0},{"damage":26.0,"enemies":"Gremlin Nob","floor":11.0,"turns":4.0},{"damage":16.0,"enemies":"Lagavulin","floor":14.0,"turns":5.0},{"damage":32.0,"enemies":"Slime Boss","floor":16.0,"turns":6.0},{"damage":12.0,"enemies":"Chosen","floor":18.0,"turns":2.0},{"damage":15.0,"enemies":"3 Byrds","floor":19.0,"turns":4.0},{"damage":22.0,"enemies":"Snecko","floor":20.0,"turns":5.0},{"damage":5.0,"enemies":"Gremlin Leader","floor":23.0,"turns":5.0},{"damage":23.0,"enemies":"Book of Stabbing","floor":25.0,"turns":3.0},{"damage":25.0,"enemies":"Centurion and Healer","floor":28.0,"turns":7.0},{"damage":23.0,"enemies":"Snake Plant","floor":29.0,"turns":7.0},{"damage":2.0,"enemies":"3 Cultists","floor":30.0,"turns":5.0},{"damage":18.0,"enemies":"Snecko","floor":31.0,"turns":3.0},{"damage":56.0,"enemies":"Collector","floor":33.0,"turns":8.0},{"damage":22.0,"enemies":"3 Darklings","floor":35.0,"turns":6.0},{"damage":0.0,"enemies":"Orb Walker","floor":36.0,"turns":2.0},{"damage":14.0,"enemies":"Sphere and 2 Shapes","floor":39.0,"turns":4.0},{"damage":98.0,"enemies":"Reptomancer","floor":40.0,"turns":6.0},{"damage":35.0,"enemies":"Giant Head","floor":44.0,"turns":7.0},{"damage":24.0,"enemies":"Writhing Mass","floor":45.0,"turns":7.0},{"damage":24.0,"enemies":"Reptomancer","floor":47.0,"turns":6.0},{"damage":20.0,"enemies":"Jaw Worm Horde","floor":48.0,"turns":4.0},{"damage":128,"enemies":"Awakened One","floor":50,"turns":12}],"seed_played":"4671525179900775422","potions_obtained":[{"floor":4.0,"key":"Explosive Potion"},{"floor":14.0,"key":"ElixirPotion"},{"floor":16.0,"key":"SkillPotion"},{"floor":18.0,"key":"Fire Potion"},{"floor":23.0,"key":"ElixirPotion"},{"floor":25.0,"key":"Swift Potion"},{"floor":29.0,"key":"GamblersBrew"},{"floor":31.0,"key":"Regen Potion"}],"is_trial":false,"path_per_floor":["M","M","$","M","?","R","E","R","T","R","E","T","$","E","R","B",null,"M","M","M","$","?","E","R","E","T","R","M","M","M","M","R","B",null,"M","M","$","?","M","E","R","?","T","E","M","R","E","M","R","B"],"character_chosen":"IRONCLAD","items_purchased":["Dark Embrace","PreservedInsect","Lee\u0027s Waffle","Shrug It Off+1","Shrug It Off+1"],"campfire_rested":2,"item_purchase_floors":[3,13,21,21,37],"current_hp_per_floor":[64,66,66,66,59,59,31,55,55,55,35,35,35,25,49,23,66,60,55,39,91,91,91,91,74,74,74,59,46,54,42,42,11,83,89,95,95,95,98,20,20,121,121,99,96,96,93,92,92,0,0],"gold":169,"neow_bonus":"THREE_RARE_CARDS","is_daily":false,"chose_seed":false,"campfire_upgraded":7,"win_rate":0.0,"timestamp":1608412610,"path_taken":["M","M","$","M","?","R","E","R","T","R","E","?","$","E","R","BOSS","M","?","M","$","?","E","R","E","T","R","?","M","M","M","R","BOSS","M","M","$","?","M","E","R","?","T","E","M","R","E","?","R","BOSS"],"items_purchased_type":["Card","Relic","Relic","Card","Card"],"build_version":"2020-12-18","purchased_purges":2,"victory":false,"max_hp_per_floor":[80,80,80,80,80,80,80,80,80,80,80,80,80,80,80,80,80,80,84,84,91,91,91,91,91,91,91,95,99,103,103,103,107,107,107,107,107,107,111,111,111,121,121,128,132,132,132,136,136,136,136],"relic_stats":{"Darkstone Periapt":0,"Lee\u0027s Waffle":52,"counters":[26,133],"PreservedInsect":376,"War Paint":["Defend_R","Defend_R"],"MawBank":36,"Burning Blood":149,"Mercury Hourglass":[466],"Sozu":4,"Dream Catcher":0,"Shuriken":[19],"obtain_stats":[{"Darkstone Periapt":40,"Lee\u0027s Waffle":21,"Oddly Smooth Stone":5,"PreservedInsect":13,"War Paint":43,"MawBank":47,"Burning Blood":0,"Mercury Hourglass":12,"Sozu":34,"Dream Catcher":23,"Anchor":25,"Matryoshka":26,"Shuriken":9,"Strawberry":44,"Coffee Dripper":17,"Red Mask":38,"Toxic Egg 2":7,"Red Skull":14,"Pocketwatch":11},{"Darkstone Periapt":21,"Lee\u0027s Waffle":10,"Oddly Smooth Stone":3,"PreservedInsect":5,"War Paint":21,"MawBank":24,"Burning Blood":0,"Mercury Hourglass":5,"Sozu":17,"Dream Catcher":11,"Anchor":12,"Matryoshka":12,"Shuriken":4,"Strawberry":22,"Coffee Dripper":7,"Red Mask":19,"Toxic Egg 2":4,"Red Skull":6,"Pocketwatch":5},{"Darkstone Periapt":97,"Lee\u0027s Waffle":41,"Oddly Smooth Stone":9,"PreservedInsect":19,"War Paint":97,"MawBank":117,"Burning Blood":0,"Mercury Hourglass":19,"Sozu":79,"Dream Catcher":46,"Anchor":49,"Matryoshka":49,"Shuriken":15,"Strawberry":104,"Coffee Dripper":30,"Red Mask":87,"Toxic Egg 2":15,"Red Skull":24,"Pocketwatch":19}],"Pocketwatch":[117]},"card_choices":[{"not_picked":["Impervious","Juggernaut"],"picked":"Fiend Fire","floor":0.0},{"not_picked":["Perfected Strike","Havoc"],"picked":"Anger","floor":1.0},{"not_picked":["Infernal Blade","Second Wind"],"picked":"Carnage","floor":2.0},{"not_picked":["Dual Wield","Uppercut"],"picked":"Inflame","floor":4.0},{"not_picked":["Carnage","Burning Pact+1"],"picked":"Armaments+1","floor":7.0},{"not_picked":["Whirlwind","Headbutt","Havoc+1"],"picked":"SKIP","floor":11.0},{"not_picked":["Headbutt","Clothesline"],"picked":"Spot Weakness+1","floor":14.0},{"not_picked":["Bludgeon","Double Tap+1"],"picked":"Feed","floor":16.0},{"not_picked":["Clothesline","Reckless Charge+1","Sword Boomerang"],"picked":"SKIP","floor":18.0},{"not_picked":["Perfected Strike","Sever Soul"],"picked":"Inflame+1","floor":19.0},{"not_picked":["Pommel Strike","Anger"],"picked":"Heavy Blade+1","floor":20.0},{"not_picked":["Second Wind+1","Anger"],"picked":"Evolve+1","floor":23.0},{"not_picked":["Rage+1","Carnage"],"picked":"Flame Barrier+1","floor":25.0},{"not_picked":["Clothesline","Clash"],"picked":"Heavy Blade","floor":28.0},{"not_picked":["Pommel Strike","Reckless Charge+1","Perfected Strike"],"picked":"SKIP","floor":29.0},{"not_picked":["Hemokinesis+1","Pommel Strike+1"],"picked":"Shrug It Off+1","floor":30.0},{"not_picked":["Clothesline","Berserk","Body Slam"],"picked":"SKIP","floor":31.0},{"not_picked":["Bludgeon","Limit Break+1"],"picked":"Reaper","floor":33.0},{"not_picked":["Heavy Blade+1","Twin Strike"],"picked":"Havoc+1","floor":35.0},{"not_picked":["Ghostly Armor+1","Body Slam+1","Warcry+1"],"picked":"SKIP","floor":36.0},{"not_picked":["Twin Strike+1","Heavy Blade"],"picked":"Sword Boomerang","floor":39.0},{"not_picked":["Perfected Strike","Cleave+1"],"picked":"Armaments+1","floor":40.0},{"not_picked":["Reckless Charge","Pommel Strike"],"picked":"Power Through+1","floor":44.0},{"not_picked":["Intimidate+1","Second Wind+1"],"picked":"Entrench+1","floor":45.0},{"not_picked":["Hemokinesis","Heavy Blade"],"picked":"Ghostly Armor+1","floor":47.0},{"not_picked":["Headbutt","Infernal Blade+1","Clash"],"picked":"SKIP","floor":48.0}],"player_experience":2876651,"relics_obtained":[{"floor":7.0,"key":"Toxic Egg 2"},{"floor":9.0,"key":"Shuriken"},{"floor":11.0,"key":"Pocketwatch"},{"floor":12.0,"key":"Mercury Hourglass"},{"floor":14.0,"key":"Red Skull"},{"floor":23.0,"key":"Dream Catcher"},{"floor":25.0,"key":"Anchor"},{"floor":26.0,"key":"Matryoshka"},{"floor":40.0,"key":"Darkstone Periapt"},{"floor":43.0,"key":"War Paint"},{"floor":44.0,"key":"Strawberry"},{"floor":47.0,"key":"MawBank"}],"event_choices":[{"damage_healed":0.0,"max_hp_gain":0.0,"max_hp_loss":0.0,"gold_gain":0.0,"event_name":"Scrap Ooze","player_choice":"Success","floor":5.0,"gold_loss":0.0,"damage_taken":7.0,"relics_obtained":["Oddly Smooth Stone"]},{"damage_healed":0.0,"max_hp_gain":0.0,"max_hp_loss":0.0,"gold_gain":0.0,"event_name":"Match and Keep!","player_choice":"1 cards matched","floor":22.0,"gold_loss":0.0,"damage_taken":0.0,"cards_obtained":["Good Instincts"]},{"damage_healed":0.0,"max_hp_gain":0.0,"max_hp_loss":0.0,"gold_gain":0.0,"event_name":"Tomb of Lord Red Mask","player_choice":"Paid","floor":38.0,"gold_loss":129.0,"damage_taken":0.0,"relics_obtained":["Red Mask"]},{"cards_removed":["Fiend Fire"],"damage_healed":91.0,"max_hp_gain":10.0,"max_hp_loss":0.0,"gold_gain":0.0,"event_name":"Bonfire Elementals","player_choice":"Offered Rare","floor":42.0,"gold_loss":0.0,"damage_taken":0.0}],"is_beta":true,"boss_relics":[{"not_picked":["SacredBark","Runic Cube"],"picked":"Coffee Dripper"},{"not_picked":["Fusion Hammer","Philosopher\u0027s Stone"],"picked":"Sozu"}],"items_purged_floors":[3,37],"is_endless":false,"potions_floor_spawned":[4,14,16,18,23,25,29,31,35,36,45,48],"killed_by":"Awakened One","ascension_level":10}}