{"host":"9c5kazgg71l3jb6l","time":1608378748,"event":{"mods":["BaseMod","Minty Spire (QoL Compilation)","Replay The Spire","StSLib","Waifu the Spire"],"gold_per_floor":[115,35,35,35,46,73,84,109,133,148,161,181,181,209,209,209,209],"floor_reached":16,"playtime":603,"items_purged":[],"score":284,"play_id":"dd1e17e2-f7db-4585-baef-ef4f95f94cfb","local_time":"20201219195228","is_ascension_mode":true,"campfire_choices":[{"data":"Die Die Die","floor":15,"key":"SMITH"}],"circlet_count":0,"master_deck":["AscendersBane","Strike_G","Strike_G","Strike_G","Defend_G","Defend_G+1","Defend_G","Defend_G","Defend_G","Survivor","Neutralize","Dagger Throw+1","Die Die Die+1","Poisoned Stab","Escape Plan","Backflip","Eviscerate","ReplayTheSpireMod:Scrap Shanks","Tactician","ReplayTheSpireMod:Speed Training","Cloak And Dagger","Slice"],"relics":["Ring of the Snake","NeowsBlessing","Lantern","ReplayTheSpireMod:Lightbulb","Akabeko","Tiny Chest"],"acts_visited":["Exordium"],"potions_floor_usage":[],"damage_taken":[{"damage":0,"enemies":"Small Slimes","floor":1,"turns":1},{"damage":0,"enemies":"Cultist","floor":5,"turns":1},{"damage":0,"enemies":"Lagavulin","floor":6,"turns":1},{"damage":0,"enemies":"2 Louse","floor":7,"turns":2},{"damage":17,"enemies":"Gremlin Nob","floor":8,"turns":4},{"damage":0,"enemies":"2 Fungi Beasts","floor":10,"turns":2},{"damage":0,"enemies":"Exordium Wildlife","floor":11,"turns":3},{"damage":1,"enemies":"Blue Slaver","floor":12,"turns":3},{"damage":0,"enemies":"3 Sentries","floor":14,"turns":5},{"damage":43,"enemies":"Fading Forest","floor":16,"turns":7}],"seed_played":"6767226743698646485","potions_obtained":[{"floor":5,"key":"Languid Potion"},{"floor":10,"key":"SpeedPotion"},{"floor":12,"key":"EntropicBrew"}],"is_trial":false,"path_per_floor":["M","$","?","?","M","E","M","E","T","M","M","M","?","E","R","B"],"character_chosen":"THE_SILENT","items_purchased":["Die Die Die"],"campfire_rested":0,"item_purchase_floors":[2],"current_hp_per_floor":[63,63,49,49,49,49,49,32,32,32,32,31,31,31,31,0,0],"gold":209,"neow_bonus":"THREE_ENEMY_KILL","is_daily":false,"chose_seed":false,"campfire_upgraded":1,"win_rate":0.0,"timestamp":1608378748,"path_taken":["M","$","?","?","M","E","?","E","T","?","M","M","?","E","R","BOSS"],"items_purchased_type":["Card"],"build_version":"2020-12-13","purchased_purges":0,"victory":false,"max_hp_per_floor":[70,70,70,70,70,70,70,70,70,70,70,70,70,70,70,70,70],"card_choices":[{"not_picked":["Deadly Poison","Sucker Punch"],"picked":"Dagger Throw","floor":1},{"not_picked":["Underhanded Strike","Hidden Blade"],"picked":"Poisoned Stab","floor":5},{"not_picked":["Hidden Blade","Footwork"],"picked":"Escape Plan","floor":6},{"not_picked":["Deadly Poison","Caltrops"],"picked":"Backflip","floor":7},{"not_picked":["Poisoned Stab","Blade Dance"],"picked":"Eviscerate","floor":8},{"not_picked":["Acrobatics","Prepared"],"picked":"ReplayTheSpireMod:Scrap Shanks","floor":10},{"not_picked":["Bullet Time","Cloak And Dagger"],"picked":"Tactician","floor":11},{"not_picked":["Dagger Throw","Finisher"],"picked":"ReplayTheSpireMod:Speed Training","floor":12},{"not_picked":["Hidden Blade","Poisoned Stab"],"picked":"Slice","floor":14}],"player_experience":1285245,"relics_obtained":[{"floor":6,"key":"Lantern"},{"floor":8,"key":"ReplayTheSpireMod:Lightbulb"},{"floor":9,"key":"Akabeko"},{"floor":14,"key":"Tiny Chest"}],"event_choices":[{"damage_healed":0,"gold_gain":0,"player_choice":"Entered Light","damage_taken":14,"max_hp_gain":0,"max_hp_loss":0,"event_name":"Shining Light","floor":3,"gold_loss":0,"cards_upgraded":["Dagger Throw","Defend_G"]},{"cards_removed":["Strike_G"],"damage_healed":0,"gold_gain":0,"player_choice":"Offered Basic","damage_taken":0,"max_hp_gain":0,"max_hp_loss":0,"event_name":"Bonfire Elementals","floor":4,"gold_loss":0},{"damage_healed":0,"gold_gain":0,"cards_transformed":["Strike_G"],"player_choice":"Change","damage_taken":0,"max_hp_gain":0,"max_hp_loss":0,"event_name":"Living Wall","floor":13,"gold_loss":0,"cards_obtained":["Cloak And Dagger"]}],"is_beta":false,"boss_relics":[],"items_purged_floors":[],"is_endless":false,"potions_floor_spawned":[5,10,11,12,14],"killed_by":"Fading Forest","ascension_level":13}}