{"host":"y0wkltgt9g64tmdy","time":1608362637,"event":{"mods":["BaseMod","Marisa£®ÏF”Í°°ƒß¿Ì…≥£©","Minty Spire (QoL Compilation)","Reimu£®≤©¿ˆ¡È√Œ£©","Remilia£®¿Ÿ√◊¿Ú—«£©","Replay The Spire","Shop Mod","StSLib","The Bug Knight","The Gatherer","Waifu the Spire","Youmu£®ªÍ∆«—˝√Œ£©","[µÿæ´ ◊¡Ï≈¿À˛]The Maniac"],"gold_per_floor":[115,127,127,213,236,236,258,280,307,336,336,336,373,402,402,414,414],"floor_reached":16,"playtime":589,"items_purged":[],"score":102,"play_id":"4b17d65f-b895-4755-8f8a-cc1cc756497f","local_time":"20201219152357","is_ascension_mode":false,"campfire_choices":[{"floor":6,"key":"REST"},{"floor":12,"key":"REST"},{"floor":15,"key":"REST"}],"circlet_count":0,"master_deck":["Strike_MRS","Strike_MRS","Strike_MRS","Strike_MRS","Defend_MRS","Defend_MRS","Defend_MRS","Defend_MRS","MasterSpark","UpSweep","GasGiant","EventHorizon+1","MysteriousBeam","DC","WitchLeyline","PowerUp","PowerUp","EnergyFlow"],"relics":["MiniHakkero","Du-Vu Doll","Tiny Chest","Replay:Bandana","Anchor","Potion Belt"],"acts_visited":["Exordium"],"potions_floor_usage":[16,16],"damage_taken":[{"damage":0,"enemies":"Jaw Worm","floor":1,"turns":4},{"damage":2,"enemies":"Small Slimes","floor":2,"turns":4},{"damage":0,"enemies":"Cultist","floor":7,"turns":2},{"damage":4,"enemies":"2 Fungi Beasts","floor":8,"turns":2},{"damage":0,"enemies":"Large Slime","floor":10,"turns":4},{"damage":30,"enemies":"Lagavulin","floor":13,"turns":5},{"damage":0,"enemies":"3 Louse","floor":14,"turns":2},{"damage":54,"enemies":"The Guardian","floor":16,"turns":8}],"seed_played":"1979527520692237322","potions_obtained":[{"floor":1,"key":"MagicPotion:ReiMu"},{"floor":7,"key":"ZuzhouPotion:ReiMu"},{"floor":10,"key":"Toxic Potion"},{"floor":14,"key":"FearPotion"}],"is_trial":false,"path_per_floor":["M","M","?","?","T","R","M","M","T","M","?","R","E","M","R","B"],"character_chosen":"MARISA","items_purchased":[],"campfire_rested":3,"item_purchase_floors":[],"current_hp_per_floor":[54,52,52,22,22,44,44,40,40,40,40,62,32,32,54,0,0],"gold":414,"neow_bonus":"ONE_RARE_RELIC","is_daily":false,"chose_seed":false,"campfire_upgraded":0,"win_rate":0.0,"timestamp":1608362637,"path_taken":["M","M","?","?","?","R","?","M","T","M","?","R","E","M","R","BOSS"],"items_purchased_type":[],"build_version":"2020-12-13","purchased_purges":0,"victory":false,"max_hp_per_floor":[75,75,75,75,75,75,75,75,75,75,75,75,75,75,75,75,75],"card_choices":[{"not_picked":["SuperPerseids","ManaConvection"],"picked":"GasGiant","floor":1},{"not_picked":["OpenUniverse","IllusionStar"],"picked":"EventHorizon","floor":2},{"not_picked":["OneTimeOff","MagicChant"],"picked":"MysteriousBeam","floor":4},{"not_picked":["WitchOfGreed","DarkSpark"],"picked":"DC","floor":4},{"not_picked":["SporeBomb","FinalSpark"],"picked":"WitchLeyline","floor":7},{"not_picked":["PulseMagic","6A"],"picked":"PowerUp","floor":8},{"not_picked":["DarkMatter","LuminesStrike"],"picked":"PowerUp","floor":10},{"not_picked":["NonDirectionalLaser","GalacticHalo"],"picked":"EnergyFlow","floor":13},{"not_picked":["OneTimeOff","Occultation","DarkSpark"],"picked":"SKIP","floor":14}],"player_experience":82717,"relics_obtained":[{"floor":4,"key":"Tiny Chest"},{"floor":5,"key":"Replay:Bandana"},{"floor":9,"key":"Anchor"},{"floor":13,"key":"Potion Belt"}],"event_choices":[{"damage_healed":0,"gold_gain":0,"player_choice":"Ignored","damage_taken":0,"max_hp_gain":0,"max_hp_loss":0,"event_name":"Shining Light","floor":3,"gold_loss":0}],"is_beta":false,"boss_relics":[],"items_purged_floors":[],"is_endless":false,"potions_floor_spawned":[1,7,10,14],"killed_by":"The Guardian","ascension_level":0}}