{"host":"4amhfzfsa6iuwytm","time":1608349596,"event":{"mods":["2.2 Compatiblity","BaseMod","Colored Map","Displayed Cursed Tome","Googly Eyes","Highlight Path","Minty Spire (QoL Compilation)","Relic Stats","StSLib","ojb\u0027s Info Mod"],"gold_per_floor":[115,134,15,90,103,138,138,148,148,148,159,176,176,206,206,306,306,322,332,332,104,104,133,48,48,48,83,97,97,128,128,128,224,274,290,290,290,190,190,225,225,242,268,314,314,72,83,83,83,83,83,83,60,85,85,85],"floor_reached":55,"playtime":3125,"items_purged":["Seek","Leap"],"score":884,"play_id":"3cf7520d-b988-4927-957b-16188318f591","local_time":"20201218214636","is_ascension_mode":false,"campfire_choices":[{"data":"Dropkick","floor":7.0,"key":"SMITH"},{"floor":15,"key":"RECALL"},{"data":"Dropkick","floor":25,"key":"SMITH"},{"data":"Dropkick","floor":29,"key":"SMITH"},{"data":"Dropkick","floor":32,"key":"SMITH"},{"floor":41,"key":"REST"},{"data":"Dropkick","floor":45,"key":"SMITH"},{"floor":49,"key":"REST"},{"data":"Beam Cell","floor":52,"key":"SMITH"}],"circlet_count":0,"master_deck":["Ball Lightning","Conserve Battery+1","Doom and Gloom","Coolheaded","Dropkick+1","Dropkick+1","Dropkick+1","Dropkick+1","Dropkick+1","Beam Cell+1","Beam Cell","Defragment","Darkness","Ball Lightning","Conserve Battery","Ball Lightning","Defragment","Compile Driver+1","Conserve Battery","Ball Lightning"],"relics":["Cracked Core","Bag of Marbles","Anchor","HornCleat","CaptainsWheel","Mummified Hand","Question Card","Bottled Lightning","Inserter","Bag of Marbles","Bottled Flame","Sundial","Mercury Hourglass","Dead Branch","StoneCalendar","Tiny House","Shuriken","Prayer Wheel","TungstenRod","Symbiotic Virus","Turnip"],"acts_visited":["Exordium","TheCity","TheBeyond","TheEnding"],"potions_floor_usage":[],"damage_taken":[{"damage":1.0,"enemies":"Jaw Worm","floor":1.0,"turns":4.0},{"damage":1.0,"enemies":"Cultist","floor":2.0,"turns":3.0},{"damage":7.0,"enemies":"2 Louse","floor":5.0,"turns":3.0},{"damage":0.0,"enemies":"Lagavulin","floor":6.0,"turns":3.0},{"damage":0.0,"enemies":"Exordium Thugs","floor":8.0,"turns":2.0},{"damage":0.0,"enemies":"Large Slime","floor":11.0,"turns":2.0},{"damage":0.0,"enemies":"Blue Slaver","floor":12.0,"turns":2.0},{"damage":6,"enemies":"3 Sentries","floor":14,"turns":4},{"damage":6,"enemies":"The Guardian","floor":16,"turns":5},{"damage":0,"enemies":"Chosen","floor":18,"turns":4},{"damage":0,"enemies":"3 Byrds","floor":19,"turns":3},{"damage":0,"enemies":"Book of Stabbing","floor":23,"turns":3},{"damage":0,"enemies":"Gremlin Leader","floor":27,"turns":4},{"damage":4,"enemies":"Snake Plant","floor":28,"turns":3},{"damage":0,"enemies":"Book of Stabbing","floor":30,"turns":4},{"damage":34,"enemies":"Champ","floor":33,"turns":7},{"damage":5,"enemies":"3 Shapes","floor":35,"turns":2},{"damage":19,"enemies":"Reptomancer","floor":40,"turns":4},{"damage":0,"enemies":"3 Darklings","floor":42,"turns":2},{"damage":22,"enemies":"2 Orb Walkers","floor":44,"turns":3},{"damage":0,"enemies":"Spire Growth","floor":47,"turns":3},{"damage":90,"enemies":"Awakened One","floor":50,"turns":9},{"damage":41,"enemies":"Shield and Spear","floor":54,"turns":4},{"damage":51,"enemies":"The Heart","floor":55,"turns":3}],"seed_played":"-5141685071696209272","potions_obtained":[{"floor":5.0,"key":"LiquidMemories"},{"floor":6.0,"key":"EssenceOfSteel"},{"floor":11.0,"key":"Ancient Potion"},{"floor":16,"key":"SteroidPotion"}],"is_trial":false,"path_per_floor":["M","M","$","?","M","E","R","M","T","?","M","M","?","E","R","B",null,"M","M","?","$","?","E","?","R","T","E","M","R","E","?","R","B",null,"M","?","T","$","?","E","R","M","T","?","R","$","M","$","R","B",null,"R","$","E","B"],"character_chosen":"DEFECT","items_purchased":["Doom and Gloom","Conserve Battery","Bag of Marbles","Symbiotic Virus","Conserve Battery"],"campfire_rested":2,"item_purchase_floors":[3,3,21,46,53],"current_hp_per_floor":[81,80,80,69,62,62,62,62,62,62,62,62,62,56,56,50,82,82,82,82,82,82,82,82,82,82,82,78,78,78,62,62,28,92,87,87,87,87,87,68,92,92,92,70,70,70,70,70,92,2,92,92,92,51,0,0],"gold":85,"neow_bonus":"TEN_PERCENT_HP_BONUS","is_daily":false,"chose_seed":false,"campfire_upgraded":6,"win_rate":0.0,"timestamp":1608349596,"path_taken":["M","M","$","?","M","E","R","M","T","?","M","?","?","E","R","BOSS","M","M","?","$","?","E","?","R","T","E","M","R","E","?","R","BOSS","M","?","?","$","?","E","R","?","T","?","R","$","M","?","R","BOSS","R","$","E","BOSS"],"items_purchased_type":["Card","Card","Relic","Relic","Card"],"build_version":"2020-12-13","purchased_purges":2,"victory":false,"max_hp_per_floor":[82,82,82,82,82,82,82,82,82,82,82,82,82,82,82,82,82,82,82,82,82,82,82,82,82,82,82,82,82,82,87,87,87,92,92,92,92,92,92,92,92,92,92,92,92,92,92,92,92,92,92,92,92,92,92,92],"relic_stats":{"Inserter":[29],"counters":[24,86],"Dead Branch":[2],"StoneCalendar":[52],"Question Card":20,"Mercury Hourglass":[195],"Mummified Hand":[26],"Sundial":[8],"Shuriken":[25],"Prayer Wheel":2,"Turnip":[2],"obtain_stats":[{"Inserter":17,"Tiny House":34,"Dead Branch":27,"StoneCalendar":30,"Question Card":9,"Mercury Hourglass":26,"Anchor":5,"CaptainsWheel":5,"Bottled Flame":23,"HornCleat":5,"Mummified Hand":6,"Sundial":24,"Shuriken":37,"Prayer Wheel":40,"Turnip":54,"Bag of Marbles":5,"Bottled Lightning":14,"Cracked Core":0,"Symbiotic Virus":46,"TungstenRod":44},{"Inserter":9,"Tiny House":16,"Dead Branch":13,"StoneCalendar":15,"Question Card":5,"Mercury Hourglass":12,"Anchor":3,"CaptainsWheel":3,"Bottled Flame":12,"HornCleat":3,"Mummified Hand":4,"Sundial":12,"Shuriken":17,"Prayer Wheel":18,"Turnip":23,"Bag of Marbles":3,"Bottled Lightning":8,"Cracked Core":0,"Symbiotic Virus":20,"TungstenRod":20},{"Inserter":28,"Tiny House":56,"Dead Branch":42,"StoneCalendar":49,"Question Card":15,"Mercury Hourglass":38,"Anchor":10,"CaptainsWheel":10,"Bottled Flame":38,"HornCleat":10,"Mummified Hand":13,"Sundial":38,"Shuriken":58,"Prayer Wheel":62,"Turnip":83,"Bag of Marbles":10,"Bottled Lightning":23,"Cracked Core":0,"Symbiotic Virus":67,"TungstenRod":67}],"TungstenRod":21},"card_choices":[{"not_picked":["Streamline","Go for the Eyes"],"picked":"Ball Lightning","floor":1.0},{"not_picked":["Coolheaded","Beam Cell"],"picked":"Conserve Battery","floor":2.0},{"not_picked":["White Noise","Turbo"],"picked":"Coolheaded","floor":5.0},{"not_picked":["Rainbow","Turbo"],"picked":"Defragment","floor":6.0},{"not_picked":["Streamline","Turbo"],"picked":"Darkness","floor":8.0},{"not_picked":["Cold Snap","Static Discharge","Hyperbeam"],"picked":"Ball Lightning","floor":11.0},{"not_picked":["Static Discharge","Steam","Streamline"],"picked":"Conserve Battery","floor":12.0},{"not_picked":["Go for the Eyes","Compile Driver","Creative AI"],"picked":"Ball Lightning","floor":14},{"not_picked":["Genetic Algorithm+1","Scrape","Coolheaded"],"picked":"Defragment","floor":18},{"not_picked":["Rip and Tear","Recycle","Cold Snap","Stack+1"],"picked":"SKIP","floor":19},{"not_picked":["Steam","Ball Lightning","Hyperbeam","FTL"],"picked":"SKIP","floor":23},{"not_picked":["Tempest","Steam","Force Field"],"picked":"Leap","floor":27},{"not_picked":["Beam Cell","Conserve Battery","Go for the Eyes","Steam"],"picked":"SKIP","floor":28},{"not_picked":["Rebound","Ball Lightning","Conserve Battery","Hyperbeam"],"picked":"SKIP","floor":30},{"not_picked":["Undo+1","Leap","Reinforced Body+1"],"picked":"Compile Driver+1","floor":35},{"not_picked":["Streamline","Glacier+1","Turbo","Cold Snap+1"],"picked":"SKIP","floor":40},{"not_picked":["Ball Lightning","Reinforced Body","Hologram","Heatsinks+1"],"picked":"SKIP","floor":42},{"not_picked":["Redo","Hologram+1","Rainbow","Storm+1"],"picked":"SKIP","floor":42},{"not_picked":["Auto Shields","Go for the Eyes+1","Darkness+1","Turbo+1"],"picked":"SKIP","floor":47},{"not_picked":["Loop+1","Steam Power+1","Rip and Tear","Sweeping Beam"],"picked":"SKIP","floor":47},{"not_picked":["Cold Snap+1","Lockon+1","Gash+1"],"picked":"Ball Lightning","floor":54}],"player_experience":123032,"relics_obtained":[{"floor":6.0,"key":"Mummified Hand"},{"floor":9.0,"key":"Question Card"},{"floor":14,"key":"Bottled Lightning"},{"floor":23,"key":"Bottled Flame"},{"floor":26,"key":"Mercury Hourglass"},{"floor":27,"key":"Dead Branch"},{"floor":30,"key":"StoneCalendar"},{"floor":37,"key":"Shuriken"},{"floor":40,"key":"Prayer Wheel"},{"floor":44,"key":"TungstenRod"},{"floor":54,"key":"Turnip"}],"event_choices":[{"damage_healed":0.0,"max_hp_gain":0.0,"max_hp_loss":0.0,"gold_gain":75.0,"event_name":"World of Goop","player_choice":"Gather Gold","floor":4.0,"gold_loss":0.0,"damage_taken":11.0},{"cards_removed":["Dualcast"],"damage_healed":0.0,"max_hp_gain":0.0,"max_hp_loss":0.0,"gold_gain":0.0,"event_name":"Purifier","player_choice":"Purged","floor":10.0,"gold_loss":0.0,"damage_taken":0.0},{"damage_healed":0,"gold_gain":0,"cards_transformed":["Strike_B"],"player_choice":"Transformed","damage_taken":0,"max_hp_gain":0,"max_hp_loss":0,"event_name":"Transmorgrifier","floor":13,"gold_loss":0,"cards_obtained":["Seek"]},{"damage_healed":0,"gold_gain":0,"player_choice":"Ignored","damage_taken":0,"max_hp_gain":0,"max_hp_loss":0,"event_name":"Vampires","floor":20,"gold_loss":0},{"cards_removed":["Zap"],"damage_healed":0,"gold_gain":0,"player_choice":"Elegance","damage_taken":0,"max_hp_gain":0,"max_hp_loss":0,"event_name":"Back to Basics","floor":22,"gold_loss":0},{"damage_healed":0,"gold_gain":0,"player_choice":"Obtained Relic","damage_taken":0,"relics_obtained":["Sundial"],"max_hp_gain":0,"max_hp_loss":0,"event_name":"Addict","floor":24,"gold_loss":85},{"damage_healed":0,"gold_gain":0,"player_choice":"Shed Blood","damage_taken":21,"max_hp_gain":5,"max_hp_loss":0,"event_name":"Forgotten Altar","floor":31,"gold_loss":0},{"cards_removed":["Conserve Battery"],"damage_healed":0,"gold_gain":0,"player_choice":"Removed Skill","damage_taken":0,"max_hp_gain":0,"max_hp_loss":0,"event_name":"Falling","floor":36,"gold_loss":0},{"damage_healed":0,"gold_gain":0,"player_choice":"0 cards matched","damage_taken":0,"max_hp_gain":0,"max_hp_loss":0,"event_name":"Match and Keep!","floor":39,"gold_loss":0,"cards_obtained":[]},{"damage_healed":0,"gold_gain":0,"player_choice":"Fight","damage_taken":0,"max_hp_gain":0,"max_hp_loss":0,"event_name":"Mysterious Sphere","floor":44,"gold_loss":0}],"is_beta":false,"boss_relics":[{"not_picked":["Philosopher\u0027s Stone","Snecko Eye"],"picked":"Inserter"},{"not_picked":["SlaversCollar","Busted Crown"],"picked":"Tiny House"}],"items_purged_floors":[21,38],"is_endless":false,"potions_floor_spawned":[5,6,11,16,19,27,28,30,35,44,47,54],"killed_by":"The Heart","ascension_level":0}}