{"host":"o98f72bjn8jxgroo","time":1608420237,"event":{"mods":["Act Like it!","BaseMod","Dio Mod","GifTheSpireLib","Jedi Mod","Minty Spire (QoL Compilation)","Relic Stats","Spicy Shops","StSLib","TheVacant","??????REMEMod"],"gold_per_floor":[114,114,31,31,31,31,48,48,48,48,58,58,58,72,72,169,169,188,212,448,448,448,448,448,448,448,448,448,448,448,448,448,448,448,448,448,448,448,448,448,448,448,448,448,448,448,26,26,26,26],"floor_reached":51,"playtime":2766,"items_purged":["jedi:controlledanger"],"score":755,"play_id":"9d4baec1-4898-444f-91df-e479c02cb9f9","local_time":"20201219212357","daily_mods":["Draft","Red Cards","Green Cards","Blue Cards","Purple Cards","Colorless Cards","Heirloom","Flight"],"is_ascension_mode":false,"campfire_choices":[{"data":"REME_Scribble","floor":6,"key":"SMITH"},{"data":"REME_AllRoundStrike","floor":8,"key":"SMITH"},{"data":"jedi:pocketpoison","floor":10,"key":"SMITH"},{"data":"jedi:pocketpoison","floor":12,"key":"SMITH"},{"data":"Prepared","floor":13,"key":"SMITH"},{"data":"Outmaneuver","floor":15,"key":"SMITH"},{"data":"jedi:forcepull","floor":23,"key":"SMITH"},{"data":"dioMod:DisarmingVoice","floor":25,"key":"SMITH"},{"data":"dioMod:Despair","floor":27,"key":"SMITH"},{"data":"Flex","floor":29,"key":"SMITH"},{"data":"dioMod:BloodTransfusion","floor":30,"key":"SMITH"},{"data":"dioMod:CoffinBath","floor":32,"key":"SMITH"},{"data":"jedi:forcepush","floor":40,"key":"SMITH"},{"data":"REME_PuzzleBox","floor":44,"key":"SMITH"},{"data":"Dark Shackles","floor":45,"key":"SMITH"},{"floor":46,"key":"REST"},{"data":"REME_TheoryOfElimination","floor":49,"key":"PURGE"}],"circlet_count":0,"master_deck":["Flex+1","dioMod:BloodShield","dioMod:DisarmingVoice+1","dioMod:StreetSign+1","dioMod:BloodTransfusion+1","Prepared+1","REME_Scribble+1","dioMod:LaserVision+1","jedi:pocketpoison+1","dioMod:VengefulMuda+1","PiercingWail+1","Outmaneuver+1","jedi:pocketpoison+1","jedi:forcepull+1","REME_AllRoundStrike+1","dioMod:CoffinBath+1","dioMod:Despair+1","REME_PuzzleBox+1","Impatience","Finesse","jedi:forcepush+1","REME_SingleHolding+1","Dark Shackles+1","jedi:forcepush","REME_Cut"],"relics":["dioMod:VampireBlood","REME_ComplimentaryCards","Peace Pipe","Tiny Chest","Turnip","Empty Cage","Whetstone","jedi:ominousloannote","Molten Egg 2","Shuriken","SlaversCollar","Orichalcum","jedi:arcanewood","Bird Faced Urn","jedi:firstaidkit","Bronze Scales","ClockworkSouvenir"],"acts_visited":["Exordium","TheCity","TheBeyond"],"potions_floor_usage":[33,33,42],"damage_taken":[{"damage":6,"enemies":"2 Louse","floor":1,"turns":4},{"damage":3,"enemies":"Cultist","floor":7,"turns":2},{"damage":10,"enemies":"Small Slimes","floor":11,"turns":2},{"damage":1,"enemies":"2 Fungi Beasts","floor":14,"turns":2},{"damage":22,"enemies":"The Guardian","floor":16,"turns":4},{"damage":11,"enemies":"2 Thieves","floor":18,"turns":3},{"damage":0,"enemies":"Spheric Guardian","floor":21,"turns":1},{"damage":26,"enemies":"Snake Plant","floor":31,"turns":2},{"damage":36,"enemies":"Champ","floor":33,"turns":5},{"damage":44,"enemies":"3 Shapes","floor":35,"turns":3},{"damage":12,"enemies":"3 Darklings","floor":39,"turns":5},{"damage":0,"enemies":"Giant Head","floor":41,"turns":1},{"damage":41,"enemies":"Mind Bloom Boss Battle","floor":42,"turns":3},{"damage":16,"enemies":"Sphere and 2 Shapes","floor":48,"turns":3},{"damage":21,"enemies":"Awakened One","floor":50,"turns":6}],"seed_played":"7433425958526207655","potions_obtained":[{"floor":5,"key":"DistilledChaos"},{"floor":5,"key":"EssenceOfSteel"},{"floor":5,"key":"dioMod:HumanBlood"},{"floor":7,"key":"jedi:tentaclejuice"},{"floor":42,"key":"SmokeBomb"}],"is_trial":true,"path_per_floor":["M","?","$","?","?","R","M","R","T","R","M","R","R","M","R","B",null,"M","T","$","M","?","R","?","R","T","R","T","R","R","M","R","B",null,"M","?","?","T","M","R","E","?","T","R","R","R","$","M","R","B",null],"character_chosen":"THE_DEFAULT","items_purchased":["jedi:forcepull","jedi:ominousloannote","REME_TheoryOfElimination","Bronze Scales","jedi:forcepush","REME_Cut","ClockworkSouvenir"],"campfire_rested":1,"item_purchase_floors":[3,20,20,47,47,47,47],"current_hp_per_floor":[74,59,59,34,34,34,37,37,37,37,46,46,46,51,51,45,86,84,84,84,87,87,87,70,70,70,70,70,70,70,63,63,52,100,81,71,71,71,90,90,93,58,58,58,58,89,89,100,100,110],"gold":26,"neow_bonus":"","is_daily":false,"chose_seed":false,"campfire_upgraded":15,"win_rate":0.0,"timestamp":1608420237,"path_taken":["M","?","$","?","?","R","M","R","T","R","?","R","R","?","R","BOSS","M","?","$","?","?","R","?","R","T","R","?","R","R","?","R","BOSS","M","?","?","?","M","R","E","?","T","R","R","R","$","?","R","BOSS"],"items_purchased_type":["Card","Relic","Card","Relic","Card","Card","Relic"],"build_version":"2020-12-13","purchased_purges":1,"victory":true,"max_hp_per_floor":[77,77,77,77,77,77,80,80,80,80,83,83,83,83,83,86,86,89,89,89,89,89,89,94,94,94,94,94,94,94,97,97,100,100,103,103,98,98,101,101,101,104,104,104,104,104,104,107,107,110],"relic_stats":{"Peace Pipe":1,"counters":[15,46],"Shuriken":[19],"Bird Faced Urn":[7],"Bronze Scales":[33],"Tiny Chest":3,"Turnip":[7],"Whetstone":["dioMod:LaserVision","dioMod:StreetSign"],"Orichalcum":[54],"obtain_stats":[{"Whetstone":19,"Orichalcum":38,"Empty Cage":17,"ClockworkSouvenir":47,"Peace Pipe":0,"SlaversCollar":34,"dioMod:VampireBlood":0,"jedi:ominousloannote":20,"Shuriken":28,"jedi:firstaidkit":43,"Bird Faced Urn":42,"Bronze Scales":47,"Tiny Chest":4,"Molten Egg 2":26,"Turnip":9,"jedi:arcanewood":41,"REME_ComplimentaryCards":0},{"Whetstone":6,"Orichalcum":10,"Empty Cage":5,"ClockworkSouvenir":13,"Peace Pipe":0,"SlaversCollar":9,"dioMod:VampireBlood":0,"jedi:ominousloannote":6,"Shuriken":7,"jedi:firstaidkit":13,"Bird Faced Urn":13,"Bronze Scales":13,"Tiny Chest":1,"Molten Egg 2":7,"Turnip":2,"jedi:arcanewood":12,"REME_ComplimentaryCards":0},{"Whetstone":17,"Orichalcum":28,"Empty Cage":14,"ClockworkSouvenir":37,"Peace Pipe":0,"SlaversCollar":25,"dioMod:VampireBlood":0,"jedi:ominousloannote":17,"Shuriken":18,"jedi:firstaidkit":37,"Bird Faced Urn":37,"Bronze Scales":37,"Tiny Chest":4,"Molten Egg 2":18,"Turnip":6,"jedi:arcanewood":34,"REME_ComplimentaryCards":0}]},"card_choices":[{"not_picked":["Redo","Stack"],"picked":"Flex","floor":0},{"not_picked":["Clothesline","Self Repair"],"picked":"dioMod:BloodShield","floor":0},{"not_picked":["Spot Weakness","Flying Knee"],"picked":"dioMod:DisarmingVoice","floor":0},{"not_picked":["Poisoned Stab","Bane"],"picked":"dioMod:StreetSign","floor":0},{"not_picked":["Armaments","Poisoned Stab"],"picked":"dioMod:BloodTransfusion","floor":0},{"not_picked":["Backflip","Twin Strike"],"picked":"Prepared","floor":0},{"not_picked":["Poisoned Stab","Warcry"],"picked":"Skewer","floor":0},{"not_picked":["jedi:BurstLightning","Leap"],"picked":"REME_Scribble","floor":0},{"not_picked":["Flechettes","Steam"],"picked":"Cold Snap","floor":0},{"not_picked":["Coolheaded","Flame Barrier"],"picked":"dioMod:LaserVision","floor":0},{"not_picked":["Rupture","dioMod:CautiousMuda"],"picked":"jedi:pocketpoison","floor":0},{"not_picked":["Sucker Punch","PanicButton"],"picked":"jedi:controlledanger","floor":0},{"not_picked":["Chaos","Headbutt"],"picked":"dioMod:VengefulMuda","floor":0},{"not_picked":["Iron Wave","Poisoned Stab"],"picked":"PiercingWail","floor":0},{"not_picked":["Second Wind","Tempest"],"picked":"Outmaneuver","floor":0},{"not_picked":["Searing Blow","dioMod:ComposedMuda"],"picked":"jedi:pocketpoison","floor":1},{"not_picked":["Good Instincts","Fire Breathing","Cloak And Dagger"],"picked":"SKIP","floor":7},{"not_picked":["BootSequence","Prepared"],"picked":"dioMod:CoffinBath","floor":11},{"not_picked":["dioMod:BlendIn","Turbo","Dagger Spray"],"picked":"SKIP","floor":14},{"not_picked":["dioMod:Pluck","Juggernaut"],"picked":"dioMod:Despair","floor":16},{"not_picked":["dioMod:CautiousMuda","Searing Blow","All Out Attack"],"picked":"SKIP","floor":18},{"not_picked":["Melter","Whirlwind","Hologram"],"picked":"SKIP","floor":21},{"not_picked":["Dagger Spray+1","Conserve Battery","Hemokinesis+1"],"picked":"SKIP","floor":31},{"not_picked":["REME_BattleFury","jedi:strikingstrike+1"],"picked":"REME_PuzzleBox","floor":33},{"not_picked":["Streamline+1","Sword Boomerang+1","Defragment"],"picked":"SKIP","floor":35},{"not_picked":["Mayhem","Metamorphosis"],"picked":"Impatience","floor":36},{"not_picked":["HandOfGreed+1","Purity"],"picked":"Finesse","floor":36},{"not_picked":["REME_MagicPocketWatch","Thinking Ahead"],"picked":"jedi:forcepush","floor":36},{"not_picked":["Hemokinesis+1","Cleave+1"],"picked":"REME_SingleHolding+1","floor":39},{"not_picked":["Pommel Strike+1","dioMod:WRYYY","Cold Snap+1"],"picked":"SKIP","floor":41},{"not_picked":["Power Through+1","dioMod:LaserVision+1"],"picked":"Dark Shackles","floor":42},{"not_picked":["Flying Knee+1","Blade Dance","Choke+1"],"picked":"SKIP","floor":48}],"player_experience":335504,"relics_obtained":[{"floor":9,"key":"Turnip"},{"floor":19,"key":"Whetstone"},{"floor":26,"key":"Molten Egg 2"},{"floor":28,"key":"Shuriken"},{"floor":38,"key":"Orichalcum"},{"floor":41,"key":"jedi:arcanewood"},{"floor":42,"key":"Bird Faced Urn"},{"floor":43,"key":"jedi:firstaidkit"}],"event_choices":[{"damage_healed":0,"gold_gain":0,"player_choice":"Entered Light","damage_taken":15,"max_hp_gain":0,"max_hp_loss":0,"event_name":"Shining Light","floor":2,"gold_loss":0,"cards_upgraded":["PiercingWail","dioMod:VengefulMuda"]},{"damage_healed":0,"gold_gain":0,"player_choice":"Success","damage_taken":25,"relics_obtained":["Tiny Chest"],"max_hp_gain":0,"max_hp_loss":0,"event_name":"Scrap Ooze","floor":4,"gold_loss":0},{"damage_healed":0,"gold_gain":0,"player_choice":"Got Potions","damage_taken":0,"max_hp_gain":0,"max_hp_loss":0,"event_name":"Lab","floor":5,"gold_loss":0},{"damage_healed":0,"gold_gain":0,"player_choice":"Ignored","damage_taken":0,"max_hp_gain":0,"max_hp_loss":0,"event_name":"Vampires","floor":22,"gold_loss":0},{"damage_healed":0,"gold_gain":0,"player_choice":"Shed Blood","damage_taken":22,"max_hp_gain":5,"max_hp_loss":0,"event_name":"Forgotten Altar","floor":24,"gold_loss":0},{"damage_healed":0,"gold_gain":0,"player_choice":"Memory 3","damage_taken":10,"max_hp_gain":0,"max_hp_loss":0,"event_name":"SensoryStone","floor":36,"gold_loss":0},{"damage_healed":0,"gold_gain":0,"player_choice":"Max HP","damage_taken":0,"max_hp_gain":0,"max_hp_loss":5,"event_name":"Winding Halls","floor":37,"gold_loss":0},{"damage_healed":0,"gold_gain":0,"player_choice":"Fight","damage_taken":0,"max_hp_gain":0,"max_hp_loss":0,"event_name":"MindBloom","floor":42,"gold_loss":0}],"is_beta":false,"boss_relics":[{"not_picked":["Ectoplasm","Snecko Eye"],"picked":"Empty Cage"},{"not_picked":["Black Star","Tiny House"],"picked":"SlaversCollar"}],"items_purged_floors":[47],"is_endless":false,"potions_floor_spawned":[7,11,16,18,42],"ascension_level":0}}