{"host":"mqhvlr3kpxebko0t","time":1608373962,"event":{"mods":["AchievementEnabler","BaseMod","Colored Map","Colored Powertips","Keyboard Shortcuts","Minty Spire (QoL Compilation)","StSLib","SuperFastMode"],"gold_per_floor":[130,155,187,219,250,262,274,286,298,330,357,369,20,35,35,112,112,131,46,46,46],"floor_reached":20,"playtime":411,"items_purged":["Strike_G"],"score":274,"play_id":"c121107b-0956-4e7a-bcd4-514f3cb9d34a","local_time":"20201219193242","is_ascension_mode":true,"campfire_choices":[{"data":"Neutralize","floor":6.0,"key":"SMITH"},{"data":"Catalyst","floor":8.0,"key":"SMITH"},{"data":"Deadly Poison","floor":12.0,"key":"SMITH"},{"data":"Reflex","floor":15.0,"key":"SMITH"}],"circlet_count":0,"master_deck":["AscendersBane","Survivor","Neutralize+1","Backflip","Deadly Poison+1","Catalyst+1","Masterful Stab","Dagger Throw","Reflex+1","Dagger Spray","Blade Dance","Backflip","Finisher","Distraction","Dagger Throw","Quick Slash","A Thousand Cuts","Accuracy","Quick Slash","Skewer"],"relics":["Ring of the Snake","MawBank","Ancient Tea Set","Odd Mushroom","Matryoshka","Pandora\u0027s Box","Centennial Puzzle"],"acts_visited":["Exordium","TheCity"],"potions_floor_usage":[],"damage_taken":[{"damage":4.0,"enemies":"Jaw Worm","floor":1.0,"turns":6.0},{"damage":0.0,"enemies":"2 Louse","floor":2.0,"turns":4.0},{"damage":1.0,"enemies":"Small Slimes","floor":3.0,"turns":5.0},{"damage":6.0,"enemies":"Exordium Wildlife","floor":4.0,"turns":6.0},{"damage":8.0,"enemies":"2 Fungi Beasts","floor":5.0,"turns":3.0},{"damage":13.0,"enemies":"The Mushroom Lair","floor":10.0,"turns":5.0},{"damage":0.0,"enemies":"3 Louse","floor":11.0,"turns":4.0},{"damage":12.0,"enemies":"Gremlin Gang","floor":14.0,"turns":5.0},{"damage":4.0,"enemies":"The Guardian","floor":16.0,"turns":9.0},{"damage":28,"enemies":"Spheric Guardian","floor":18,"turns":4},{"damage":4,"enemies":"Shell Parasite","floor":20,"turns":2}],"seed_played":"1013908515320432295","potions_obtained":[{"floor":2.0,"key":"Weak Potion"},{"floor":3.0,"key":"ColorlessPotion"}],"is_trial":false,"path_per_floor":["M","M","M","M","M","R","?","R","T","?","M","R","$","M","R","B",null,"M","?","M"],"character_chosen":"THE_SILENT","items_purchased":["Matryoshka","Dagger Spray"],"campfire_rested":0,"item_purchase_floors":[13,13],"current_hp_per_floor":[59,59,58,52,44,44,30,30,30,17,17,17,17,5,5,1,53,25,25,21,21],"gold":46,"neow_bonus":"RANDOM_COMMON_RELIC","is_daily":false,"chose_seed":false,"campfire_upgraded":4,"win_rate":0.0,"timestamp":1608373962,"path_taken":["M","M","M","M","M","R","?","R","T","?","M","R","$","M","R","BOSS","M","?","M"],"items_purchased_type":["Relic","Card"],"build_version":"2020-12-13","purchased_purges":1,"victory":false,"max_hp_per_floor":[70,70,70,70,70,70,70,70,70,70,70,70,70,70,70,70,70,70,70,70,70],"card_choices":[{"not_picked":["Riddle With Holes","Expertise"],"picked":"Backflip","floor":1.0},{"not_picked":["Dodge and Roll","Endless Agony"],"picked":"Deadly Poison","floor":2.0},{"not_picked":["Poisoned Stab","Underhanded Strike"],"picked":"Catalyst","floor":3.0},{"not_picked":["Slice","Grand Finale"],"picked":"Masterful Stab","floor":4.0},{"not_picked":["Poisoned Stab","Underhanded Strike"],"picked":"Dagger Throw","floor":5.0},{"not_picked":["Outmaneuver","Leg Sweep"],"picked":"Reflex","floor":11.0},{"not_picked":["Outmaneuver","Bane"],"picked":"Blade Dance","floor":14.0},{"not_picked":["Sucker Punch","Poisoned Stab","Endless Agony"],"picked":"SKIP","floor":18}],"player_experience":649876,"relics_obtained":[{"floor":9.0,"key":"Ancient Tea Set"},{"floor":10.0,"key":"Odd Mushroom"}],"event_choices":[{"damage_healed":0.0,"max_hp_gain":0.0,"max_hp_loss":0.0,"gold_gain":0.0,"event_name":"Shining Light","player_choice":"Entered Light","floor":7.0,"gold_loss":0.0,"damage_taken":14.0,"cards_upgraded":["Strike_G","Defend_G"]},{"damage_healed":0.0,"max_hp_gain":0.0,"max_hp_loss":0.0,"gold_gain":0.0,"event_name":"Mushrooms","player_choice":"Fought Mushrooms","floor":10.0,"gold_loss":0.0,"damage_taken":0.0},{"damage_healed":0,"gold_gain":0,"player_choice":"Obtained Relic","damage_taken":0,"relics_obtained":["Centennial Puzzle"],"max_hp_gain":0,"max_hp_loss":0,"event_name":"Addict","floor":19,"gold_loss":85}],"is_beta":false,"boss_relics":[{"not_picked":["Calling Bell","Philosopher\u0027s Stone"],"picked":"Pandora\u0027s Box"}],"items_purged_floors":[13],"is_endless":false,"potions_floor_spawned":[2,3,5,11],"killed_by":"Shell Parasite","ascension_level":13}}