{"host":"vd5put2n5b3t1prw","time":1608415949,"event":{"mods":["2.2 Compatiblity","AchievementEnabler","BaseMod","Better Altar","Better Match","Better Note","Better Sensory Stone","Better Silent Start","Better Skull","Better Third Choice","Better Vampires","Better-Laid Plans","BetterRewards","Block Reminder","Card Forge","Colored Map","Custom Start","Downfall","Emptier Cage","Marked Mod","Minty Spire (QoL Compilation)","Quick Restart","Random Character Button","Relic Stats","Reorder Act Four","Spicy Shops","StSLib","Transform Curses","Waifu the Spire"],"gold_per_floor":[109,109,119,129,146,146,146,157,182,205,230,250,26,26,26,129,129,97,110,110,110,120,152,152,1,1,32,46,145,145,174,174,271,321,336,336,336,356,3,29,48,48,48,48,61,74,74,104,104,104],"floor_reached":51,"playtime":5824,"items_purged":["Strike_B"],"score":1318,"play_id":"ccdb45d6-885f-4287-9146-4453907c1522","local_time":"20201219161229","is_ascension_mode":true,"campfire_choices":[{"data":"White Noise","floor":6.0,"key":"SMITH"},{"data":"Hologram","floor":7.0,"key":"SMITH"},{"floor":15.0,"key":"REST"},{"floor":24.0,"key":"REST"},{"data":"Hologram","floor":32.0,"key":"SMITH"},{"data":"Coolheaded","floor":47,"key":"SMITH"},{"data":"Chill","floor":49,"key":"SMITH"}],"circlet_count":0,"master_deck":["Defend_B+1","Coolheaded+1","Conserve Battery+1","Buffer+1","Heatsinks+1","White Noise+1","Defragment+1","Hologram+1","Leap+1","Redo+1","Coolheaded+1","Defragment+1","Defragment+1","Creative AI+1","Amplify+1","Self Repair+1","Capacitor+1","Consume+1","Defragment+1","White Noise+1","Redo+1","DeusExMachina+1","Redo+1","Conserve Battery+1","Gash","Gash+1","Gash+1","Gash+1","Gash","Glacier+1","Coolheaded+1","Hologram+1","All For One+1","Heatsinks+1","Chill+1","Coolheaded+1","BootSequence+1","Hologram+1"],"relics":["Cracked Core","Hammer of Thor","Seething Fire","Anvil of the Gods","WingedGreaves","Frozen Egg 2","Anchor","DataDisk","Odd Mushroom","Happy Flower","DollysMirror","Vajra","Prayer Wheel","Inserter","Incense Burner","Orichalcum","Darkstone Periapt","Pen Nib","Gambling Chip","Tiny House","Calipers","Eternal Feather","Ginger","Singing Bowl"],"acts_visited":["Exordium","TheCity","TheBeyond"],"potions_floor_usage":[],"damage_taken":[{"damage":0.0,"enemies":"Small Slimes","floor":1.0,"turns":3.0},{"damage":2.0,"enemies":"Jaw Worm","floor":3.0,"turns":6.0},{"damage":0.0,"enemies":"2 Louse","floor":4.0,"turns":2.0},{"damage":16.0,"enemies":"Lots of Slimes","floor":5.0,"turns":4.0},{"damage":0.0,"enemies":"3 Louse","floor":8.0,"turns":3.0},{"damage":4.0,"enemies":"The Mushroom Lair","floor":10.0,"turns":5.0},{"damage":12.0,"enemies":"3 Sentries","floor":11.0,"turns":8.0},{"damage":0.0,"enemies":"Exordium Thugs","floor":12.0,"turns":2.0},{"damage":0.0,"enemies":"Slime Boss","floor":16.0,"turns":7.0},{"damage":12.0,"enemies":"2 Thieves","floor":18.0,"turns":5.0},{"damage":18.0,"enemies":"Spheric Guardian","floor":19.0,"turns":4.0},{"damage":5.0,"enemies":"Centurion and Healer","floor":22.0,"turns":3.0},{"damage":35.0,"enemies":"Slavers","floor":23.0,"turns":3.0},{"damage":11.0,"enemies":"Gremlin Leader","floor":27.0,"turns":5.0},{"damage":7.0,"enemies":"Snake Plant","floor":28.0,"turns":3.0},{"damage":5.0,"enemies":"Book of Stabbing","floor":31.0,"turns":5.0},{"damage":8.0,"enemies":"Champ","floor":33.0,"turns":6.0},{"damage":0.0,"enemies":"Orb Walker","floor":35.0,"turns":4.0},{"damage":0.0,"enemies":"3 Shapes","floor":38.0,"turns":3.0},{"damage":0.0,"enemies":"Giant Head","floor":40.0,"turns":7.0},{"damage":0.0,"enemies":"3 Darklings","floor":41.0,"turns":4.0},{"damage":4.0,"enemies":"Writhing Mass","floor":45.0,"turns":3.0},{"damage":0,"enemies":"4 Shapes","floor":46,"turns":3},{"damage":0,"enemies":"Reptomancer","floor":48,"turns":4},{"damage":6,"enemies":"Awakened One","floor":50,"turns":9}],"seed_played":"699110085340437187","potions_obtained":[{"floor":1.0,"key":"Energy Potion"},{"floor":4.0,"key":"FocusPotion"},{"floor":23.0,"key":"Fire Potion"},{"floor":31.0,"key":"FairyPotion"},{"floor":34.0,"key":"DistilledChaos"},{"floor":40.0,"key":"DuplicationPotion"}],"is_trial":false,"path_per_floor":["M","?","M","M","M","R","R","M","T","?","E","M","$","?","R","B",null,"M","M","?","?","M","E","R","$","T","E","M","?","?","E","R","B",null,"M","?","?","M","$","E","M","$","T","$","M","M","R","E","R","B",null],"character_chosen":"DEFECT","items_purchased":["WingedGreaves","Frozen Egg 2","Anchor","Coolheaded","Cold Snap","Conserve Battery","DataDisk","Buffer+1","Defragment+1","DollysMirror","Orichalcum","Calipers","Coolheaded"],"campfire_rested":2,"item_purchase_floors":[0,0,0,0,0,0,0,0,13,13,25,39,39],"current_hp_per_floor":[75,68,66,66,50,50,50,50,50,46,34,34,34,17,39,39,75,63,45,45,45,40,5,27,27,27,26,29,29,11,39,39,51,80,80,80,80,80,80,80,80,80,80,80,76,76,80,82,82,76],"gold":104,"neow_bonus":"","is_daily":false,"chose_seed":false,"campfire_upgraded":5,"win_rate":0.0,"timestamp":1608415949,"path_taken":["M","?","M","M","M","R","R","M","T","?","E","M","$","?","R","BOSS","M","M","?","?","?","E","R","$","T","E","M","?","?","E","R","BOSS","M","?","?","?","$","E","M","?","T","$","?","M","R","E","R","BOSS"],"items_purchased_type":["Relic","Relic","Relic","Card","Card","Card","Relic","Card","Card","Relic","Relic","Relic","Card"],"build_version":"2020-12-13","purchased_purges":1,"victory":true,"max_hp_per_floor":[75,75,75,75,75,75,75,75,75,75,75,75,75,75,75,75,75,75,75,75,75,75,75,75,75,75,75,75,75,75,75,75,75,80,80,80,80,80,80,80,80,80,80,80,80,80,80,82,82,82],"relic_stats":{"Darkstone Periapt":0,"Inserter":[35],"Happy Flower":[28],"Singing Bowl":2,"counters":[62,281],"Gambling Chip":[15],"Prayer Wheel":9,"Eternal Feather":4,"Pen Nib":[16],"Ginger":[1],"Orichalcum":[30],"obtain_stats":[{"Darkstone Periapt":25,"Tiny House":34,"Calipers":39,"Singing Bowl":48,"SacredBark":17,"Vajra":14,"Hammer of Thor":0,"Incense Burner":23,"Ginger":43,"Bottled Tornado":43,"Boot":54,"Blood Vial":10,"Lizard Tail":8,"DollysMirror":13,"Gambling Chip":31,"Prayer Wheel":14,"WingedGreaves":0,"Cracked Core":0,"InkBottle":48,"Pear":6,"Inserter":17,"Happy Flower":27,"Thread and Needle":4,"Eternal Feather":40,"Pen Nib":27,"Seething Fire":0,"Frozen Egg 2":0,"Odd Mushroom":10,"Orichalcum":25,"Cables":41,"Anchor":0,"DataDisk":0,"Anvil of the Gods":0,"Ornamental Fan":43,"Bronze Scales":54,"Molten Egg 2":9,"Pandora\u0027s Box":34,"Membership Card":45,"PureWater":0,"Unceasing Top":36,"NlothsMask":19},{"Darkstone Periapt":15,"Tiny House":54,"Calipers":56,"Singing Bowl":61,"SacredBark":10,"Vajra":45,"Hammer of Thor":0,"Incense Burner":50,"Ginger":58,"Bottled Tornado":30,"Boot":27,"Blood Vial":7,"Lizard Tail":6,"DollysMirror":45,"Gambling Chip":53,"Prayer Wheel":45,"WingedGreaves":37,"Cracked Core":0,"InkBottle":34,"Pear":4,"Inserter":46,"Happy Flower":15,"Thread and Needle":3,"Eternal Feather":57,"Pen Nib":51,"Seething Fire":0,"Frozen Egg 2":37,"Odd Mushroom":43,"Orichalcum":50,"Cables":29,"Anchor":37,"DataDisk":37,"Anvil of the Gods":0,"Ornamental Fan":22,"Bronze Scales":36,"Molten Egg 2":6,"Pandora\u0027s Box":18,"Membership Card":23,"PureWater":0,"Unceasing Top":20,"NlothsMask":11},{"Darkstone Periapt":56,"Tiny House":244,"Calipers":251,"Singing Bowl":272,"SacredBark":34,"Vajra":203,"Hammer of Thor":0,"Incense Burner":225,"Ginger":262,"Bottled Tornado":135,"Boot":117,"Blood Vial":18,"Lizard Tail":15,"DollysMirror":203,"Gambling Chip":238,"Prayer Wheel":203,"WingedGreaves":170,"Cracked Core":0,"InkBottle":151,"Pear":9,"Inserter":210,"Happy Flower":56,"Thread and Needle":6,"Eternal Feather":258,"Pen Nib":230,"Seething Fire":0,"Frozen Egg 2":170,"Odd Mushroom":193,"Orichalcum":225,"Cables":130,"Anchor":170,"DataDisk":170,"Anvil of the Gods":0,"Ornamental Fan":88,"Bronze Scales":167,"Molten Egg 2":15,"Pandora\u0027s Box":72,"Membership Card":91,"PureWater":0,"Unceasing Top":80,"NlothsMask":39}]},"card_choices":[{"not_picked":["Beam Cell","Doom and Gloom"],"picked":"Heatsinks+1","floor":1.0},{"not_picked":["Melter","Leap"],"picked":"White Noise","floor":3.0},{"not_picked":["Coolheaded","BootSequence"],"picked":"Defragment+1","floor":4.0},{"not_picked":["Rebound","Scrape"],"picked":"Hologram","floor":5.0},{"not_picked":["Steam","Barrage"],"picked":"Cold Snap","floor":8.0},{"not_picked":["Darkness","Rebound"],"picked":"Leap","floor":10.0},{"not_picked":["Compile Driver","Barrage"],"picked":"Redo","floor":11.0},{"not_picked":["Multi-Cast","Go for the Eyes"],"picked":"Coolheaded","floor":12.0},{"not_picked":["Rainbow","Thunder Strike"],"picked":"Machine Learning+1","floor":16.0},{"not_picked":["Rebound+1","Go for the Eyes","Turbo"],"picked":"SKIP","floor":18.0},{"not_picked":["Gash+1","Compile Driver","Fusion"],"picked":"SKIP","floor":18.0},{"not_picked":["Ball Lightning","Sweeping Beam"],"picked":"Redo+1","floor":19.0},{"not_picked":["Consume","Stack","Core Surge"],"picked":"SKIP","floor":19.0},{"not_picked":["Darkness","Melter"],"picked":"Redo+1","floor":22.0},{"not_picked":["Leap+1","Cold Snap"],"picked":"Conserve Battery+1","floor":22.0},{"not_picked":["Lockon","Streamline"],"picked":"Fusion+1","floor":23.0},{"not_picked":["Creative AI+1","FTL"],"picked":"Static Discharge+1","floor":27.0},{"not_picked":["Ball Lightning","White Noise"],"picked":"Gash","floor":28.0},{"not_picked":["Double Energy","Consume"],"picked":"Gash","floor":28.0},{"not_picked":["Sweeping Beam","Reinforced Body"],"picked":"Hologram","floor":31.0},{"not_picked":["Echo Form+1","Core Surge"],"picked":"All For One","floor":33.0},{"not_picked":["Ball Lightning","Rebound+1"],"picked":"Heatsinks+1","floor":34.0},{"not_picked":["Hologram","Genetic Algorithm","Barrage+1"],"picked":"SKIP","floor":35.0},{"not_picked":["Consume","Steam+1","Barrage"],"picked":"SKIP","floor":35.0},{"not_picked":["Coolheaded","Skim+1","Aggregate+1"],"picked":"SKIP","floor":38.0},{"not_picked":["Turbo","Barrage","Rip and Tear+1"],"picked":"SKIP","floor":38.0},{"not_picked":["Static Discharge+1","Aggregate","Darkness"],"picked":"SKIP","floor":40.0},{"not_picked":["Redo+1","Steam Power+1","Hello World+1"],"picked":"SKIP","floor":41.0},{"not_picked":["Barrage+1","Coolheaded+1","Turbo"],"picked":"SKIP","floor":41.0},{"not_picked":["Sweeping Beam+1","Loop+1","Stack"],"picked":"SKIP","floor":45.0},{"not_picked":["Leap+1","Fission","Genetic Algorithm"],"picked":"SKIP","floor":45.0},{"not_picked":["Sweeping Beam","Chill"],"picked":"BootSequence+1","floor":46},{"not_picked":["Chaos","Rebound+1"],"picked":"Hologram+1","floor":46},{"not_picked":["Rebound","FTL","Hologram"],"picked":"Singing Bowl","floor":48}],"player_experience":261933,"relics_obtained":[{"floor":10.0,"key":"Odd Mushroom"},{"floor":11.0,"key":"Happy Flower"},{"floor":23.0,"key":"Incense Burner"},{"floor":26.0,"key":"Darkstone Periapt"},{"floor":27.0,"key":"Pen Nib"},{"floor":31.0,"key":"Gambling Chip"},{"floor":40.0,"key":"Eternal Feather"},{"floor":43.0,"key":"Ginger"},{"floor":48,"key":"Singing Bowl"}],"event_choices":[{"cards_removed":["Strike_B"],"damage_healed":0.0,"max_hp_gain":0.0,"max_hp_loss":0.0,"gold_gain":0.0,"event_name":"Golden Wing","player_choice":"Card Removal","floor":2.0,"gold_loss":0.0,"damage_taken":7.0},{"damage_healed":0.0,"max_hp_gain":0.0,"max_hp_loss":0.0,"gold_gain":0.0,"event_name":"Mushrooms","player_choice":"Fought Mushrooms","floor":10.0,"gold_loss":0.0,"damage_taken":0.0},{"damage_healed":0.0,"max_hp_gain":0.0,"max_hp_loss":0.0,"gold_gain":1.0,"event_name":"betterThird:BetterScrap","player_choice":"Relic Relic ","floor":14.0,"gold_loss":0.0,"damage_taken":17.0,"cards_obtained":["Study"]},{"cards_removed":["Creative AI"],"damage_healed":0.0,"max_hp_gain":0.0,"max_hp_loss":0.0,"gold_gain":0.0,"event_name":"betterNote:BetterNote","player_choice":"Take \u0026 Give","floor":20.0,"gold_loss":0.0,"damage_taken":0.0,"cards_obtained":["DeusExMachina"]},{"damage_healed":0.0,"max_hp_gain":0.0,"max_hp_loss":0.0,"gold_gain":0.0,"event_name":"Upgrade Shrine","player_choice":"Upgraded","floor":21.0,"gold_loss":0.0,"damage_taken":0.0,"cards_upgraded":["DeusExMachina"]},{"damage_healed":0.0,"max_hp_gain":0.0,"max_hp_loss":0.0,"gold_gain":99.0,"event_name":"betterThird:BetterNest","player_choice":"Steal","floor":29.0,"gold_loss":0.0,"damage_taken":0.0},{"damage_healed":0.0,"max_hp_gain":29.0,"max_hp_loss":11.0,"gold_gain":0.0,"event_name":"betterAltar:BetterAltar","player_choice":" Potion ","floor":30.0,"potions_obtained":["betterAltar:AltarPotion"],"relics_lost":[],"gold_loss":0.0,"damage_taken":18.0,"relics_obtained":[]},{"damage_healed":0.0,"max_hp_gain":0.0,"max_hp_loss":0.0,"gold_gain":0.0,"event_name":"Mysterious Sphere","player_choice":"Ignored","floor":36.0,"gold_loss":0.0,"damage_taken":0.0},{"damage_healed":0.0,"max_hp_gain":0.0,"max_hp_loss":0.0,"gold_gain":0.0,"cards_transformed":["hexamod:SixthSeal"],"event_name":"Transmorgrifier","player_choice":"Transformed","floor":37.0,"gold_loss":0.0,"damage_taken":0.0,"cards_obtained":["Chill"]}],"is_beta":false,"boss_relics":[{"not_picked":["SlaversCollar","Nuclear Battery"],"picked":"Inserter"},{"not_picked":["Cursed Key","Pandora\u0027s Box"],"picked":"Tiny House"}],"items_purged_floors":[0],"is_endless":false,"potions_floor_spawned":[1,4,5,11,19,23,31,35,40,45,46,48],"ascension_level":4}}