{"host":"jc4h38xtrb09g8pb","time":1608345227,"event":{"mods":["AchievementEnabler","BaseMod","Colored Map","Minty Spire (QoL Compilation)","Permanent Neow","SuperFastMode"],"gold_per_floor":[117,129,142,31,42,42,56,76,76,76,95,128,128,147,147,276,276,216,216,216,216,216,216,216,216],"floor_reached":24,"playtime":1204,"items_purged":["Strike_G"],"score":341,"play_id":"ae7a0a40-5b9f-4386-a91b-abcf194b8bdc","local_time":"20201219113347","is_ascension_mode":true,"campfire_choices":[{"data":"Dagger Spray","floor":6.0,"key":"SMITH"},{"data":"Predator","floor":10.0,"key":"SMITH"},{"data":"Noxious Fumes","floor":15.0,"key":"SMITH"},{"floor":23,"key":"REST"}],"circlet_count":0,"master_deck":["AscendersBane","Strike_G","Strike_G","Strike_G","Strike_G","Defend_G","Defend_G","Defend_G","Defend_G","Defend_G","Survivor","Neutralize+1","Dagger Spray+1","Acrobatics","Predator+1","Corpse Explosion","Dodge and Roll","Well Laid Plans","Noxious Fumes+1","PiercingWail","Grand Finale","Dagger Throw"],"relics":["Ring of the Snake","PreservedInsect","Matryoshka","Golden Idol","Ectoplasm","SsserpentHead"],"acts_visited":["Exordium","TheCity"],"potions_floor_usage":[],"damage_taken":[{"damage":0.0,"enemies":"Jaw Worm","floor":1.0,"turns":6.0},{"damage":1.0,"enemies":"2 Louse","floor":2.0,"turns":3.0},{"damage":0.0,"enemies":"Cultist","floor":3.0,"turns":3.0},{"damage":0.0,"enemies":"Large Slime","floor":5.0,"turns":5.0},{"damage":4.0,"enemies":"Exordium Wildlife","floor":7.0,"turns":5.0},{"damage":1.0,"enemies":"Red Slaver","floor":8.0,"turns":3.0},{"damage":18.0,"enemies":"Large Slime","floor":11.0,"turns":6.0},{"damage":0.0,"enemies":"3 Sentries","floor":12.0,"turns":3.0},{"damage":2.0,"enemies":"3 Louse","floor":14.0,"turns":3.0},{"damage":13.0,"enemies":"The Guardian","floor":16.0,"turns":14.0},{"damage":13.0,"enemies":"2 Thieves","floor":18.0,"turns":4.0},{"damage":0.0,"enemies":"Masked Bandits","floor":19.0,"turns":1.0},{"damage":9.0,"enemies":"Shell Parasite","floor":20.0,"turns":3.0},{"damage":30.0,"enemies":"Sentry and Sphere","floor":22.0,"turns":7.0},{"damage":1,"enemies":"Cultist and Chosen","floor":24,"turns":4}],"seed_played":"-7818094900593456023","potions_obtained":[{"floor":2.0,"key":"CunningPotion"},{"floor":11.0,"key":"EntropicBrew"},{"floor":12.0,"key":"ColorlessPotion"},{"floor":16.0,"key":"EntropicBrew"},{"floor":18.0,"key":"SmokeBomb"},{"floor":20.0,"key":"Poison Potion"}],"is_trial":false,"path_per_floor":["M","M","M","$","M","R","M","M","T","R","M","E","?","M","R","B",null,"M","?","M","?","M","R","M"],"character_chosen":"THE_SILENT","items_purchased":["Predator"],"campfire_rested":1,"item_purchase_floors":[4],"current_hp_per_floor":[63,62,62,62,62,62,58,57,57,57,39,39,22,20,20,7,54,41,41,32,32,2,23,22,22],"gold":216,"neow_bonus":"UPGRADE_CARD","is_daily":false,"chose_seed":false,"campfire_upgraded":3,"win_rate":0.0,"timestamp":1608345227,"path_taken":["M","M","M","$","M","R","M","M","T","R","M","E","?","M","R","BOSS","M","?","M","?","?","R","M"],"items_purchased_type":["Card"],"build_version":"2020-12-13","purchased_purges":1,"victory":false,"max_hp_per_floor":[70,70,70,70,70,70,70,70,70,70,70,70,70,70,70,70,70,70,70,70,70,70,70,70,70],"card_choices":[{"not_picked":["PiercingWail","Dagger Throw"],"picked":"Dagger Spray","floor":1.0},{"not_picked":["Bane","Prepared","Outmaneuver"],"picked":"SKIP","floor":2.0},{"not_picked":["Underhanded Strike","Bane"],"picked":"Acrobatics","floor":3.0},{"not_picked":["Bane","Catalyst","Dodge and Roll"],"picked":"SKIP","floor":5.0},{"not_picked":["Footwork","Skewer"],"picked":"Corpse Explosion","floor":7.0},{"not_picked":["Deflect","Sucker Punch"],"picked":"Dodge and Roll","floor":8.0},{"not_picked":["Setup","All Out Attack"],"picked":"Well Laid Plans","floor":11.0},{"not_picked":["Blade Dance","Slice"],"picked":"Noxious Fumes","floor":12.0},{"not_picked":["Flying Knee","Burst"],"picked":"PiercingWail","floor":14.0},{"not_picked":["Tools of the Trade","Adrenaline"],"picked":"Grand Finale","floor":16.0},{"not_picked":["Finisher","Skewer+1"],"picked":"Dagger Throw","floor":18.0},{"not_picked":["Dodge and Roll","Slice","Masterful Stab"],"picked":"SKIP","floor":20.0},{"not_picked":["Deflect+1","Cloak And Dagger","Eviscerate"],"picked":"SKIP","floor":22}],"player_experience":699969,"relics_obtained":[{"floor":9.0,"key":"PreservedInsect"},{"floor":12.0,"key":"Matryoshka"}],"event_choices":[{"damage_healed":0.0,"max_hp_gain":0.0,"max_hp_loss":0.0,"gold_gain":0.0,"event_name":"Golden Idol","player_choice":"Take Damage","floor":13.0,"gold_loss":0.0,"damage_taken":17.0,"relics_obtained":["Golden Idol"]},{"damage_healed":0.0,"max_hp_gain":0.0,"max_hp_loss":0.0,"gold_gain":0.0,"event_name":"Masked Bandits","player_choice":"Fought Bandits","floor":19.0,"gold_loss":0.0,"damage_taken":0.0},{"damage_healed":0.0,"max_hp_gain":0.0,"max_hp_loss":0.0,"gold_gain":0.0,"event_name":"FaceTrader","player_choice":"Trade","floor":21.0,"gold_loss":0.0,"damage_taken":0.0,"relics_obtained":["SsserpentHead"]}],"is_beta":false,"boss_relics":[{"not_picked":["Coffee Dripper","Cursed Key"],"picked":"Ectoplasm"}],"items_purged_floors":[4],"is_endless":false,"potions_floor_spawned":[2,11,12,16,18,19,20],"killed_by":"Cultist and Chosen","ascension_level":10}}