{"host":"jm9833yuloeli2yd","time":1608415250,"event":{"mods":["AchievementEnabler","BaseMod","Better Altar","Better Match","Better Note","Better Sensory Stone","Better Skull","Better Vampires","Colored Map","Colored Powertips","DeckTracker","Minty Spire (QoL Compilation)","Permanent Neow","Quick Restart","Replay The Spire","StSLib","SuperFastMode"],"gold_per_floor":[31,67,98,98,149,149,209,209,233,283,328,289,289,77,77,154,154,155,155,193,203,228,228],"floor_reached":22,"playtime":719,"items_purged":["Strike_G"],"score":426,"play_id":"e0a0639e-f0dd-498c-bd56-6b54872029ad","local_time":"20201219170050","is_ascension_mode":true,"campfire_choices":[{"data":"HandOfGreed","floor":6.0,"key":"SMITH"},{"data":"Draining Mist","floor":15.0,"key":"SMITH"}],"circlet_count":0,"master_deck":["AscendersBane","Strike_G","Strike_G","Strike_G+1","Strike_G","Defend_G","Defend_G","Defend_G","Defend_G","Defend_G","Survivor","Neutralize","HandOfGreed+1","Well Laid Plans+1","Dash","Endless Agony","Dagger Spray","PiercingWail","ReplayTheSpireMod:Speed Training","Draining Mist+1","Night Terror","Finisher"],"relics":["Ring of the Snake","Ring of Hypnosis","Art of War","Replay:Rubber Ducky","Cursed Key"],"acts_visited":["Exordium","TheCity"],"potions_floor_usage":[16],"damage_taken":[{"damage":0.0,"enemies":"Cultist","floor":1.0,"turns":3.0},{"damage":2.0,"enemies":"Jaw Worm","floor":2.0,"turns":5.0},{"damage":0.0,"enemies":"Small Slimes","floor":3.0,"turns":3.0},{"damage":0.0,"enemies":"Exordium Thugs","floor":5.0,"turns":4.0},{"damage":2.0,"enemies":"3 Louse","floor":7.0,"turns":6.0},{"damage":0.0,"enemies":"Gremlin Nob","floor":10.0,"turns":2.0},{"damage":4.0,"enemies":"2 Fungi Beasts","floor":11.0,"turns":4.0},{"damage":17,"enemies":"Hexaghost","floor":16,"turns":14},{"damage":5,"enemies":"2 Thieves","floor":18,"turns":4},{"damage":0,"enemies":"3 Byrds","floor":20,"turns":7},{"damage":19,"enemies":"Sentry and Sphere","floor":21,"turns":5},{"damage":27,"enemies":"Masked Bandits","floor":22,"turns":4}],"seed_played":"-4807659916017561802","potions_obtained":[{"floor":3.0,"key":"AttackPotion"},{"floor":5.0,"key":"Strength Potion"},{"floor":11.0,"key":"FearPotion"},{"floor":13.0,"key":"ColorlessPotion"}],"is_trial":false,"path_per_floor":["M","M","M","?","M","R","M","?","T","E","M","$","?","$","R","B",null,"M","?","M","M","?"],"character_chosen":"THE_SILENT","items_purchased":["ReplayTheSpireMod:Speed Training","Strength Potion","Draining Mist"],"campfire_rested":0,"item_purchase_floors":[12,14,14],"current_hp_per_floor":[59,57,57,37,37,37,35,35,35,35,31,31,31,31,31,14,53,48,48,48,29,2,2],"gold":228,"neow_bonus":"RANDOM_COLORLESS_2","is_daily":false,"chose_seed":false,"campfire_upgraded":2,"win_rate":0.0,"timestamp":1608415250,"path_taken":["M","M","M","?","M","R","M","?","T","E","M","$","?","$","R","BOSS","M","?","M","M","?"],"items_purchased_type":["Card","Potion","Card"],"build_version":"2020-12-13","purchased_purges":1,"victory":false,"max_hp_per_floor":[66,66,66,66,66,66,66,66,66,66,66,66,66,66,66,66,66,66,66,66,66,66,66],"card_choices":[{"not_picked":["Apotheosis","Secret Technique"],"picked":"HandOfGreed","floor":0.0},{"not_picked":["Catalyst","Terror"],"picked":"Well Laid Plans","floor":1.0},{"not_picked":["Sneak Up","Bane"],"picked":"Dash","floor":2.0},{"not_picked":["Distraction","Outmaneuver"],"picked":"Endless Agony","floor":3.0},{"not_picked":["Caltrops","Flying Knee","Bane"],"picked":"SKIP","floor":5.0},{"not_picked":["Grand Finale","Bane"],"picked":"Dagger Spray","floor":7.0},{"not_picked":["Outmaneuver","Backflip","ReplayTheSpireMod:The Works"],"picked":"SKIP","floor":10.0},{"not_picked":["Bane","All Out Attack"],"picked":"PiercingWail","floor":11.0},{"not_picked":["Storm of Steel","ReplayTheSpireMod:From All Sides"],"picked":"Night Terror","floor":16},{"not_picked":["Prepared","Outmaneuver"],"picked":"Finisher","floor":18},{"not_picked":["Backflip","Quick Slash","Reflex"],"picked":"SKIP","floor":20},{"not_picked":["Outmaneuver","Cloak And Dagger","ReplayTheSpireMod:The Works"],"picked":"SKIP","floor":21}],"player_experience":1125405,"relics_obtained":[{"floor":8.0,"key":"Ring of Hypnosis"},{"floor":9.0,"key":"Art of War"},{"floor":10.0,"key":"Replay:Rubber Ducky"}],"event_choices":[{"damage_healed":0.0,"max_hp_gain":0.0,"max_hp_loss":0.0,"gold_gain":0.0,"event_name":"Shining Light","player_choice":"Entered Light","floor":4.0,"gold_loss":0.0,"damage_taken":20.0,"cards_upgraded":["Well Laid Plans","Strike_G"]},{"damage_healed":0.0,"max_hp_gain":0.0,"max_hp_loss":0.0,"gold_gain":0.0,"event_name":"Lab","player_choice":"Got Potions","floor":13.0,"gold_loss":0.0,"damage_taken":0.0},{"damage_healed":0,"gold_gain":0,"player_choice":"Ignored","damage_taken":0,"max_hp_gain":0,"max_hp_loss":0,"event_name":"The Mausoleum","floor":19,"gold_loss":0},{"damage_healed":0,"gold_gain":0,"player_choice":"Fought Bandits","damage_taken":0,"max_hp_gain":0,"max_hp_loss":0,"event_name":"Masked Bandits","floor":22,"gold_loss":0}],"is_beta":false,"boss_relics":[{"not_picked":["WristBlade","Black Star"],"picked":"Cursed Key"}],"items_purged_floors":[14],"is_endless":false,"potions_floor_spawned":[3,5,7,11],"killed_by":"Masked Bandits","ascension_level":20}}