{"host":"640uue19m79c7wbt","time":1608343190,"event":{"mods":["BaseMod","Colored Map","Googly Eyes","Highlight Path","Minty Spire (QoL Compilation)","Quick Restart","StSLib"],"gold_per_floor":[109,109,109,128,278,278,309,309,336,336,353,112,138,152,152,226,226,146,146,146,161,161,161,161],"floor_reached":23,"playtime":874,"items_purged":["Doubt"],"score":440,"play_id":"efe0ce0e-db29-4490-b47d-2dff1b9f79b2","local_time":"20201218205950","is_ascension_mode":true,"campfire_choices":[{"data":"Neutralize","floor":6,"key":"SMITH"},{"data":"Cloak And Dagger","floor":8,"key":"SMITH"},{"floor":10,"key":"RECALL"},{"data":"Tools of the Trade","floor":15,"key":"SMITH"}],"circlet_count":0,"master_deck":["AscendersBane","Strike_G","Strike_G","Strike_G","Strike_G","Defend_G","Defend_G","Defend_G","Defend_G","Defend_G","Survivor","Neutralize+1","Calculated Gamble","Catalyst","Cloak And Dagger+1","Blade Dance","Tools of the Trade+1","Dash","Malaise","Cloak And Dagger","Bullet Time","Underhanded Strike","Caltrops"],"relics":["Ring of the Snake","NeowsBlessing","Ornamental Fan","Gambling Chip","HoveringKite","MutagenicStrength","Toxic Egg 2"],"acts_visited":["Exordium","TheCity"],"potions_floor_usage":[13,13,16],"damage_taken":[{"damage":0,"enemies":"Small Slimes","floor":1,"turns":1},{"damage":0,"enemies":"Jaw Worm","floor":4,"turns":1},{"damage":0,"enemies":"Lagavulin","floor":7,"turns":1},{"damage":0,"enemies":"Cultist","floor":11,"turns":5},{"damage":2,"enemies":"3 Sentries","floor":13,"turns":7},{"damage":2,"enemies":"3 Louse","floor":14,"turns":3},{"damage":25,"enemies":"The Guardian","floor":16,"turns":18},{"damage":5,"enemies":"2 Thieves","floor":18,"turns":4},{"damage":8,"enemies":"Chosen","floor":21,"turns":6},{"damage":27,"enemies":"Gremlin Leader","floor":23,"turns":7}],"seed_played":"8072477737838230809","potions_obtained":[{"floor":1,"key":"CunningPotion"},{"floor":4,"key":"Poison Potion"},{"floor":14,"key":"Explosive Potion"}],"is_trial":false,"path_per_floor":["M","?","?","M","?","R","E","R","T","R","M","$","E","M","R","B",null,"M","?","?","M","T","E"],"character_chosen":"THE_SILENT","items_purchased":["Tools of the Trade","Dash"],"campfire_rested":0,"item_purchase_floors":[12,12],"current_hp_per_floor":[59,52,57,57,57,57,57,57,57,57,57,57,55,53,53,28,60,55,55,35,27,27,0,0],"gold":161,"neow_bonus":"THREE_ENEMY_KILL","is_daily":false,"chose_seed":false,"campfire_upgraded":3,"win_rate":0.0,"timestamp":1608343190,"path_taken":["M","?","?","M","?","R","E","R","T","R","?","?","E","M","R","BOSS","M","?","?","M","?","E"],"items_purchased_type":["Card","Card"],"build_version":"2020-12-13","purchased_purges":1,"victory":false,"max_hp_per_floor":[66,66,71,71,71,71,71,71,71,71,71,71,71,71,71,71,71,71,71,76,76,76,76,76],"card_choices":[{"not_picked":["All Out Attack","Expertise"],"picked":"Calculated Gamble","floor":1},{"not_picked":["Outmaneuver","Backflip"],"picked":"Catalyst","floor":4},{"not_picked":["Deflect","Bane"],"picked":"Cloak And Dagger","floor":7},{"not_picked":["Prepared","Poisoned Stab"],"picked":"Blade Dance","floor":11},{"not_picked":["Bane","Flechettes"],"picked":"Malaise","floor":13},{"not_picked":["Flechettes","PiercingWail"],"picked":"Cloak And Dagger","floor":14},{"not_picked":["A Thousand Cuts","Phantasmal Killer"],"picked":"Bullet Time","floor":16},{"not_picked":["Poisoned Stab","Flying Knee"],"picked":"Underhanded Strike","floor":18},{"not_picked":["Poisoned Stab","PiercingWail"],"picked":"Caltrops","floor":21}],"player_experience":1217526,"relics_obtained":[{"floor":7,"key":"Ornamental Fan"},{"floor":13,"key":"Gambling Chip"},{"floor":22,"key":"Toxic Egg 2"}],"event_choices":[{"cards_removed":["Strike_G"],"damage_healed":0,"gold_gain":0,"player_choice":"Card Removal","damage_taken":7,"max_hp_gain":0,"max_hp_loss":0,"event_name":"Golden Wing","floor":2,"gold_loss":0},{"damage_healed":0,"gold_gain":0,"player_choice":"Donut","damage_taken":0,"max_hp_gain":5,"max_hp_loss":0,"event_name":"Big Fish","floor":3,"gold_loss":0},{"damage_healed":0,"gold_gain":150,"player_choice":"AGREE","damage_taken":0,"max_hp_gain":0,"max_hp_loss":0,"event_name":"Liars Game","floor":5,"gold_loss":0,"cards_obtained":["Doubt"]},{"damage_healed":0,"gold_gain":0,"player_choice":"Inject Mutagens","damage_taken":0,"relics_obtained":["MutagenicStrength"],"max_hp_gain":0,"max_hp_loss":0,"event_name":"Drug Dealer","floor":19,"gold_loss":0},{"damage_healed":0,"gold_gain":0,"player_choice":"Shed Blood","damage_taken":25,"max_hp_gain":5,"max_hp_loss":0,"event_name":"Forgotten Altar","floor":20,"gold_loss":0}],"is_beta":false,"boss_relics":[{"not_picked":["Velvet Choker","Coffee Dripper"],"picked":"HoveringKite"}],"items_purged_floors":[12],"is_endless":false,"potions_floor_spawned":[1,4,14],"killed_by":"Gremlin Leader","ascension_level":20}}