{"host":"daa8jqyg4gqfaysm","time":1608357517,"event":{"mods":["BaseMod","Colored Powertips","Minty Spire (QoL Compilation)","StSLib"],"gold_per_floor":[110,129,279,279,279,279,298,325,325,345,345,0,0,27,27,27,27],"floor_reached":16,"playtime":340,"items_purged":["Doubt"],"score":189,"play_id":"f2f2bf95-bda3-4be3-a044-67a4d0e7d84d","local_time":"20201219135837","is_ascension_mode":true,"campfire_choices":[{"data":"Headbutt","floor":6,"key":"SMITH"},{"data":"Spot Weakness","floor":11,"key":"SMITH"},{"data":"Inflame","floor":15,"key":"SMITH"}],"circlet_count":0,"master_deck":["AscendersBane","Strike_R","Strike_R","Strike_R","Strike_R","Strike_R","Defend_R","Defend_R","Defend_R","Defend_R","Bash+1","Headbutt+1","Hemokinesis+1","Inflame+1","Spot Weakness+1","Shrug It Off"],"relics":["Burning Blood","Letter Opener","Matryoshka","Membership Card","HornCleat","Pen Nib"],"acts_visited":["Exordium"],"potions_floor_usage":[16],"damage_taken":[{"damage":0,"enemies":"2 Louse","floor":1,"turns":4},{"damage":10,"enemies":"Small Slimes","floor":2,"turns":3},{"damage":8,"enemies":"Cultist","floor":7,"turns":3},{"damage":18,"enemies":"Gremlin Nob","floor":8,"turns":3},{"damage":24,"enemies":"Red Slaver","floor":10,"turns":5},{"damage":13,"enemies":"Lagavulin","floor":14,"turns":5},{"damage":37,"enemies":"Slime Boss","floor":16,"turns":8}],"seed_played":"5522586903763488807","potions_obtained":[{"floor":7,"key":"EssenceOfSteel"},{"floor":8,"key":"FearPotion"},{"floor":13,"key":"SteroidPotion"}],"is_trial":false,"path_per_floor":["M","M","?","?","?","R","M","E","T","M","R","$","?","E","R","B"],"character_chosen":"IRONCLAD","items_purchased":["Membership Card","HornCleat","Shrug It Off"],"campfire_rested":0,"item_purchase_floors":[12,12,12],"current_hp_per_floor":[81,77,77,77,77,77,75,63,63,45,45,45,45,38,38,1,1],"gold":27,"neow_bonus":"TEN_PERCENT_HP_BONUS","is_daily":false,"chose_seed":false,"campfire_upgraded":3,"win_rate":0.0,"timestamp":1608357517,"path_taken":["M","M","?","?","?","R","M","E","T","?","R","?","?","E","R","BOSS"],"items_purchased_type":["Relic","Relic","Card"],"build_version":"2020-12-13","purchased_purges":1,"victory":false,"max_hp_per_floor":[82,82,82,82,82,82,82,82,82,82,82,82,82,82,82,82,82],"card_choices":[{"not_picked":["Body Slam","Blood for Blood"],"picked":"Headbutt","floor":1},{"not_picked":["Armaments","Second Wind"],"picked":"Hemokinesis","floor":2},{"not_picked":["Havoc","Iron Wave"],"picked":"Inflame","floor":7},{"not_picked":["Carnage","Clash"],"picked":"Spot Weakness","floor":8},{"not_picked":["Wild Strike","Perfected Strike","Iron Wave"],"picked":"SKIP","floor":10},{"not_picked":["Inflame","Thunderclap","Shrug It Off"],"picked":"SKIP","floor":14}],"player_experience":699407,"relics_obtained":[{"floor":8,"key":"Letter Opener"},{"floor":9,"key":"Matryoshka"},{"floor":14,"key":"Pen Nib"}],"event_choices":[{"damage_healed":0,"gold_gain":150,"player_choice":"AGREE","damage_taken":0,"max_hp_gain":0,"max_hp_loss":0,"event_name":"Liars Game","floor":3,"gold_loss":0,"cards_obtained":["Doubt"]},{"damage_healed":0,"gold_gain":0,"player_choice":"Grow","damage_taken":0,"max_hp_gain":0,"max_hp_loss":0,"event_name":"Living Wall","floor":4,"gold_loss":0,"cards_upgraded":["Bash"]},{"damage_healed":0,"gold_gain":0,"player_choice":"Forge","damage_taken":0,"max_hp_gain":0,"max_hp_loss":0,"event_name":"Accursed Blacksmith","floor":5,"gold_loss":0,"cards_upgraded":["Hemokinesis"]},{"damage_healed":0,"gold_gain":0,"player_choice":"Got Potions","damage_taken":0,"max_hp_gain":0,"max_hp_loss":0,"event_name":"Lab","floor":13,"gold_loss":0}],"is_beta":false,"boss_relics":[],"items_purged_floors":[12],"is_endless":false,"potions_floor_spawned":[7,8,14],"killed_by":"Slime Boss","ascension_level":15}}