{"host":"yuhy0i501zzmn1iz","time":1608354539,"event":{"mods":["BaseMod","Better Third Choice","Downfall","Minty Spire (QoL Compilation)","StSLib","The Blue Laboratory"],"gold_per_floor":[99,134,134,134,134,134,134,149,169,194,214,314,329,19,35,137,137,137,54,54,70,105,105,154,220,238,238,20,20,20,40,55,55,55],"floor_reached":33,"playtime":2383,"items_purged":[],"score":348,"play_id":"75f2a216-8e08-4817-b8cd-cb994da7430c","local_time":"20201219000859","is_ascension_mode":false,"campfire_choices":[{"data":"champ:Taunt","floor":1,"key":"SMITH"},{"data":"champ:Backstep","floor":4,"key":"SMITH"},{"data":"champ:DeathBlow","floor":6,"key":"SMITH"},{"data":"champ:BerserkerStyle","floor":18,"key":"SMITH"},{"data":"champ:SwordThrow","floor":23,"key":"SMITH"},{"data":"champ:CalledShot","floor":27,"key":"SMITH"}],"circlet_count":0,"master_deck":["champ:Defend","champ:Defend","champ:Defend","champ:Defend","champ:Execute","champ:Taunt+1","champ:Backstep+1","champ:CrookedStrike","champ:DeathBlow+1","champ:BringItOn","champ:SwordThrow+1","champ:AdrenalArmor","champ:EnragedBash","champ:CrookedStrike","champ:HoldFirm","champ:BerserkerStyle+1","champ:ShieldSlam","champ:Shatter","champ:FalseCounter","champ:StrikeOfGenius","champ:HeartStrike+1","champ:Lariat","champ:RecklessLeap","champ:CalledShot+1","Thinking Ahead","champ:VampiricStrike","champ:FightOn","expansioncontent:QuickStudy","Bite","Bite","Bite","Bite","Bite","champ:StanceDance","champ:PerfectedStrike"],"relics":["champ:ChampionCrown","downfall:HeartsMalice","Pen Nib","Question Card","Juzu Bracelet","champ:BerserkersGuideToSlaughter","champ:ChampionCrownUpgraded","Smiling Mask","Akabeko","Nilry\u0027s Codex"],"acts_visited":["Exordium","TheCity"],"potions_floor_usage":[10,16,19,31,33],"damage_taken":[{"damage":0,"enemies":"3 Sentries","floor":2,"turns":1},{"damage":0,"enemies":"Cultist","floor":3,"turns":1},{"damage":0,"enemies":"Jaw Worm","floor":5,"turns":1},{"damage":36,"enemies":"2 Louse","floor":8,"turns":3},{"damage":33,"enemies":"Blue Slaver","floor":9,"turns":4},{"damage":44,"enemies":"Gremlin Nob","floor":10,"turns":4},{"damage":25,"enemies":"Exordium Wildlife","floor":11,"turns":3},{"damage":20,"enemies":"2 Fungi Beasts","floor":13,"turns":3},{"damage":55,"enemies":"downfall:FleeingMerchant","floor":14,"turns":4},{"damage":25,"enemies":"Large Slime","floor":15,"turns":4},{"damage":104,"enemies":"downfall:Defect","floor":16,"turns":7},{"damage":56,"enemies":"downfall:FleeingMerchant","floor":19,"turns":4},{"damage":0,"enemies":"Spheric Guardian","floor":21,"turns":2},{"damage":72,"enemies":"Gremlin Leader","floor":22,"turns":6},{"damage":24,"enemies":"downfall:FleeingMerchant","floor":25,"turns":3},{"damage":19,"enemies":"Shell Parasite","floor":26,"turns":3},{"damage":19,"enemies":"Cultist and Chosen","floor":31,"turns":5},{"damage":24,"enemies":"Shelled Parasite and Fungi","floor":32,"turns":3},{"damage":67,"enemies":"downfall:Ironclad","floor":33,"turns":4}],"seed_played":"-5037422086318950342","potions_obtained":[{"floor":8,"key":"blueLaboratory:CorrosionFlask"},{"floor":9,"key":"AttackPotion"},{"floor":13,"key":"champ:TechniquePotion"},{"floor":16,"key":"blueLaboratory:RecallPotion"},{"floor":21,"key":"blueLaboratory:BottleOfRum"},{"floor":22,"key":"Fire Potion"},{"floor":31,"key":"champ:CounterPotion"}],"is_trial":false,"path_per_floor":["R","E","M","R","M","R","T","M","M","E","M","?","M","$","M","B",null,"R","$","?","M","E","R","T","$","M","R","$","?","?","M","M","B"],"character_chosen":"THE_CHAMP","items_purchased":["Juzu Bracelet","champ:BerserkersGuideToSlaughter","champ:FalseCounter","champ:CalledShot","Thinking Ahead","champ:FightOn","expansioncontent:QuickStudy"],"campfire_rested":0,"item_purchase_floors":[14,14,19,25,25,28,28],"current_hp_per_floor":[90,90,90,90,90,90,90,84,76,62,62,62,49,64,74,25,90,90,90,90,90,80,80,80,90,90,90,90,74,62,54,62,0,0],"gold":55,"neow_bonus":"THREE_ENEMY_KILL","is_daily":false,"chose_seed":false,"campfire_upgraded":6,"win_rate":0.0,"timestamp":1608354539,"path_taken":["R","E","M","R","M","R","T","M","M","E","?","?","M","$","M","BOSS","R","$","?","M","E","R","T","$","M","R","$","?","?","M","M","BOSS"],"items_purchased_type":["Relic","Relic","Card","Card","Card","Card","Card"],"build_version":"2020-12-13","purchased_purges":0,"victory":false,"max_hp_per_floor":[90,90,90,90,90,90,90,90,90,90,90,90,90,90,90,90,90,90,90,90,90,90,90,90,90,90,90,90,90,62,62,62,62,62],"card_choices":[{"not_picked":["champ:FlashCut","champ:Circumvent"],"picked":"champ:Backstep","floor":2},{"not_picked":["champ:Circumvent","champ:StanceDance"],"picked":"champ:CrookedStrike","floor":3},{"not_picked":["champ:BringItOn","champ:ViciousMockery"],"picked":"champ:DeathBlow","floor":5},{"not_picked":["champ:FlashCut","champ:TornadoPunch"],"picked":"champ:BringItOn","floor":8},{"not_picked":["champ:FlashCut","champ:BladeFlurry"],"picked":"champ:SwordThrow","floor":9},{"not_picked":["champ:Encircle","champ:BringItOn"],"picked":"champ:AdrenalArmor","floor":10},{"not_picked":["champ:BladeFlurry","champ:AdrenalArmor","champ:GladiatorStyle"],"picked":"champ:EnragedBash","floor":11},{"not_picked":["champ:BladeFlurry","champ:BerserkersShout","champ:Duel"],"picked":"champ:CrookedStrike","floor":13},{"not_picked":["champ:IronFortress","champ:BladeFlurry","champ:DeathBlow"],"picked":"champ:HoldFirm","floor":14},{"not_picked":["champ:Circumvent","champ:GladiatorStyle","champ:EnGarde"],"picked":"champ:BerserkerStyle","floor":15},{"not_picked":["champ:HeavySlash","champ:StrikeOfGenius","champ:SwordThrow"],"picked":"champ:ShieldSlam","floor":16},{"not_picked":["champ:GladiatorsShout+1","champ:FocusedBerserking","champ:TornadoPunch"],"picked":"champ:Shatter","floor":19},{"not_picked":["champ:GladiatorsShout","champ:Duel","champ:FocusedDefense"],"picked":"champ:HeartStrike+1","floor":21},{"not_picked":["champ:TornadoPunch","champ:PreciseThrust","champ:CrookedStrike+1"],"picked":"champ:Lariat","floor":22},{"not_picked":["champ:StanceDance","champ:CrookedStrike","champ:GutPunch"],"picked":"champ:RecklessLeap","floor":25},{"not_picked":["champ:CalledShot+1","champ:Encircle","champ:StanceDance"],"picked":"champ:VampiricStrike","floor":26},{"not_picked":["champ:Backstep+1","champ:BladeFlurry","champ:FocusedGladiator"],"picked":"champ:StanceDance","floor":31},{"not_picked":["champ:CrookedStrike","champ:EnGarde","champ:Riposte"],"picked":"champ:PerfectedStrike","floor":32}],"player_experience":206661,"relics_obtained":[{"floor":2,"key":"Pen Nib"},{"floor":7,"key":"MealTicket"},{"floor":10,"key":"Question Card"},{"floor":22,"key":"Smiling Mask"},{"floor":24,"key":"Akabeko"},{"floor":29,"key":"Nilry\u0027s Codex"}],"event_choices":[{"damage_healed":0,"gold_gain":100,"player_choice":"Gold","damage_taken":0,"max_hp_gain":0,"max_hp_loss":0,"event_name":"Wheel of Change","floor":12,"gold_loss":0},{"damage_healed":0,"gold_gain":0,"player_choice":"Became a vampire","damage_taken":0,"max_hp_gain":0,"max_hp_loss":28,"event_name":"Vampires","floor":30,"gold_loss":0,"cards_obtained":["Bite","Bite","Bite","Bite","Bite"]}],"is_beta":false,"boss_relics":[{"not_picked":["Fusion Hammer","Snecko Eye"],"picked":"champ:ChampionCrownUpgraded"}],"items_purged_floors":[],"is_endless":false,"potions_floor_spawned":[8,9,13,16,21,22,31,32],"killed_by":"downfall:Ironclad","ascension_level":0}}