{"host":"0vd2boh2oi7jm085","time":1608380978,"event":{"mods":["BaseMod","Colored Map","Colored Powertips","Highlight Path","Minty Spire (QoL Compilation)","Quick Restart","StSLib","The IronCluck"],"gold_per_floor":[109,128,128,144,164,164,164,164,218,218,232,232,58,129,129,201,201,211,211,211,49,49,49,82,82,134,163,163,133,149,159,159,231,231,250,265,265,107,120,120,138,167,167,5,25,41,41,57,57,57,57],"floor_reached":50,"playtime":1858,"items_purged":[],"score":1074,"play_id":"5c5c6f66-9b71-4854-9c73-7fa877c12ea5","local_time":"20201219042938","is_ascension_mode":true,"campfire_choices":[{"floor":6.0,"key":"REST"},{"data":"Anger","floor":10.0,"key":"SMITH"},{"data":"Flex","floor":12.0,"key":"SMITH"},{"data":"Immolate","floor":15.0,"key":"SMITH"},{"data":"Ghostly","floor":23.0,"key":"SMITH"},{"data":"Ghostly","floor":25.0,"key":"SMITH"},{"data":"Ghostly","floor":28.0,"key":"SMITH"},{"data":"Ghostly","floor":32.0,"key":"SMITH"},{"data":"Double Tap","floor":40.0,"key":"SMITH"},{"floor":49.0,"key":"REST"}],"circlet_count":0,"master_deck":["AscendersBane","Strike_R","Strike_R","Strike_R","Strike_R","Strike_R","Defend_R+1","Defend_R","Defend_R","Defend_R","Bash","Anger+1","Inflame+1","Infernal Blade+1","Flex+1","Immolate+1","Double Tap+1","Seeing Red+1","Ghostly+1","Ghostly+1","Ghostly+1","Ghostly+1","Heavy Blade","Parasite"],"relics":["Burning Blood","NeowsBlessing","War Paint","InkBottle","Philosopher\u0027s Stone","DollysMirror","Pen Nib","Centennial Puzzle","Boot","SlaversCollar","HandDrill","HornCleat","Blue Candle","Vajra"],"acts_visited":["Exordium","TheCity","TheBeyond"],"potions_floor_usage":[50],"damage_taken":[{"damage":0.0,"enemies":"Small Slimes","floor":1.0,"turns":1.0},{"damage":0.0,"enemies":"Cultist","floor":2.0,"turns":1.0},{"damage":0.0,"enemies":"Jaw Worm","floor":4.0,"turns":1.0},{"damage":32.0,"enemies":"Exordium Wildlife","floor":5.0,"turns":4.0},{"damage":6.0,"enemies":"2 Fungi Beasts","floor":11.0,"turns":2.0},{"damage":59.0,"enemies":"Hexaghost","floor":16.0,"turns":7.0},{"damage":22.0,"enemies":"Spheric Guardian","floor":18.0,"turns":4.0},{"damage":17.0,"enemies":"Book of Stabbing","floor":24.0,"turns":5.0},{"damage":4.0,"enemies":"Gremlin Leader","floor":27.0,"turns":5.0},{"damage":0.0,"enemies":"2 Thieves","floor":29.0,"turns":4.0},{"damage":3.0,"enemies":"Snake Plant","floor":30.0,"turns":3.0},{"damage":3.0,"enemies":"Cultist and Chosen","floor":31.0,"turns":6.0},{"damage":23.0,"enemies":"Champ","floor":33.0,"turns":9.0},{"damage":0.0,"enemies":"3 Darklings","floor":35.0,"turns":1.0},{"damage":2.0,"enemies":"Orb Walker","floor":36.0,"turns":3.0},{"damage":4.0,"enemies":"Writhing Mass","floor":39.0,"turns":5.0},{"damage":7.0,"enemies":"4 Shapes","floor":41.0,"turns":4.0},{"damage":0.0,"enemies":"Reptomancer","floor":42.0,"turns":6.0},{"damage":6.0,"enemies":"Maw","floor":45.0,"turns":8.0},{"damage":1.0,"enemies":"Sphere and 2 Shapes","floor":46.0,"turns":2.0},{"damage":23.0,"enemies":"4 Shapes","floor":48.0,"turns":6.0},{"damage":25,"enemies":"Awakened One","floor":50,"turns":7}],"seed_played":"-8803258587790471571","potions_obtained":[{"floor":5.0,"key":"Regen Potion"},{"floor":11.0,"key":"Ancient Potion"},{"floor":18.0,"key":"FearPotion"},{"floor":35.0,"key":"DuplicationPotion"}],"is_trial":false,"path_per_floor":["M","M","?","M","M","R","?","$","T","R","M","R","$","T","R","B",null,"M","?","?","$","$","R","E","R","T","E","R","M","M","M","R","B",null,"M","M","?","$","M","R","M","E","T","$","M","M","?","M","R","B"],"character_chosen":"IRONCLAD","items_purchased":["Immolate","DollysMirror","HandDrill","Vajra"],"campfire_rested":2,"item_purchase_floors":[13,21,38,44],"current_hp_per_floor":[74,75,75,75,49,71,71,71,71,71,71,71,71,71,71,32,64,48,37,37,37,37,37,26,26,26,28,28,34,37,37,37,20,33,37,37,37,37,37,37,36,37,37,37,37,37,37,20,31,6,6],"gold":57,"neow_bonus":"THREE_ENEMY_KILL","is_daily":false,"chose_seed":false,"campfire_upgraded":8,"win_rate":0.0,"timestamp":1608380978,"path_taken":["M","M","?","?","M","R","?","$","T","R","M","R","?","?","R","BOSS","M","?","?","?","$","R","E","R","T","E","R","?","M","M","R","BOSS","M","M","?","?","?","R","M","E","T","$","M","M","?","M","R","BOSS"],"items_purchased_type":["Card","Relic","Relic","Relic"],"build_version":"2020-12-13","purchased_purges":0,"victory":false,"max_hp_per_floor":[75,75,75,75,75,75,75,75,75,75,75,75,75,75,75,75,75,75,37,37,37,37,37,37,37,37,37,37,37,37,37,37,37,37,37,37,37,37,37,37,37,37,37,37,37,37,37,37,37,37,37],"card_choices":[{"not_picked":["Sword Boomerang","Headbutt"],"picked":"Anger","floor":1.0},{"not_picked":["Armaments","Heavy Blade"],"picked":"Inflame","floor":2.0},{"not_picked":["Armaments","Sword Boomerang"],"picked":"Infernal Blade","floor":4.0},{"not_picked":["Warcry","Cleave","Disarm"],"picked":"SKIP","floor":5.0},{"not_picked":["Shrug It Off","Cleave"],"picked":"Flex","floor":11.0},{"not_picked":["Feed","Exhume"],"picked":"Double Tap","floor":16.0},{"not_picked":["Intimidate","Sword Boomerang"],"picked":"Seeing Red+1","floor":18.0},{"not_picked":["Rampage","Pommel Strike"],"picked":"Heavy Blade","floor":24.0},{"not_picked":["True Grit","Cleave","Reckless Charge"],"picked":"SKIP","floor":27.0},{"not_picked":["Power Through","Clash","Iron Wave+1"],"picked":"SKIP","floor":29.0},{"not_picked":["Twin Strike","Fire Breathing+1","Clothesline+1"],"picked":"SKIP","floor":30.0},{"not_picked":["Sword Boomerang","Wild Strike","Flex"],"picked":"SKIP","floor":31.0},{"not_picked":["Entrench","Searing Blow+1","Body Slam"],"picked":"SKIP","floor":35.0},{"not_picked":["Armaments","Dual Wield","Perfected Strike"],"picked":"SKIP","floor":36.0},{"not_picked":["Warcry","Sword Boomerang","Havoc"],"picked":"SKIP","floor":39.0},{"not_picked":["Intimidate","Rampage","Cleave+1"],"picked":"SKIP","floor":41.0},{"not_picked":["Warcry","Uppercut","Flame Barrier"],"picked":"SKIP","floor":42.0},{"not_picked":["True Grit","Cleave","Rampage+1"],"picked":"SKIP","floor":45.0},{"not_picked":["Iron Wave","Thunderclap","Heavy Blade"],"picked":"SKIP","floor":46.0},{"not_picked":["Rupture+1","Entrench","Intimidate"],"picked":"SKIP","floor":48.0}],"player_experience":93377,"relics_obtained":[{"floor":9.0,"key":"War Paint"},{"floor":14.0,"key":"InkBottle"},{"floor":24.0,"key":"Pen Nib"},{"floor":26.0,"key":"Centennial Puzzle"},{"floor":27.0,"key":"Boot"},{"floor":42.0,"key":"HornCleat"},{"floor":43.0,"key":"Blue Candle"}],"event_choices":[{"damage_healed":0.0,"max_hp_gain":0.0,"max_hp_loss":0.0,"gold_gain":0.0,"event_name":"Accursed Blacksmith","player_choice":"Forge","floor":3.0,"gold_loss":0.0,"damage_taken":0.0,"cards_upgraded":["Inflame"]},{"damage_healed":0.0,"max_hp_gain":0.0,"max_hp_loss":0.0,"gold_gain":0.0,"event_name":"Shining Light","player_choice":"Ignored","floor":7.0,"gold_loss":0.0,"damage_taken":0.0},{"damage_healed":0.0,"max_hp_gain":0.0,"max_hp_loss":38.0,"gold_gain":0.0,"event_name":"Ghosts","player_choice":"Became a Ghost","floor":19.0,"gold_loss":0.0,"damage_taken":0.0,"cards_obtained":["Ghostly","Ghostly","Ghostly"]},{"damage_healed":0.0,"max_hp_gain":0.0,"max_hp_loss":0.0,"gold_gain":0.0,"event_name":"Vampires","player_choice":"Ignored","floor":20.0,"gold_loss":0.0,"damage_taken":0.0},{"damage_healed":0.0,"max_hp_gain":0.0,"max_hp_loss":0.0,"gold_gain":0.0,"event_name":"Purifier","player_choice":"Ignored","floor":37.0,"gold_loss":0.0,"damage_taken":0.0},{"damage_healed":0.0,"max_hp_gain":0.0,"max_hp_loss":0.0,"gold_gain":0.0,"event_name":"SensoryStone","player_choice":"Memory 1","floor":47.0,"gold_loss":0.0,"damage_taken":0.0}],"is_beta":false,"boss_relics":[{"not_picked":["Runic Pyramid","SacredBark"],"picked":"Philosopher\u0027s Stone"},{"not_picked":["Mark of Pain","Runic Dome"],"picked":"SlaversCollar"}],"items_purged_floors":[],"is_endless":false,"potions_floor_spawned":[5,11,18,27,29,30,35,39],"killed_by":"Awakened One","ascension_level":18}}