{"host":"xodzlm10r37577ou","time":1608392374,"event":{"mods":["Act Like it!","BaseMod","Gensokyo","Koishi","KomeijiMod","Marisa（F雨　魔理沙）","Minty Spire (QoL Compilation)","Reimu（博丽灵梦）","Remilia（蕾米莉亚）","Replay The Spire","StSLib","The Administrix","The Servant 0.9.4","Youmu（魂魄妖梦）","【东方二次创作】八云紫mod"],"gold_per_floor":[113,36,36,54,69,69,95,112,112,137,137,153,169,13,13,116,116,127,226,237,197,209,239,239,239,239],"floor_reached":25,"playtime":1058,"items_purged":[],"score":280,"play_id":"3304a50c-b2b8-413a-8098-67d632dc6aa6","local_time":"20201219233934","is_ascension_mode":true,"campfire_choices":[{"data":"Koishi:SubterraneanRose","floor":6.0,"key":"SMITH"},{"data":"Koishi:HauntingSlash","floor":11.0,"key":"SMITH"},{"data":"Koishi:FidgetySnatcher","floor":15.0,"key":"SMITH"},{"data":"ZunPunch:ReiMu","floor":24,"key":"SMITH"}],"circlet_count":0,"master_deck":["Koishi:BasicStrike","Koishi:BasicStrike","Koishi:BasicStrike","Koishi:BasicStrike","Koishi:BasicDefend","Koishi:BasicDefend","Koishi:BasicDefend","Koishi:BasicDefend","Koishi:Provoke","Koishi:HauntingSlash+1","Koishi:SubterraneanRose+1","Koishi:FreudianInstinct","Koishi:ReflexRadar","Koishi:FleetingPhantom","Koishi:LastRemote","Koishi:MentalBreakdown","Koishi:FidgetySnatcher+1","Koishi:MindStellarRelief","Koishi:MassHysteria","Koishi:YoukaiPolygraph","ZunPunch:ReiMu+1","Koishi:SubterraneanRose","Koishi:ReleaseOfTheId"],"relics":["Velvet Choker","Bottled Tornado","Replay:Accelerometer","Snack Pack","Bronze Scales","Ring of Chaos","ReplayTheSpireMod:Shallot"],"acts_visited":["Exordium","TheCity"],"potions_floor_usage":[25],"damage_taken":[{"damage":2.0,"enemies":"2 Louse","floor":1.0,"turns":2.0},{"damage":0.0,"enemies":"Small Slimes","floor":4.0,"turns":3.0},{"damage":7.0,"enemies":"Jaw Worm","floor":5.0,"turns":3.0},{"damage":15.0,"enemies":"Gremlin Nob","floor":7.0,"turns":7.0},{"damage":0.0,"enemies":"Blue Slaver","floor":8.0,"turns":4.0},{"damage":13.0,"enemies":"Replay:BlueRogue","floor":10.0,"turns":5.0},{"damage":10.0,"enemies":"Exordium Thugs","floor":12.0,"turns":6.0},{"damage":3.0,"enemies":"Lots of Slimes","floor":13.0,"turns":2.0},{"damage":19.0,"enemies":"Fading Forest","floor":16.0,"turns":11.0},{"damage":16.0,"enemies":"Spheric Guardian","floor":18.0,"turns":4.0},{"damage":17.0,"enemies":"2 Thieves","floor":20.0,"turns":3.0},{"damage":0,"enemies":"Snake Plant","floor":22,"turns":3},{"damage":41,"enemies":"Replay:Snechameleon","floor":23,"turns":4},{"damage":10,"enemies":"Slavers","floor":25,"turns":1}],"seed_played":"8358670443541288921","potions_obtained":[{"floor":8.0,"key":"Venom Potion"},{"floor":12.0,"key":"Reflective Coating"},{"floor":13.0,"key":"Milkshake"},{"floor":16.0,"key":"Regen Potion"},{"floor":22,"key":"Strength Potion"}],"is_trial":false,"path_per_floor":["M","$","?","M","M","R","E","M","T","E","R","M","M","$","R","B",null,"M","?","M","?","M","E","R","E"],"character_chosen":"KOISHI","items_purchased":["Koishi:FreudianInstinct","Bronze Scales"],"campfire_rested":0,"item_purchase_floors":[2,14],"current_hp_per_floor":[58,58,58,59,53,53,41,43,43,31,31,25,24,24,24,25,60,44,44,31,31,37,4,4,0,0],"gold":239,"neow_bonus":"BOSS_RELIC","is_daily":false,"chose_seed":false,"campfire_upgraded":4,"win_rate":0.0,"timestamp":1608392374,"path_taken":["M","$","?","M","M","R","E","M","T","E","R","M","M","$","R","BOSS","M","?","M","?","M","E","R","E"],"items_purchased_type":["Card","Relic"],"build_version":"2020-12-13","purchased_purges":0,"victory":false,"max_hp_per_floor":[60,60,60,60,60,60,60,60,60,60,60,60,60,60,60,60,60,60,60,60,60,60,60,60,60,60],"card_choices":[{"not_picked":["Koishi:Possession","Koishi:PhantomBarrier"],"picked":"Koishi:SubterraneanRose","floor":1.0},{"not_picked":["Koishi:StingingMind","Koishi:Prune"],"picked":"Koishi:ReflexRadar","floor":4.0},{"not_picked":["Koishi:PhantomStrike","Koishi:ApparitionsStalkTheNight"],"picked":"Koishi:FleetingPhantom","floor":5.0},{"not_picked":["Koishi:DreadfulBlow","Koishi:VengefulSpirit"],"picked":"Koishi:LastRemote","floor":7.0},{"not_picked":["Koishi:EmbersOfLove","Koishi:Jaunt"],"picked":"Koishi:MentalBreakdown","floor":8.0},{"not_picked":["Koishi:SpiritedAway","Koishi:DanmakuParanoia","Koishi:FormlessExistence"],"picked":"SKIP","floor":10.0},{"not_picked":["Koishi:DNAsFlaw","Koishi:ApparitionsStalkTheNight","Koishi:HeartfeltFancy"],"picked":"SKIP","floor":12.0},{"not_picked":["Koishi:StingingMind","Koishi:Bloodlust"],"picked":"Koishi:FidgetySnatcher","floor":13.0},{"not_picked":["Koishi:ImGoingToCallYouNow","Koishi:SilentAndRestless"],"picked":"Koishi:MindStellarRelief","floor":16.0},{"not_picked":["Koishi:SpiritedAway","Koishi:ReflexRadar"],"picked":"Koishi:MassHysteria","floor":18.0},{"not_picked":["Koishi:DreadfulBlow","Koishi:UnansweredLove"],"picked":"Koishi:YoukaiPolygraph","floor":20.0},{"not_picked":["Koishi:CatchAndRose","Koishi:RacingHeart"],"picked":"Koishi:SubterraneanRose","floor":22},{"not_picked":["Koishi:RacingHeart","Koishi:FleetingPhantom"],"picked":"Koishi:ReleaseOfTheId","floor":23}],"player_experience":916441,"relics_obtained":[{"floor":7.0,"key":"Bottled Tornado"},{"floor":9.0,"key":"Replay:Accelerometer"},{"floor":10.0,"key":"Snack Pack"},{"floor":23,"key":"ReplayTheSpireMod:Shallot"}],"event_choices":[{"damage_healed":0.0,"max_hp_gain":0.0,"max_hp_loss":0.0,"gold_gain":99.0,"event_name":"Nest","player_choice":"Stole From Cult","floor":19.0,"gold_loss":0.0,"damage_taken":0.0},{"damage_healed":0.0,"max_hp_gain":0.0,"max_hp_loss":0.0,"gold_gain":0.0,"event_name":"ZunEvent","player_choice":"交出神酒","floor":21.0,"relics_lost":["ZunR:ReiMu"],"gold_loss":0.0,"damage_taken":0.0,"cards_obtained":["ZunPunch:ReiMu"]}],"is_beta":false,"boss_relics":[{"not_picked":["Replay:Bronze Core","Sozu"],"picked":"Ring of Chaos"}],"items_purged_floors":[],"is_endless":false,"potions_floor_spawned":[8,12,13,16,22],"killed_by":"Slavers","ascension_level":4}}