{"host":"08t08ld674si40tv","time":1608352444,"event":{"mods":["AchievementEnabler","BaseMod","Colored Map","Minty Spire (QoL Compilation)","StSLib","SuperFastMode"],"gold_per_floor":[36,73,91,166,91,91,158,201,228,228,228],"floor_reached":10,"playtime":333,"items_purged":["Strike_G"],"score":118,"play_id":"69b7e0dd-9552-45a8-9295-90f2723f4e46","local_time":"20201219133404","is_ascension_mode":true,"campfire_choices":[{"data":"HandOfGreed","floor":6,"key":"SMITH"}],"circlet_count":0,"master_deck":["AscendersBane","Strike_G","Strike_G","Strike_G","Strike_G","Defend_G","Defend_G","Defend_G","Defend_G","Defend_G","Survivor","Neutralize","HandOfGreed+1","Noxious Fumes","Well Laid Plans","Noxious Fumes","Bouncing Flask","Acrobatics"],"relics":["Ring of the Snake","TungstenRod","Torii","Lantern"],"acts_visited":["Exordium"],"potions_floor_usage":[10,10],"damage_taken":[{"damage":0,"enemies":"2 Louse","floor":1,"turns":3},{"damage":10,"enemies":"Cultist","floor":2,"turns":6},{"damage":0,"enemies":"Jaw Worm","floor":3,"turns":6},{"damage":10,"enemies":"Lots of Slimes","floor":4,"turns":6},{"damage":8,"enemies":"2 Fungi Beasts","floor":7,"turns":5},{"damage":22,"enemies":"Exordium Wildlife","floor":8,"turns":6},{"damage":18,"enemies":"Gremlin Nob","floor":10,"turns":3}],"seed_played":"-2748165015303409653","potions_obtained":[{"floor":4,"key":"Strength Potion"},{"floor":8,"key":"EssenceOfSteel"}],"is_trial":false,"path_per_floor":["M","M","M","M","$","R","M","M","T","E"],"character_chosen":"THE_SILENT","items_purchased":[],"campfire_rested":0,"item_purchase_floors":[],"current_hp_per_floor":[59,49,49,39,39,39,31,9,9,0,0],"gold":228,"neow_bonus":"RANDOM_COLORLESS_2","is_daily":false,"chose_seed":false,"campfire_upgraded":1,"win_rate":0.0,"timestamp":1608352444,"path_taken":["M","M","M","M","$","R","M","M","T","E"],"items_purchased_type":[],"build_version":"2020-12-13","purchased_purges":1,"victory":false,"max_hp_per_floor":[66,66,66,66,66,66,66,66,66,66,66],"card_choices":[{"not_picked":["Master of Strategy","Chrysalis"],"picked":"HandOfGreed","floor":0},{"not_picked":["PiercingWail","Slice"],"picked":"Noxious Fumes","floor":1},{"not_picked":["Infinite Blades","Dagger Throw","Backstab"],"picked":"SKIP","floor":2},{"not_picked":["Bullet Time","Blade Dance"],"picked":"Well Laid Plans","floor":3},{"not_picked":["Poisoned Stab","Slice"],"picked":"Noxious Fumes","floor":4},{"not_picked":["Underhanded Strike","Distraction"],"picked":"Bouncing Flask","floor":7},{"not_picked":["Finisher","Reflex"],"picked":"Acrobatics","floor":8}],"player_experience":182231,"relics_obtained":[{"floor":9,"key":"Lantern"}],"event_choices":[],"is_beta":false,"boss_relics":[],"items_purged_floors":[5],"is_endless":false,"potions_floor_spawned":[4,8],"killed_by":"Gremlin Nob","ascension_level":18}}