{"host":"j49z5jz0n7e8vjox","time":1608404662,"event":{"mods":["AchievementEnabler","BaseMod","Bestiary","Colored Map","Colored Powertips","DeckTracker","Minty Spire (QoL Compilation)"],"gold_per_floor":[112,131,150,28,28,28,43,43,66,84,84,110,122,147,147,245,245,261,45,64,80,93,93,93],"floor_reached":23,"playtime":1512,"items_purged":[],"score":277,"play_id":"cf2f450f-08b3-473a-8294-aa008fdbf70e","local_time":"20201219130422","is_ascension_mode":true,"campfire_choices":[{"data":"Demon Form","floor":6,"key":"SMITH"},{"data":"Clothesline","floor":8,"key":"SMITH"},{"data":"Bloodletting","floor":11,"key":"SMITH"},{"floor":15,"key":"REST"}],"circlet_count":0,"master_deck":["Strike_R","Strike_R","Strike_R","Strike_R","Strike_R","Defend_R","Defend_R","Defend_R","Defend_R","Bash","Demon Form+1","Clothesline+1","Pommel Strike","Sword Boomerang","Bloodletting+1","Combust","Metallicize","Heavy Blade","Impervious","Dual Wield+1","Metallicize","Uppercut+1","Feel No Pain","Sword Boomerang"],"relics":["Burning Blood","Art of War","Akabeko","Toy Ornithopter","Runic Cube","Sling"],"acts_visited":["Exordium","TheCity"],"potions_floor_usage":[12,13,20,22,23,23,23],"damage_taken":[{"damage":10,"enemies":"Cultist","floor":1,"turns":5},{"damage":11,"enemies":"Jaw Worm","floor":2,"turns":5},{"damage":4,"enemies":"Small Slimes","floor":3,"turns":4},{"damage":19,"enemies":"Blue Slaver","floor":7,"turns":5},{"damage":18,"enemies":"Lots of Slimes","floor":10,"turns":4},{"damage":23,"enemies":"3 Sentries","floor":12,"turns":4},{"damage":0,"enemies":"Looter","floor":13,"turns":2},{"damage":12,"enemies":"Lagavulin","floor":14,"turns":6},{"damage":13,"enemies":"The Guardian","floor":16,"turns":8},{"damage":12,"enemies":"3 Byrds","floor":18,"turns":5},{"damage":32,"enemies":"Chosen","floor":20,"turns":7},{"damage":24,"enemies":"Snecko","floor":21,"turns":5},{"damage":16,"enemies":"Chosen and Byrds","floor":22,"turns":7},{"damage":35,"enemies":"Slavers","floor":23,"turns":3}],"seed_played":"7975684125360126657","potions_obtained":[{"floor":2,"key":"SkillPotion"},{"floor":5,"key":"Energy Potion"},{"floor":12,"key":"Ancient Potion"},{"floor":13,"key":"Energy Potion"},{"floor":21,"key":"EntropicBrew"},{"floor":22,"key":"Block Potion"}],"is_trial":false,"path_per_floor":["M","M","M","$","?","R","M","R","T","M","R","E","M","E","R","B",null,"M","$","M","M","M","E"],"character_chosen":"IRONCLAD","items_purchased":["LiquidBronze","Block Potion","Metallicize","Sling"],"campfire_rested":1,"item_purchase_floors":[4,4,19,19],"current_hp_per_floor":[68,63,65,65,65,65,52,52,52,40,40,23,29,23,47,40,70,64,64,43,25,20,0,0],"gold":93,"neow_bonus":"ONE_RANDOM_RARE_CARD","is_daily":false,"chose_seed":false,"campfire_upgraded":3,"win_rate":0.0,"timestamp":1608404662,"path_taken":["M","M","M","$","?","R","M","R","T","M","R","E","M","E","R","BOSS","M","$","M","M","M","E"],"items_purchased_type":["Potion","Potion","Card","Relic"],"build_version":"2020-12-13","purchased_purges":0,"victory":false,"max_hp_per_floor":[80,80,80,80,80,80,80,80,80,80,80,80,80,80,80,80,80,80,80,80,80,80,80,80],"card_choices":[{"not_picked":["Iron Wave","Searing Blow"],"picked":"Clothesline","floor":1},{"not_picked":["Clothesline","Double Tap"],"picked":"Pommel Strike","floor":2},{"not_picked":["Infernal Blade","Armaments"],"picked":"Sword Boomerang","floor":3},{"not_picked":["Shockwave","Rampage"],"picked":"Bloodletting","floor":7},{"not_picked":["Warcry","Searing Blow"],"picked":"Combust","floor":10},{"not_picked":["Iron Wave","Warcry"],"picked":"Metallicize","floor":12},{"not_picked":["Twin Strike","Headbutt","Warcry"],"picked":"SKIP","floor":13},{"not_picked":["Armaments","Sentinel"],"picked":"Heavy Blade","floor":14},{"not_picked":["Barricade","Bludgeon"],"picked":"Impervious","floor":16},{"not_picked":["Armaments","Perfected Strike"],"picked":"Dual Wield+1","floor":18},{"not_picked":["Havoc+1","Corruption"],"picked":"Uppercut+1","floor":20},{"not_picked":["Wild Strike","Anger"],"picked":"Feel No Pain","floor":21},{"not_picked":["Armaments","Bloodletting"],"picked":"Sword Boomerang","floor":22}],"player_experience":711547,"relics_obtained":[{"floor":9,"key":"Art of War"},{"floor":12,"key":"Akabeko"},{"floor":14,"key":"Toy Ornithopter"}],"event_choices":[{"damage_healed":0,"gold_gain":0,"player_choice":"Got Potions","damage_taken":0,"max_hp_gain":0,"max_hp_loss":0,"event_name":"Lab","floor":5,"gold_loss":0}],"is_beta":false,"boss_relics":[{"not_picked":["Coffee Dripper","Ectoplasm"],"picked":"Runic Cube"}],"items_purged_floors":[],"is_endless":false,"potions_floor_spawned":[2,12,13,14,21,22],"killed_by":"Slavers","ascension_level":7}}