{"host":"gc0hqzwg2gd3zszy","time":1608384594,"event":{"mods":["BaseMod","DeckTracker","Minty Spire (QoL Compilation)","Relic Stats","SuperFastMode"],"gold_per_floor":[133,183,218,49,101,149,149,200,200,200,258,258,258,98,98,196,196,236,250,165,65,84,84,119,119,119,119,139,155,165,196,196,268,268,302,302,340,353,228,287,87,103,128,171,221,46,81,91,91,91,91],"floor_reached":50,"playtime":2950,"items_purged":["Strike_G","Strike_G","Pain","Strike_G","HandOfGreed+1"],"score":1193,"play_id":"7b79a746-779b-41f4-aa7d-31347b905358","local_time":"20201219222954","is_ascension_mode":true,"campfire_choices":[{"floor":7.0,"key":"REST"},{"floor":13.0,"key":"REST"},{"data":"Bouncing Flask","floor":15.0,"key":"SMITH"},{"floor":23.0,"key":"REST"},{"floor":32.0,"key":"REST"},{"floor":49.0,"key":"RECALL"}],"circlet_count":0,"master_deck":["AscendersBane","Defend_G","Defend_G","Defend_G","Defend_G","Defend_G","Survivor","Neutralize","Backstab+1","Venomology","Acrobatics","Calculated Gamble+1","Bouncing Flask+1","Blur","Malaise","Eviscerate","Crippling Poison","Prepared","Reflex","Adrenaline","After Image","Catalyst","Reflex","Wraith Form v2","Calculated Gamble","Calculated Gamble","Outmaneuver","A Thousand Cuts","Concentrate","Backflip"],"relics":["Ring of the Snake","Medical Kit","Prayer Wheel","TungstenRod","Tingsha","Philosopher\u0027s Stone","White Beast Statue","Gremlin Horn","WristBlade","WarpedTongs","Art of War","Whetstone","Blue Candle"],"acts_visited":["Exordium","TheCity","TheBeyond"],"potions_floor_usage":[50,50],"damage_taken":[{"damage":1.0,"enemies":"Cultist","floor":1.0,"turns":5.0},{"damage":2.0,"enemies":"Jaw Worm","floor":3.0,"turns":6.0},{"damage":0.0,"enemies":"2 Louse","floor":5.0,"turns":4.0},{"damage":32.0,"enemies":"Lagavulin","floor":6.0,"turns":7.0},{"damage":30.0,"enemies":"Gremlin Nob","floor":8.0,"turns":4.0},{"damage":0.0,"enemies":"2 Fungi Beasts","floor":11.0,"turns":3.0},{"damage":14.0,"enemies":"Hexaghost","floor":16.0,"turns":8.0},{"damage":1.0,"enemies":"Chosen","floor":18.0,"turns":4.0},{"damage":19.0,"enemies":"Shell Parasite","floor":19.0,"turns":5.0},{"damage":5.0,"enemies":"Snecko","floor":22.0,"turns":5.0},{"damage":24.0,"enemies":"Slavers","floor":24.0,"turns":4.0},{"damage":0.0,"enemies":"3 Cultists","floor":28.0,"turns":3.0},{"damage":0.0,"enemies":"Centurion and Healer","floor":29.0,"turns":4.0},{"damage":10.0,"enemies":"Snake Plant","floor":30.0,"turns":3.0},{"damage":12.0,"enemies":"Shelled Parasite and Fungi","floor":31.0,"turns":4.0},{"damage":17.0,"enemies":"Collector","floor":33.0,"turns":7.0},{"damage":3.0,"enemies":"Orb Walker","floor":35.0,"turns":4.0},{"damage":0.0,"enemies":"3 Shapes","floor":37.0,"turns":4.0},{"damage":6.0,"enemies":"Writhing Mass","floor":38.0,"turns":4.0},{"damage":0.0,"enemies":"Nemesis","floor":40.0,"turns":5.0},{"damage":0.0,"enemies":"3 Darklings","floor":42.0,"turns":4.0},{"damage":0.0,"enemies":"Sphere and 2 Shapes","floor":44.0,"turns":5.0},{"damage":0.0,"enemies":"Reptomancer","floor":47.0,"turns":4.0},{"damage":0.0,"enemies":"Spire Growth","floor":48.0,"turns":4.0},{"damage":29,"enemies":"Time Eater","floor":50,"turns":9}],"seed_played":"-5137396376709035248","potions_obtained":[{"floor":1.0,"key":"Block Potion"},{"floor":3.0,"key":"LiquidMemories"},{"floor":8.0,"key":"DistilledChaos"},{"floor":19.0,"key":"Energy Potion"},{"floor":22.0,"key":"SpeedPotion"},{"floor":24.0,"key":"Regen Potion"},{"floor":28.0,"key":"Weak Potion"},{"floor":29.0,"key":"PowerPotion"},{"floor":30.0,"key":"Explosive Potion"},{"floor":31.0,"key":"SteroidPotion"},{"floor":33.0,"key":"CunningPotion"},{"floor":35.0,"key":"SteroidPotion"},{"floor":38.0,"key":"Ancient Potion"},{"floor":40.0,"key":"SteroidPotion"},{"floor":42.0,"key":"BlessingOfTheForge"},{"floor":44.0,"key":"GamblersBrew"},{"floor":47.0,"key":"Energy Potion"}],"is_trial":false,"path_per_floor":["M","?","M","$","M","E","R","E","T","?","M","?","R","$","R","B",null,"M","M","?","$","M","R","E","?","T","?","M","M","M","M","R","B",null,"M","?","M","M","$","E","$","M","T","M","?","$","E","M","R","B"],"character_chosen":"THE_SILENT","items_purchased":["Medical Kit","Blur","Outmaneuver"],"campfire_rested":4,"item_purchase_floors":[4,14,41],"current_hp_per_floor":[58,52,50,50,50,18,36,6,6,6,6,6,24,24,24,10,48,47,28,28,28,23,41,17,17,17,17,29,29,19,7,25,8,47,44,44,44,38,38,38,38,38,38,38,38,38,38,38,38,9,9],"gold":91,"neow_bonus":"RANDOM_COLORLESS_2","is_daily":false,"chose_seed":false,"campfire_upgraded":1,"win_rate":0.0,"timestamp":1608384594,"path_taken":["M","?","?","$","M","E","R","E","T","?","M","?","R","$","R","BOSS","M","?","?","$","M","R","E","?","T","?","M","M","M","M","R","BOSS","M","?","M","M","$","E","$","?","T","M","?","$","E","M","R","BOSS"],"items_purchased_type":["Relic","Card","Card"],"build_version":"2020-12-13","purchased_purges":5,"victory":false,"max_hp_per_floor":[60,60,60,60,60,60,60,60,60,60,60,60,60,60,60,60,60,60,60,60,60,60,60,60,60,60,60,60,60,60,60,60,60,60,60,60,60,60,60,60,60,60,60,60,60,60,60,60,60,60,60],"relic_stats":{"Gremlin Horn":[15,16],"counters":[25,119],"Blue Candle":[0],"Prayer Wheel":15,"Tingsha":[894],"Art of War":[9],"Whetstone":["HandOfGreed","Backstab"],"Medical Kit":[11],"obtain_stats":[{"Gremlin Horn":24,"Blue Candle":47,"Tingsha":9,"Whetstone":43,"Medical Kit":4,"White Beast Statue":20,"WarpedTongs":36,"WristBlade":34,"Prayer Wheel":6,"Philosopher\u0027s Stone":17,"Art of War":40,"TungstenRod":8,"Ring of the Snake":0},{"Gremlin Horn":11,"Blue Candle":23,"Tingsha":5,"Whetstone":21,"Medical Kit":2,"White Beast Statue":9,"WarpedTongs":17,"WristBlade":16,"Prayer Wheel":4,"Philosopher\u0027s Stone":7,"Art of War":20,"TungstenRod":5,"Ring of the Snake":0},{"Gremlin Horn":55,"Blue Candle":106,"Tingsha":26,"Whetstone":97,"Medical Kit":11,"White Beast Statue":46,"WarpedTongs":80,"WristBlade":76,"Prayer Wheel":22,"Philosopher\u0027s Stone":37,"Art of War":93,"TungstenRod":26,"Ring of the Snake":0}],"TungstenRod":32,"Ring of the Snake":[50],"WarpedTongs":[39]},"card_choices":[{"not_picked":["Panache","The Bomb"],"picked":"HandOfGreed","floor":0.0},{"not_picked":["Heel Hook","Outmaneuver","Bane"],"picked":"SKIP","floor":1.0},{"not_picked":["Underhanded Strike","Caltrops"],"picked":"Backstab","floor":3.0},{"not_picked":["Slice","Bane","Choke"],"picked":"SKIP","floor":5.0},{"not_picked":["Skewer","Flying Knee"],"picked":"Venomology","floor":6.0},{"not_picked":["Finisher","Escape Plan"],"picked":"Acrobatics","floor":8.0},{"not_picked":["Deadly Poison","Concentrate"],"picked":"Calculated Gamble","floor":11.0},{"not_picked":["Dagger Throw","Finisher"],"picked":"Bouncing Flask","floor":11.0},{"not_picked":["Phantasmal Killer","Unload"],"picked":"Malaise","floor":16.0},{"not_picked":["Quick Slash","Underhanded Strike+1","Slice"],"picked":"SKIP","floor":18.0},{"not_picked":["Sucker Punch+1","Backflip","Masterful Stab"],"picked":"SKIP","floor":18.0},{"not_picked":["Deadly Poison","All Out Attack"],"picked":"Eviscerate","floor":19.0},{"not_picked":["Crippling Poison","Quick Slash","Concentrate"],"picked":"SKIP","floor":19.0},{"not_picked":["Choke+1","Dagger Throw"],"picked":"Crippling Poison","floor":22.0},{"not_picked":["Dagger Throw","Blade Dance","Backflip"],"picked":"SKIP","floor":22.0},{"not_picked":["Dagger Spray","Skewer"],"picked":"Prepared","floor":24.0},{"not_picked":["Deadly Poison","Endless Agony","Prepared"],"picked":"SKIP","floor":28.0},{"not_picked":["Caltrops","Sucker Punch","Storm of Steel"],"picked":"SKIP","floor":28.0},{"not_picked":["Quick Slash+1","Bouncing Flask","Accuracy"],"picked":"SKIP","floor":29.0},{"not_picked":["Blade Dance+1","Backflip","Flechettes+1"],"picked":"SKIP","floor":29.0},{"not_picked":["Outmaneuver","Finisher"],"picked":"After Image","floor":30.0},{"not_picked":["Backflip","Prepared","Choke+1"],"picked":"SKIP","floor":30.0},{"not_picked":["Skewer","Quick Slash"],"picked":"Catalyst","floor":31.0},{"not_picked":["Underhanded Strike","Prepared"],"picked":"Reflex","floor":31.0},{"not_picked":["Corpse Explosion","Envenom"],"picked":"Wraith Form v2","floor":33.0},{"not_picked":["Reflex","Quick Slash","Sucker Punch"],"picked":"SKIP","floor":35.0},{"not_picked":["Dodge and Roll","Setup","Expertise"],"picked":"SKIP","floor":35.0},{"not_picked":["Reflex","Quick Slash","Sucker Punch"],"picked":"SKIP","floor":35.0},{"not_picked":["Dodge and Roll","Setup","Expertise"],"picked":"SKIP","floor":35.0},{"not_picked":["Backflip","Bouncing Flask+1"],"picked":"Calculated Gamble","floor":37.0},{"not_picked":["Expertise","Distraction","Finisher"],"picked":"SKIP","floor":37.0},{"not_picked":["PiercingWail","Cloak And Dagger"],"picked":"Calculated Gamble","floor":38.0},{"not_picked":["Blade Dance+1","Glass Knife","Cloak And Dagger"],"picked":"SKIP","floor":38.0},{"not_picked":["Deflect+1","Dodge and Roll+1","Riddle With Holes"],"picked":"SKIP","floor":40.0},{"not_picked":["Dagger Spray","Underhanded Strike+1","Blade Dance+1"],"picked":"SKIP","floor":42.0},{"not_picked":["Sucker Punch+1","Dodge and Roll+1","Bane+1"],"picked":"SKIP","floor":42.0},{"not_picked":["Catalyst","Slice+1"],"picked":"A Thousand Cuts","floor":44.0},{"not_picked":["Backstab+1","Catalyst","Quick Slash"],"picked":"SKIP","floor":44.0},{"not_picked":["Blade Dance","Quick Slash","Dodge and Roll+1"],"picked":"SKIP","floor":47.0},{"not_picked":["Crippling Poison","Bouncing Flask"],"picked":"Concentrate","floor":48.0},{"not_picked":["Escape Plan","Skewer"],"picked":"Backflip","floor":48.0}],"player_experience":1317769,"relics_obtained":[{"floor":6.0,"key":"Prayer Wheel"},{"floor":8.0,"key":"TungstenRod"},{"floor":9.0,"key":"Tingsha"},{"floor":24.0,"key":"Gremlin Horn"},{"floor":40.0,"key":"Art of War"},{"floor":43.0,"key":"Whetstone"},{"floor":47.0,"key":"Blue Candle"}],"event_choices":[{"damage_healed":0.0,"max_hp_gain":0.0,"max_hp_loss":0.0,"gold_gain":50.0,"event_name":"FaceTrader","player_choice":"Touch","floor":2.0,"gold_loss":0.0,"damage_taken":6.0},{"damage_healed":0.0,"max_hp_gain":0.0,"max_hp_loss":0.0,"gold_gain":0.0,"event_name":"Liars Game","player_choice":"Ignored","floor":10.0,"gold_loss":0.0,"damage_taken":0.0},{"damage_healed":0.0,"max_hp_gain":0.0,"max_hp_loss":0.0,"gold_gain":0.0,"event_name":"Upgrade Shrine","player_choice":"Upgraded","floor":12.0,"gold_loss":0.0,"damage_taken":0.0,"cards_upgraded":["Calculated Gamble"]},{"damage_healed":0.0,"max_hp_gain":0.0,"max_hp_loss":0.0,"gold_gain":0.0,"event_name":"Addict","player_choice":"Obtained Relic","floor":20.0,"gold_loss":85.0,"damage_taken":0.0,"relics_obtained":["White Beast Statue"]},{"damage_healed":0.0,"max_hp_gain":0.0,"max_hp_loss":0.0,"gold_gain":0.0,"event_name":"Vampires","player_choice":"Ignored","floor":25.0,"gold_loss":0.0,"damage_taken":0.0},{"damage_healed":0.0,"max_hp_gain":0.0,"max_hp_loss":0.0,"gold_gain":0.0,"cards_transformed":["Strike_G","Strike_G"],"event_name":"Drug Dealer","player_choice":"Became Test Subject","floor":27.0,"gold_loss":0.0,"damage_taken":0.0,"cards_obtained":["Reflex","Adrenaline"]},{"damage_healed":0.0,"max_hp_gain":0.0,"max_hp_loss":0.0,"gold_gain":0.0,"event_name":"Accursed Blacksmith","player_choice":"Rummage","floor":36.0,"gold_loss":0.0,"damage_taken":0.0,"relics_obtained":["WarpedTongs"],"cards_obtained":["Pain"]},{"damage_healed":0.0,"max_hp_gain":0.0,"max_hp_loss":0.0,"gold_gain":50.0,"event_name":"Golden Shrine","player_choice":"Pray","floor":45.0,"gold_loss":0.0,"damage_taken":0.0}],"is_beta":false,"boss_relics":[{"not_picked":["Black Star","Velvet Choker"],"picked":"Philosopher\u0027s Stone"},{"not_picked":["Sozu","SlaversCollar"],"picked":"WristBlade"}],"items_purged_floors":[14,21,39,41,46],"is_endless":false,"potions_floor_spawned":[1,3,8,19,22,24,28,29,30,31,33,35,37,38,40,42,44,47,48],"killed_by":"Time Eater","ascension_level":20}}