{"host":"0rxdudjy6rylha1k","time":1608404439,"event":{"mods":["Aspiration","BaseMod","Colored Map","Colored Powertips","Downfall","Highlight Path","Hubris","Minty Spire (QoL Compilation)","StSLib"],"gold_per_floor":[99,99,24,34,54,64,110,125,156,81,81,93,118,138,154,254,254,254,273,273,373,403,403,403,416,416,448,361,421,438,588,599,694,694,694,725,775,795,795,813,865,865,932,932,244,260,275,289,307,307],"floor_reached":51,"playtime":13733,"items_purged":["champ:Strike"],"score":1063,"play_id":"7c8fe4f2-a653-4a57-9aed-75582d84831d","local_time":"20201219120039","is_ascension_mode":true,"campfire_choices":[{"floor":1.0,"key":"RECALL"},{"data":"champ:Taunt","floor":3.0,"key":"SMITH"},{"data":"champ:Lariat","floor":10.0,"key":"SMITH"},{"data":"champ:DefensiveStyle","floor":18.0,"key":"SMITH"},{"data":"champ:Aggression","floor":20.0,"key":"SMITH"},{"floor":23.0,"key":"REST"},{"data":"champ:DancingMaster","floor":26.0,"key":"SMITH"},{"data":"champ:Improvising","floor":35,"key":"SMITH"},{"data":"champ:PerfectForm","floor":39,"key":"SMITH"},{"data":"champ:Balance","floor":42,"key":"SMITH"},{"data":"champ:ShieldThrow","floor":44,"key":"SMITH"}],"circlet_count":0,"master_deck":["champ:Strike","champ:Strike","champ:Strike","champ:Defend","champ:Defend","champ:Defend","champ:Defend","champ:Execute","champ:Taunt+1","champ:Circumvent","champ:StanceDance","champ:Aggression+1","champ:Lariat+1","champ:GutPunch","champ:EnchantShield","champ:DefensiveShout","champ:DefensiveStyle+1","champ:EnchantShield","champ:FanOfKnives","champ:SkillfulDodge","champ:DancingMaster+1","champ:GladiatorsShout+1","champ:PerfectForm+1","champ:Balance+1","champ:FlashCut","champ:SwordSigil","champ:ShieldThrow+1","champ:Improvising+1","champ:EnchantSword","champ:Improvising+1","champ:Circumvent+1","Magnetism","champ:Haymaker+1","Noxious Fumes+1","Footwork+1"],"relics":["champ:ChampionCrown","Vajra","hubris:Icosahedron","downfall:HeartBlessingRed","Calipers","downfall:HeartBlessingBlue","Odd Mushroom","hubris:Stopwatch","downfall:CloakOfManyFaces","CultistMask","FaceOfCleric","NlothsMask","GremlinMask","SsserpentHead","Bottled Tornado","Letter Opener","champ:BlackKnightHelmet","hubris:PeanutButter","aspiration:SilentSkillbook","hubris:TenFootPole","champ:DefensiveTrainingManual"],"acts_visited":["Exordium","TheCity","TheBeyond"],"potions_floor_usage":[29,36,36,43,43,46,48,48,49,49],"damage_taken":[{"damage":17.0,"enemies":"Jaw Worm","floor":4.0,"turns":4.0},{"damage":17.0,"enemies":"Small Slimes","floor":5.0,"turns":3.0},{"damage":0.0,"enemies":"Cultist","floor":6.0,"turns":2.0},{"damage":10.0,"enemies":"Large Slime","floor":8.0,"turns":5.0},{"damage":26.0,"enemies":"3 Sentries","floor":9.0,"turns":8.0},{"damage":5.0,"enemies":"3 Louse","floor":12.0,"turns":4.0},{"damage":0.0,"enemies":"The Mushroom Lair","floor":13.0,"turns":3.0},{"damage":3.0,"enemies":"Red Slaver","floor":14.0,"turns":4.0},{"damage":5.0,"enemies":"Exordium Wildlife","floor":15.0,"turns":3.0},{"damage":32.0,"enemies":"downfall:Ironclad","floor":16.0,"turns":9.0},{"damage":5.0,"enemies":"Spheric Guardian","floor":19.0,"turns":3.0},{"damage":17.0,"enemies":"downfall:FaceTrader","floor":21.0,"turns":5.0},{"damage":57.0,"enemies":"Book of Stabbing","floor":22.0,"turns":8.0},{"damage":25.0,"enemies":"Snake Plant","floor":25.0,"turns":6.0},{"damage":6,"enemies":"Slavers","floor":27,"turns":5},{"damage":5,"enemies":"downfall:FleeingMerchant","floor":28,"turns":5},{"damage":35,"enemies":"Shelled Parasite and Fungi","floor":29,"turns":7},{"damage":0,"enemies":"Centurion and Healer","floor":30,"turns":4},{"damage":32,"enemies":"Centurion and Healer","floor":31,"turns":8},{"damage":7,"enemies":"Cultist and Chosen","floor":32,"turns":5},{"damage":19,"enemies":"downfall:Watcher","floor":33,"turns":9},{"damage":0,"enemies":"Giant Head","floor":36,"turns":8},{"damage":0,"enemies":"Orb Walker","floor":38,"turns":4},{"damage":1,"enemies":"3 Darklings","floor":40,"turns":4},{"damage":0,"enemies":"Jaw Worm Horde","floor":43,"turns":4},{"damage":0,"enemies":"downfall:FleeingMerchant","floor":45,"turns":4},{"damage":0,"enemies":"Maw","floor":46,"turns":6},{"damage":0,"enemies":"3 Darklings","floor":47,"turns":5},{"damage":0,"enemies":"Writhing Mass","floor":48,"turns":6},{"damage":0,"enemies":"Sphere and 2 Shapes","floor":49,"turns":4},{"damage":0,"enemies":"downfall:Defect","floor":50,"turns":8}],"seed_played":"-393180581158482558","potions_obtained":[{"floor":4.0,"key":"SpeedPotion"},{"floor":5.0,"key":"SteroidPotion"},{"floor":8.0,"key":"PowerPotion"},{"floor":13.0,"key":"Guardian:BlockOnCardUsePotion"},{"floor":15.0,"key":"Weak Potion"},{"floor":16.0,"key":"SpeedPotion"},{"floor":21.0,"key":"SkillPotion"},{"floor":30,"key":"champ:OpenerPotion"},{"floor":32,"key":"Block Potion"},{"floor":33,"key":"ColorlessPotion"},{"floor":38,"key":"SkillPotion"},{"floor":46,"key":"Explosive Potion"},{"floor":48,"key":"SneckoOil"}],"is_trial":false,"path_per_floor":["R","?","R","M","M","M","T","M","E","R","?","M","?","M","M","B",null,"R","M","R","?","E","R","T","M","R","E","$","M","M","?","M","B",null,"R","E","?","M","R","M","T","R","M","R","$","M","M","M","M","B",null],"character_chosen":"THE_CHAMP","items_purchased":["Regen Potion","champ:DefensiveTrainingManual","Magnetism","Ancient Potion","Guardian:BlockOnCardUsePotion","champ:UltimateStancePotion"],"campfire_rested":1,"item_purchase_floors":[28,45,45,45,45,45],"current_hp_per_floor":[90,90,90,78,66,66,66,66,74,84,100,100,100,100,100,89,100,100,100,100,100,64,94,94,80,80,83,89,86,87,84,95,109,109,109,110,110,111,111,111,111,111,113,113,114,115,116,117,118,119],"gold":307,"neow_bonus":"RANDOM_COMMON_RELIC","is_daily":false,"chose_seed":false,"campfire_upgraded":9,"win_rate":0.0,"timestamp":1608404439,"path_taken":["R","?","R","M","M","M","T","M","E","R","?","?","?","M","M","BOSS","R","M","R","?","E","R","T","M","R","E","$","?","M","?","M","BOSS","R","E","?","M","R","M","T","R","?","R","$","M","M","M","M","BOSS"],"items_purchased_type":["Potion","Relic","Card","Potion","Potion","Potion"],"build_version":"2020-12-13","purchased_purges":1,"victory":true,"max_hp_per_floor":[90,90,90,90,90,90,90,90,90,100,100,100,100,100,100,100,100,100,100,100,100,101,101,101,102,102,103,104,105,106,107,108,109,109,109,110,110,111,111,112,112,112,113,113,114,115,116,117,118,119],"card_choices":[{"not_picked":["champ:Encircle","champ:SwordSigil"],"picked":"champ:Circumvent","floor":4.0},{"not_picked":["champ:ShieldWall","champ:BladeFlurry"],"picked":"champ:StanceDance","floor":5.0},{"not_picked":["champ:RecklessLeap","champ:FocusedGladiator"],"picked":"champ:Aggression","floor":6.0},{"not_picked":["champ:GutPunch","champ:RecklessLeap","champ:BringItOn"],"picked":"SKIP","floor":8.0},{"not_picked":["champ:IronFortress","champ:ShieldSigil"],"picked":"champ:Lariat","floor":9.0},{"not_picked":["champ:FlashCut","champ:Backstep"],"picked":"champ:GutPunch","floor":12.0},{"not_picked":["champ:AdrenalArmor","champ:HeartStrike"],"picked":"champ:EnchantShield","floor":13.0},{"not_picked":["champ:FocusedDefense","champ:GladiatorStyle"],"picked":"champ:DefensiveShout","floor":14.0},{"not_picked":["champ:Backstep","champ:RageSigil"],"picked":"champ:DefensiveStyle","floor":15.0},{"not_picked":["champ:IgnorePain","champ:EnchantCrown"],"picked":"champ:EnchantShield","floor":16.0},{"not_picked":["champ:BringItOn","champ:FightOn"],"picked":"champ:FanOfKnives","floor":19.0},{"not_picked":["champ:PerfectedStrike","champ:StanceDance+1"],"picked":"champ:SkillfulDodge","floor":21.0},{"not_picked":["champ:GladiatorStyle+1","champ:Balance"],"picked":"champ:DancingMaster","floor":22.0},{"not_picked":["champ:DefensiveShout","champ:CrookedStrike"],"picked":"champ:GladiatorsShout+1","floor":25.0},{"not_picked":["champ:FlashCut","champ:PreciseThrust"],"picked":"champ:PerfectForm","floor":27},{"not_picked":["champ:CrookedStrike","champ:FocusedGladiator"],"picked":"champ:Balance","floor":28},{"not_picked":["champ:FalseCounter","champ:Encircle"],"picked":"champ:FlashCut","floor":29},{"not_picked":["champ:EnGarde","champ:Backstep"],"picked":"champ:SwordSigil","floor":30},{"not_picked":["champ:GladiatorsShout","champ:SwordSigil+1"],"picked":"champ:ShieldThrow","floor":31},{"not_picked":["champ:FlashCut","champ:StanceDance","champ:RageSigil"],"picked":"SKIP","floor":32},{"not_picked":["champ:LastStand","champ:ShieldSlam"],"picked":"champ:Improvising","floor":33},{"not_picked":["champ:FlashCut","champ:RisingSlash","champ:BladeFlurry"],"picked":"champ:EnchantSword","floor":36},{"not_picked":["Sucker Punch","champ:Encircle+1","Dodge and Roll","champ:Haymaker"],"picked":"SKIP","floor":38},{"not_picked":["champ:PerfectedStrike+1","Cloak And Dagger","Flying Knee+1"],"picked":"champ:Circumvent+1","floor":40},{"not_picked":["champ:ShieldSlam","champ:Backstep","champ:DeathBlow+1","champ:Haymaker"],"picked":"SKIP","floor":43},{"not_picked":["champ:EnchantSword","Endless Agony+1","Flying Knee","Outmaneuver+1"],"picked":"SKIP","floor":45},{"not_picked":["Eviscerate+1","Dagger Throw+1","Finisher+1","champ:BerserkerStyle"],"picked":"SKIP","floor":46},{"not_picked":["hubris:TrickCloak+1","champ:GutPunch","PiercingWail"],"picked":"champ:Haymaker+1","floor":47},{"not_picked":["Acrobatics","Prepared+1","Finisher+1"],"picked":"Noxious Fumes+1","floor":48},{"not_picked":["Dodge and Roll+1","champ:FocusedBerserking+1","champ:PerfectedStrike+1"],"picked":"Footwork+1","floor":49}],"player_experience":2291307,"relics_obtained":[{"floor":9.0,"key":"Calipers"},{"floor":13.0,"key":"Odd Mushroom"},{"floor":21.0,"key":"downfall:CloakOfManyFaces"},{"floor":22.0,"key":"Bottled Tornado"},{"floor":27,"key":"Letter Opener"},{"floor":31,"key":"champ:BlackKnightHelmet"},{"floor":31,"key":"hubris:PeanutButter"},{"floor":41,"key":"hubris:TenFootPole"}],"event_choices":[{"damage_healed":16.0,"max_hp_gain":0.0,"max_hp_loss":0.0,"gold_gain":0.0,"event_name":"Wheel of Change","player_choice":"Full Heal","floor":11.0,"gold_loss":0.0,"damage_taken":0.0},{"damage_healed":0.0,"max_hp_gain":0.0,"max_hp_loss":0.0,"gold_gain":0.0,"event_name":"Mushrooms","player_choice":"Fought Mushrooms","floor":13.0,"gold_loss":0.0,"damage_taken":0.0},{"damage_healed":0,"gold_gain":0,"player_choice":"Copied","damage_taken":0,"max_hp_gain":0,"max_hp_loss":0,"event_name":"Duplicator","floor":37,"gold_loss":0,"cards_obtained":["champ:Improvising"]}],"is_beta":false,"boss_relics":[{"not_picked":["Philosopher\u0027s Stone","hubris:TerracottaHorce"],"picked":"hubris:Stopwatch"},{"not_picked":["aspiration:PoetsPen_weak","hubris:VirtuousBlindfold"],"picked":"aspiration:SilentSkillbook"}],"items_purged_floors":[45],"is_endless":false,"potions_floor_spawned":[4,5,8,13,15,16,21,30,32,33,38,46,48],"ascension_level":4}}