{"host":"hp4podz600orhpf6","time":1608414515,"event":{"mods":["AlwaysNeverKeys","BaseMod","Better Match","Better Note","Block Reminder","DeckTracker","Hermit","Minty Spire (QoL Compilation)","Quick Restart","StSLib","The Cursed","The Hayseed"],"gold_per_floor":[110,129,142,154,172,198,198,198,198,225,179,194,37,53,53,53,53],"floor_reached":16,"playtime":1000,"items_purged":[],"score":154,"play_id":"fbce4402-6d4e-4910-a2a2-341a547f8b41","local_time":"20201219164835","is_ascension_mode":true,"campfire_choices":[{"floor":7,"key":"REST"},{"floor":15,"key":"REST"}],"circlet_count":0,"master_deck":["Strike_G","Strike_G","Strike_G","Strike_G","Strike_G","Defend_G","Defend_G","Defend_G","Defend_G","Defend_G","Survivor","Neutralize+1","Dagger Spray","Dash","Prepared","Endless Agony","Acrobatics","Flechettes","Concentrate","Quick Slash"],"relics":["Ring of the Snake","Regal Pillow","Unceasing Top","Girya","MealTicket"],"acts_visited":[],"potions_floor_usage":[2,6,14],"damage_taken":[{"damage":3,"enemies":"2 Louse","floor":1,"turns":3},{"damage":2,"enemies":"Small Slimes","floor":2,"turns":3},{"damage":0,"enemies":"Cultist","floor":3,"turns":3},{"damage":4,"enemies":"3 Louse","floor":4,"turns":3},{"damage":2,"enemies":"Looter","floor":5,"turns":4},{"damage":23,"enemies":"3 Sentries","floor":6,"turns":10},{"damage":46,"enemies":"Lagavulin","floor":10,"turns":10},{"damage":4,"enemies":"Red Slaver","floor":12,"turns":2},{"damage":0,"enemies":"Lots of Slimes","floor":14,"turns":2},{"damage":50,"enemies":"Slime Boss","floor":16,"turns":8}],"seed_played":"-3010071001556262505","potions_obtained":[{"floor":1,"key":"Block Potion"},{"floor":2,"key":"Fruit Juice"},{"floor":12,"key":"Energy Potion"}],"is_trial":false,"path_per_floor":["M","M","M","M","M","E","R","?","T","E","?","M","$","M","R","B"],"character_chosen":"THE_SILENT","items_purchased":["MealTicket"],"campfire_rested":2,"item_purchase_floors":[13],"current_hp_per_floor":[60,63,63,59,57,34,71,71,71,25,25,21,21,21,58,8,8],"gold":53,"neow_bonus":"UPGRADE_CARD","is_daily":false,"chose_seed":false,"campfire_upgraded":0,"win_rate":0.0,"timestamp":1608414515,"path_taken":["M","M","M","M","M","E","R","?","T","E","?","M","$","M","R","BOSS"],"items_purchased_type":["Relic"],"build_version":"2020-12-13","purchased_purges":0,"victory":false,"max_hp_per_floor":[70,75,75,75,75,75,75,75,75,75,75,75,75,75,75,75,75],"card_choices":[{"not_picked":["Backstab","Flying Knee"],"picked":"Dagger Spray","floor":1},{"not_picked":["Riddle With Holes","Acrobatics"],"picked":"Dash","floor":2},{"not_picked":["Outmaneuver","Choke"],"picked":"Prepared","floor":3},{"not_picked":["Eviscerate","Underhanded Strike"],"picked":"Endless Agony","floor":4},{"not_picked":["Underhanded Strike","Slice"],"picked":"Acrobatics","floor":5},{"not_picked":["Prepared","Deflect"],"picked":"Flechettes","floor":6},{"not_picked":["Venomology","Crippling Poison"],"picked":"Concentrate","floor":10},{"not_picked":["Backstab","Prepared"],"picked":"Quick Slash","floor":12},{"not_picked":["Blade Dance","Dagger Spray","Accuracy"],"picked":"SKIP","floor":14}],"player_experience":640011,"relics_obtained":[{"floor":6,"key":"Regal Pillow"},{"floor":9,"key":"Unceasing Top"},{"floor":10,"key":"Girya"}],"event_choices":[{"damage_healed":0,"gold_gain":0,"player_choice":"Ignored","damage_taken":0,"max_hp_gain":0,"max_hp_loss":0,"event_name":"Golden Idol","floor":8,"gold_loss":0},{"damage_healed":0,"gold_gain":0,"player_choice":"Left Gold","damage_taken":0,"max_hp_gain":0,"max_hp_loss":0,"event_name":"World of Goop","floor":11,"gold_loss":46}],"is_beta":false,"boss_relics":[],"items_purged_floors":[],"is_endless":false,"potions_floor_spawned":[1,2,12],"killed_by":"Slime Boss","ascension_level":7}}