{"host":"2461dio7vetlq1z3","time":1608399993,"event":{"mods":["2.2 Compatiblity","AchievementEnabler","BaseMod","Better Third Choice","Hermit","Marisa????????","Minty Spire (QoL Compilation)","Relic Stats","Spicy Shops","StSLib","Waifu the Spire"],"gold_per_floor":[114,289,147,162,177,177,220,220,220,235,265,15,45,60,60,160,160,175,9,24,39,54,54,84,84,84,114,129,129,159,174,174,274,274],"floor_reached":33,"playtime":1925,"items_purged":["Doubt","Cleave"],"score":442,"play_id":"08e30b6a-fdbb-4974-a3e1-42abfbb73efb","local_time":"20201219184633","daily_mods":["Draft","Uncertain Future","Elite Swarm"],"is_ascension_mode":false,"campfire_choices":[{"data":"Wild Strike","floor":6,"key":"SMITH"},{"data":"Dark Embrace","floor":8,"key":"SMITH"},{"data":"Fire Breathing","floor":15,"key":"SMITH"},{"data":"Armaments","floor":23,"key":"SMITH"},{"floor":29,"key":"REST"},{"floor":32,"key":"REST"}],"circlet_count":0,"master_deck":["Shrug It Off","Heavy Blade","Evolve","Wild Strike","Iron Wave","Wild Strike+1","Ghostly Armor","Thunderclap","Feel No Pain","Uppercut","Power Through","Dark Embrace+1","True Grit+1","True Grit","Anger","Inflame","Heavy Blade","True Grit","Offering","Immolate","Fire Breathing+1","Demon Form","Clothesline+1","Armaments+1","Shockwave+1","Double Tap","Impervious","Offering"],"relics":["Burning Blood","Calipers","Incense Burner","Vajra","Kunai","Bottled Flame","Velvet Choker","Potion Belt","betterThird:NestCultRelic","Shuriken","War Paint","Oddly Smooth Stone"],"acts_visited":["Exordium","TheCity"],"potions_floor_usage":[20,30,30],"damage_taken":[{"damage":0,"enemies":"Small Slimes","floor":1,"turns":3},{"damage":0,"enemies":"2 Louse","floor":4,"turns":2},{"damage":0,"enemies":"Jaw Worm","floor":5,"turns":4},{"damage":23,"enemies":"Lagavulin Event","floor":7,"turns":6},{"damage":10,"enemies":"Gremlin Gang","floor":10,"turns":6},{"damage":23,"enemies":"Gremlin Nob","floor":11,"turns":4},{"damage":8,"enemies":"3 Sentries","floor":13,"turns":4},{"damage":5,"enemies":"Blue Slaver","floor":14,"turns":4},{"damage":31,"enemies":"Slime Boss","floor":16,"turns":4},{"damage":6,"enemies":"Spheric Guardian","floor":18,"turns":3},{"damage":10,"enemies":"2 Thieves","floor":20,"turns":3},{"damage":0,"enemies":"Snake Plant","floor":21,"turns":4},{"damage":6,"enemies":"Centurion and Healer","floor":22,"turns":6},{"damage":18,"enemies":"Slavers","floor":24,"turns":4},{"damage":22,"enemies":"Gremlin Leader","floor":27,"turns":6},{"damage":23,"enemies":"3 Cultists","floor":28,"turns":6},{"damage":39,"enemies":"Slavers","floor":30,"turns":5},{"damage":10,"enemies":"Sentry and Sphere","floor":31,"turns":5},{"damage":40,"enemies":"Champ","floor":33,"turns":11}],"seed_played":"-2908382401684788831","potions_obtained":[{"floor":10,"key":"SmokeBomb"},{"floor":14,"key":"Explosive Potion"},{"floor":22,"key":"ColorlessPotion"},{"floor":24,"key":"FearPotion"},{"floor":28,"key":"BloodPotion"},{"floor":31,"key":"EssenceOfSteel"},{"floor":33,"key":"Ancient Potion"}],"is_trial":false,"path_per_floor":["M","?","$","M","M","R","?","R","T","M","E","$","E","M","R","B",null,"M","$","M","M","M","R","E","?","T","E","M","R","E","M","R","B"],"character_chosen":"IRONCLAD","items_purchased":["Inflame","Kunai","Armaments"],"campfire_rested":2,"item_purchase_floors":[3,12,19],"current_hp_per_floor":[80,80,80,80,80,80,63,63,63,59,42,42,40,41,41,16,80,80,80,76,80,80,80,68,68,68,52,35,59,26,22,46,12,12],"gold":274,"neow_bonus":"","is_daily":true,"chose_seed":false,"campfire_upgraded":4,"win_rate":0.0,"timestamp":1608399993,"path_taken":["M","?","$","M","M","R","?","R","T","M","E","?","E","M","R","BOSS","M","$","?","?","M","R","E","?","T","E","M","R","E","M","R","BOSS"],"items_purchased_type":["Card","Relic","Card"],"build_version":"2020-12-13","purchased_purges":2,"victory":false,"max_hp_per_floor":[80,80,80,80,80,80,80,80,80,80,80,80,80,80,80,80,80,80,80,80,80,80,80,80,80,80,80,80,80,80,80,80,80,80],"relic_stats":{"counters":[19,90],"Shuriken":[1],"Kunai":[5],"War Paint":["Shockwave","True Grit"],"obtain_stats":[{"Potion Belt":24,"Bottled Flame":13,"Calipers":7,"Shuriken":26,"Vajra":11,"Velvet Choker":17,"Oddly Smooth Stone":30,"betterThird:NestCultRelic":25,"Incense Burner":9,"Kunai":12,"War Paint":27,"Burning Blood":0},{"Potion Belt":14,"Bottled Flame":7,"Calipers":4,"Shuriken":14,"Vajra":6,"Velvet Choker":9,"Oddly Smooth Stone":17,"betterThird:NestCultRelic":14,"Incense Burner":4,"Kunai":6,"War Paint":15,"Burning Blood":0},{"Potion Belt":57,"Bottled Flame":29,"Calipers":15,"Shuriken":57,"Vajra":25,"Velvet Choker":37,"Oddly Smooth Stone":74,"betterThird:NestCultRelic":57,"Incense Burner":15,"Kunai":25,"War Paint":63,"Burning Blood":0}],"Burning Blood":94},"card_choices":[{"not_picked":["Clash","Heavy Blade"],"picked":"Shrug It Off","floor":0},{"not_picked":["Havoc","Clash"],"picked":"Heavy Blade","floor":0},{"not_picked":["Flex","Reckless Charge"],"picked":"Evolve","floor":0},{"not_picked":["Infernal Blade","Heavy Blade"],"picked":"Cleave","floor":0},{"not_picked":["Flex","Pommel Strike"],"picked":"Wild Strike","floor":0},{"not_picked":["Headbutt","Cleave"],"picked":"Iron Wave","floor":0},{"not_picked":["Body Slam","Infernal Blade"],"picked":"Wild Strike","floor":0},{"not_picked":["Cleave","Perfected Strike"],"picked":"Ghostly Armor","floor":0},{"not_picked":["Headbutt","Sword Boomerang"],"picked":"Thunderclap","floor":0},{"not_picked":["Thunderclap","Perfected Strike"],"picked":"Feel No Pain","floor":0},{"not_picked":["Heavy Blade","Warcry"],"picked":"Uppercut","floor":0},{"not_picked":["Seeing Red","Headbutt"],"picked":"Power Through","floor":0},{"not_picked":["Infernal Blade","Body Slam"],"picked":"Dark Embrace","floor":0},{"not_picked":["Havoc","Dropkick"],"picked":"True Grit","floor":0},{"not_picked":["Warcry","Perfected Strike"],"picked":"True Grit","floor":0},{"not_picked":["Iron Wave","Seeing Red"],"picked":"Anger","floor":1},{"not_picked":["Seeing Red","Cleave"],"picked":"Heavy Blade","floor":4},{"not_picked":["Whirlwind","Havoc","Body Slam"],"picked":"SKIP","floor":5},{"not_picked":["Whirlwind","Clothesline"],"picked":"True Grit","floor":10},{"not_picked":["Double Tap","Brutality"],"picked":"Offering","floor":11},{"not_picked":["Offering","Berserk"],"picked":"Immolate","floor":13},{"not_picked":["Bloodletting","Heavy Blade"],"picked":"Fire Breathing","floor":14},{"not_picked":["Brutality","Feed"],"picked":"Demon Form","floor":16},{"not_picked":["Iron Wave+1","Inflame+1"],"picked":"Clothesline+1","floor":18},{"not_picked":["Body Slam","Sentinel"],"picked":"Shockwave","floor":20},{"not_picked":["Pommel Strike","Perfected Strike","Blood for Blood"],"picked":"SKIP","floor":21},{"not_picked":["Flex","Havoc+1","Ghostly Armor"],"picked":"SKIP","floor":22},{"not_picked":["Corruption","Demon Form"],"picked":"Double Tap","floor":24},{"not_picked":["Bludgeon","Offering"],"picked":"Impervious","floor":27},{"not_picked":["Thunderclap+1","Sentinel","Pommel Strike"],"picked":"SKIP","floor":28},{"not_picked":["Double Tap","Juggernaut"],"picked":"Offering","floor":30},{"not_picked":["Iron Wave","Bloodletting","Perfected Strike"],"picked":"SKIP","floor":31}],"player_experience":843346,"relics_obtained":[{"floor":7,"key":"Calipers"},{"floor":9,"key":"Incense Burner"},{"floor":11,"key":"Vajra"},{"floor":13,"key":"Bottled Flame"},{"floor":24,"key":"Potion Belt"},{"floor":26,"key":"Shuriken"},{"floor":27,"key":"War Paint"},{"floor":30,"key":"Oddly Smooth Stone"}],"event_choices":[{"damage_healed":0,"gold_gain":175,"player_choice":"AGREE","damage_taken":114,"max_hp_gain":0,"max_hp_loss":0,"event_name":"betterThird:BetterSerpent","floor":2,"gold_loss":0},{"damage_healed":0,"gold_gain":0,"player_choice":"Searched \u00272\u0027 times","damage_taken":0,"max_hp_gain":0,"max_hp_loss":0,"event_name":"Dead Adventurer","floor":7,"gold_loss":0},{"damage_healed":0,"gold_gain":0,"player_choice":"Madness","damage_taken":0,"relics_obtained":["betterThird:NestCultRelic"],"max_hp_gain":0,"max_hp_loss":0,"event_name":"betterThird:BetterNest","floor":25,"gold_loss":0}],"is_beta":false,"boss_relics":[{"not_picked":["Snecko Eye","SlaversCollar"],"picked":"Velvet Choker"}],"items_purged_floors":[3,19],"is_endless":false,"potions_floor_spawned":[10,14,22,24,28,31,33],"killed_by":"Champ","ascension_level":0}}