{"host":"rolltorest","time":1608418175,"event":{"mods":["BaseMod","Minty Spire (QoL Compilation)","StSLib"],"gold_per_floor":[116,116,32,45,195,195,233,233,256,294,294,303,322,347,347,428,428,452,372,372],"floor_reached":19,"playtime":387,"items_purged":[],"score":400,"play_id":"6c45bdae-d9c4-49e7-a88b-5a0ccfb77506","local_time":"20201219144935","is_ascension_mode":true,"campfire_choices":[{"data":"Deadly Poison","floor":6,"key":"SMITH"},{"floor":11,"key":"REST"},{"data":"Noxious Fumes","floor":15,"key":"SMITH"}],"circlet_count":0,"master_deck":["AscendersBane","Strike_G","Strike_G","Strike_G","Defend_G","Defend_G","Defend_G","Defend_G","Defend_G","Survivor","Neutralize","PiercingWail","Noxious Fumes+1","Deadly Poison+1","Doubt","Endless Agony","Crippling Poison","Die Die Die","After Image","Poisoned Stab","Burst","Well Laid Plans"],"relics":["Ring of the Snake","NeowsBlessing","CeramicFish","Dream Catcher","Ninja Scroll","Snecko Eye"],"acts_visited":["Exordium","TheCity"],"potions_floor_usage":[10],"damage_taken":[{"damage":0,"enemies":"Small Slimes","floor":1,"turns":1},{"damage":0,"enemies":"Cultist","floor":4,"turns":1},{"damage":0,"enemies":"3 Sentries","floor":7,"turns":2},{"damage":60,"enemies":"Gremlin Nob","floor":10,"turns":6},{"damage":11,"enemies":"Jaw Worm","floor":13,"turns":4},{"damage":0,"enemies":"Looter","floor":14,"turns":3},{"damage":8,"enemies":"Hexaghost","floor":16,"turns":9},{"damage":10,"enemies":"3 Byrds","floor":18,"turns":3},{"damage":31,"enemies":"2 Thieves","floor":19,"turns":3}],"seed_played":"6345694182837303369","potions_obtained":[{"floor":1,"key":"EssenceOfSteel"},{"floor":13,"key":"BlessingOfTheForge"}],"is_trial":false,"path_per_floor":["M","?","$","M","?","R","E","?","T","E","R","?","M","M","R","B",null,"M","M"],"character_chosen":"THE_SILENT","items_purchased":["Noxious Fumes"],"campfire_rested":1,"item_purchase_floors":[3],"current_hp_per_floor":[59,59,59,59,59,59,59,64,64,4,25,25,14,14,14,6,55,45,14,14],"gold":372,"neow_bonus":"THREE_ENEMY_KILL","is_daily":false,"chose_seed":false,"campfire_upgraded":2,"win_rate":0.0,"timestamp":1608418175,"path_taken":["M","?","$","?","?","R","E","?","T","E","R","?","M","?","R","BOSS","M","M"],"items_purchased_type":["Card"],"build_version":"2020-12-18","purchased_purges":0,"victory":false,"max_hp_per_floor":[66,66,66,66,66,66,66,71,71,71,71,71,71,71,71,71,71,71,71,71],"card_choices":[{"not_picked":["Tactician","Deflect"],"picked":"PiercingWail","floor":1},{"not_picked":["Prepared","Bouncing Flask"],"picked":"Deadly Poison","floor":4},{"not_picked":["Acrobatics","Reflex"],"picked":"Endless Agony","floor":7},{"not_picked":["Bane","Skewer"],"picked":"Crippling Poison","floor":10},{"not_picked":["Blade Dance","Acrobatics"],"picked":"After Image","floor":13},{"not_picked":["Slice","Concentrate"],"picked":"Poisoned Stab","floor":14},{"not_picked":["Envenom","Storm of Steel"],"picked":"Burst","floor":16},{"not_picked":["PiercingWail","Masterful Stab"],"picked":"Well Laid Plans","floor":18}],"player_experience":1684733,"relics_obtained":[{"floor":7,"key":"CeramicFish"},{"floor":9,"key":"Dream Catcher"},{"floor":10,"key":"Ninja Scroll"}],"event_choices":[{"cards_removed":["Strike_G"],"damage_healed":0,"gold_gain":0,"player_choice":"Offered Basic","damage_taken":0,"max_hp_gain":0,"max_hp_loss":0,"event_name":"Bonfire Elementals","floor":2,"gold_loss":0},{"damage_healed":0,"gold_gain":150,"player_choice":"AGREE","damage_taken":0,"max_hp_gain":0,"max_hp_loss":0,"event_name":"Liars Game","floor":5,"gold_loss":0,"cards_obtained":["Doubt"]},{"damage_healed":0,"gold_gain":0,"player_choice":"Donut","damage_taken":0,"max_hp_gain":5,"max_hp_loss":0,"event_name":"Big Fish","floor":8,"gold_loss":0},{"damage_healed":0,"gold_gain":0,"cards_transformed":["Strike_G"],"player_choice":"Transformed","damage_taken":0,"max_hp_gain":0,"max_hp_loss":0,"event_name":"Transmorgrifier","floor":12,"gold_loss":0,"cards_obtained":["Die Die Die"]}],"is_beta":true,"boss_relics":[{"not_picked":["WristBlade","Fusion Hammer"],"picked":"Snecko Eye"}],"items_purged_floors":[],"is_endless":false,"potions_floor_spawned":[1,13],"killed_by":"2 Thieves","ascension_level":20}}