{"host":"xfr90oo4gfm5wrxc","time":1608380625,"event":{"mods":["BaseMod","Downfall","Minty Spire (QoL Compilation)","Replay The Spire","Shop Mod","StSLib","SuperFastMode","TestMod","The Cursed"],"gold_per_floor":[99,99,134,134,134,134,134,162,162,172,193,211,17,17,34,139,139,64,81,116,26,40,56,81,113,129,163,68,68,68],"floor_reached":29,"playtime":2509,"items_purged":["Regret"],"score":314,"play_id":"1c8069dc-27d1-42c9-91fe-994f3463521d","local_time":"20201219202345","is_ascension_mode":false,"campfire_choices":[{"floor":1,"key":"RECALL"},{"data":"Guardian:ConstructionForm","floor":5,"key":"SMITH"},{"data":"Guardian:Planning","floor":9,"key":"SMITH"},{"data":"Guardian:CurlUp","floor":18,"key":"SMITH"}],"circlet_count":0,"master_deck":["Guardian:Strike_Guardian","Guardian:Strike_Guardian+1","Guardian:Strike_Guardian","Guardian:Strike_Guardian","Guardian:Defend_Guardian","Guardian:Defend_Guardian+1","Guardian:Defend_Guardian","Guardian:Defend_Guardian","Guardian:CurlUp+1","Guardian:TwinSlam","Guardian:PolyBeam+1","Guardian:Planning+1","Guardian:ConstructionForm+1","Guardian:RollAttack","Guardian:TimeBomb","Guardian:RevengeProtocol+1","Guardian:WalkerClaw+1","Guardian:Gem_Red","Guardian:BaubleBeam+1","Guardian:TemporalStrike","Guardian:PiercingHide","Guardian:Preprogram","Guardian:StasisStrike+1","Guardian:Incinerate","Guardian:Gem_Green","Guardian:ChargeUp+1","Guardian:SentryBeam+1","Guardian:Emergency+1","Guardian:TimeSifter+1","Guardian:ArmoredProtocol+1"],"relics":["Guardian:ModeShifter","testmod-TestBox","downfall:HeartsMalice","testmod-IntensifyImprint","Snack Pack","Golden Egg","Question Card","Odd Mushroom","SlaversCollar","downfall:HeartBlessingRed","Darkstone Periapt","Bag of Preparation","Blue Candle"],"acts_visited":["Exordium","TheCity"],"potions_floor_usage":[8,16,16,20,27,27],"damage_taken":[{"damage":0,"enemies":"Cultist","floor":2,"turns":1},{"damage":0,"enemies":"3 Sentries","floor":3,"turns":1},{"damage":0,"enemies":"Jaw Worm","floor":4,"turns":1},{"damage":15,"enemies":"Lagavulin","floor":8,"turns":9},{"damage":0,"enemies":"Small Slimes","floor":10,"turns":2},{"damage":11,"enemies":"The Mushroom Lair","floor":11,"turns":3},{"damage":11,"enemies":"3 Louse","floor":12,"turns":3},{"damage":3,"enemies":"downfall:FleeingMerchant","floor":13,"turns":4},{"damage":9,"enemies":"Blue Slaver","floor":15,"turns":3},{"damage":24,"enemies":"downfall:Watcher","floor":16,"turns":6},{"damage":11,"enemies":"Spheric Guardian","floor":19,"turns":3},{"damage":20,"enemies":"Gremlin Leader","floor":20,"turns":4},{"damage":2,"enemies":"downfall:FleeingMerchant","floor":21,"turns":4},{"damage":16,"enemies":"Snake Plant","floor":22,"turns":3},{"damage":16,"enemies":"Shelled Parasite and Fungi","floor":23,"turns":4},{"damage":12,"enemies":"Book of Stabbing","floor":25,"turns":4},{"damage":7,"enemies":"Snecko","floor":26,"turns":4},{"damage":12,"enemies":"Gremlin Leader","floor":27,"turns":4},{"damage":4,"enemies":"downfall:FleeingMerchant","floor":28,"turns":4},{"damage":17,"enemies":"Snake Plant","floor":29,"turns":2}],"seed_played":"6133141178861804063","potions_obtained":[{"floor":6,"key":"Languid Potion"},{"floor":6,"key":"Doom Potion"},{"floor":6,"key":"Dexterity Potion"},{"floor":10,"key":"Energy Potion"},{"floor":16,"key":"Swift Potion"},{"floor":19,"key":"SpeedPotion"},{"floor":23,"key":"Venom Potion"}],"is_trial":false,"path_per_floor":["R","M","E","M","R","?","T","E","R","M","?","M","$","?","M","B",null,"R","M","E","$","M","M","T","E","M","E","$","M"],"character_chosen":"GUARDIAN","items_purchased":["Guardian:Gem_Red","Guardian:BaubleBeam","Guardian:ArmoredProtocol"],"campfire_rested":0,"item_purchase_floors":[13,13,28],"current_hp_per_floor":[80,80,80,80,80,80,80,69,69,71,60,49,50,50,41,19,80,80,71,55,55,41,29,29,21,14,6,8,0,0],"gold":68,"neow_bonus":"THREE_ENEMY_KILL","is_daily":false,"chose_seed":false,"campfire_upgraded":3,"win_rate":0.0,"timestamp":1608380625,"path_taken":["R","?","E","?","R","?","T","E","R","?","?","M","$","?","M","BOSS","R","M","E","$","M","M","T","E","M","E","$","M"],"items_purchased_type":["Card","Card","Card"],"build_version":"2020-12-13","purchased_purges":1,"victory":false,"max_hp_per_floor":[80,80,80,80,80,80,80,80,80,80,80,80,80,80,80,80,80,80,80,80,80,80,80,80,80,80,80,80,80,80],"card_choices":[{"not_picked":["Guardian:CrystalBeam","Guardian:Reroute"],"picked":"Guardian:PolyBeam","floor":2},{"not_picked":["Guardian:ShieldSpikes","Guardian:ShieldCharger"],"picked":"Guardian:Planning","floor":3},{"not_picked":["Guardian:TemporalShield","Guardian:ShieldSpikes"],"picked":"Guardian:ConstructionForm","floor":4},{"not_picked":["Guardian:Incinerate","Guardian:Reroute"],"picked":"Guardian:Gem_White","floor":8},{"not_picked":["Guardian:Harden","Guardian:DecasProtection","Guardian:Gem_Lightblue"],"picked":"Guardian:RollAttack","floor":10},{"not_picked":["Guardian:RollAttack","Guardian:TemporalStrike","Guardian:VentSteam"],"picked":"Guardian:TimeBomb","floor":11},{"not_picked":["Guardian:DonusPower","Guardian:TemporalShield","Guardian:TimeCapacitor"],"picked":"Guardian:RevengeProtocol","floor":12},{"not_picked":["Guardian:CrystalBeam","Guardian:Planning","Guardian:VentSteam"],"picked":"Guardian:WalkerClaw","floor":13},{"not_picked":["Guardian:Harden","Guardian:Gem_Fragmented","Guardian:PrimingBeam"],"picked":"Guardian:TemporalStrike","floor":15},{"not_picked":["Guardian:StasisField","Guardian:BaubleBeam","Guardian:RevengeProtocol"],"picked":"Guardian:Gem_Orange","floor":16},{"not_picked":["Guardian:PrimingBeam","Guardian:Planning","Guardian:CrystalBeam+1"],"picked":"Guardian:PiercingHide","floor":19},{"not_picked":["Guardian:ChargeCore","Guardian:Harden","Guardian:MultiBeam+1"],"picked":"Guardian:Preprogram","floor":20},{"not_picked":["Guardian:CrystalBeam","Guardian:DonusPower","Guardian:ChargeCore+1"],"picked":"Guardian:StasisStrike","floor":21},{"not_picked":["Guardian:PolyBeam","Guardian:PiercingHide","Guardian:Repulse+1"],"picked":"Guardian:Incinerate","floor":22},{"not_picked":["Guardian:TimeBomb","Guardian:PrimingBeam","Guardian:WalkerClaw"],"picked":"Guardian:Gem_Green","floor":23},{"not_picked":["Guardian:ShieldCharger","Guardian:HyperBeam_Guardian","Guardian:ChargeCore"],"picked":"Guardian:ChargeUp+1","floor":25},{"not_picked":["Guardian:SpikerProtocol+1","Guardian:PolyBeam","Guardian:Gem_Lightblue"],"picked":"Guardian:SentryBeam+1","floor":26},{"not_picked":["Guardian:Gem_Cyan","Guardian:Planning","Guardian:HyperBeam_Guardian"],"picked":"Guardian:Emergency+1","floor":27},{"not_picked":["Guardian:ArmoredProtocol","Guardian:ShieldCharger+1","Guardian:BronzeOrb+1"],"picked":"Guardian:TimeSifter","floor":28}],"player_experience":144069,"relics_obtained":[{"floor":3,"key":"Snack Pack"},{"floor":7,"key":"Golden Egg"},{"floor":8,"key":"Question Card"},{"floor":11,"key":"Odd Mushroom"},{"floor":20,"key":"Darkstone Periapt"},{"floor":25,"key":"Bag of Preparation"},{"floor":27,"key":"Blue Candle"}],"event_choices":[{"damage_healed":0,"gold_gain":0,"player_choice":"Got Potions","damage_taken":0,"max_hp_gain":0,"max_hp_loss":0,"event_name":"Lab","floor":6,"gold_loss":0},{"damage_healed":0,"gold_gain":0,"player_choice":"Fought Mushrooms","damage_taken":0,"max_hp_gain":0,"max_hp_loss":0,"event_name":"Mushrooms","floor":11,"gold_loss":0}],"is_beta":false,"boss_relics":[{"not_picked":["testmod-StringDisintegrator","SacredBark"],"picked":"SlaversCollar"}],"items_purged_floors":[21],"is_endless":false,"potions_floor_spawned":[10,11,16,19,23],"killed_by":"Snake Plant","ascension_level":0}}