{"host":"pzqkpx9vzgz8he4w","time":1608344790,"event":{"mods":["2.2 Compatiblity","BaseMod","DeckTracker","Minty Spire (QoL Compilation)","StSLib","The Edgeheg"],"gold_per_floor":[79,79,94,109,109,109,79,95,95,114,38,58,22,38,38,143,143,154,154,154],"floor_reached":19,"playtime":2034,"items_purged":[],"score":163,"play_id":"c9490e30-bd4c-4e9d-bdfe-a6780f553892","local_time":"20201218212630","is_ascension_mode":false,"campfire_choices":[{"data":"theEdgeheg:Knives","floor":6,"key":"SMITH"},{"data":"theEdgeheg:Knives","floor":15,"key":"SMITH"}],"circlet_count":0,"master_deck":["theEdgeheg:StarterShootAttack","theEdgeheg:StarterShootAttack","theEdgeheg:StarterDodgeSkill","theEdgeheg:StarterDodgeSkill","theEdgeheg:StarterDodgeSkill","theEdgeheg:BloodyKatana","theEdgeheg:ChaosControlSkill","theEdgeheg:GatherChaos","theEdgeheg:PlayRandomCard","theEdgeheg:SexyGirlfriend","theEdgeheg:Knives+1","theEdgeheg:BlockingGF","theEdgeheg:Parry","theEdgeheg:BloodyKatana","theEdgeheg:BetterDodge","theEdgeheg:Knives+1","theEdgeheg:SexyGirlfriend","theEdgeheg:Parry","theEdgeheg:Fastness","theEdgeheg:PerfectAim","theEdgeheg:GunSteal"],"relics":["theEdgeheg:UltimateLifeformRelic","theEdgeheg:GreenEmeraldRelic","NeowsBlessing","Shuriken","Velvet Choker"],"acts_visited":["Exordium","TheCity"],"potions_floor_usage":[12,19],"damage_taken":[{"damage":0,"enemies":"2 Louse","floor":1,"turns":2},{"damage":0,"enemies":"Cultist","floor":3,"turns":1},{"damage":0,"enemies":"Jaw Worm","floor":4,"turns":1},{"damage":1,"enemies":"Exordium Thugs","floor":7,"turns":7},{"damage":0,"enemies":"Exordium Wildlife","floor":8,"turns":4},{"damage":0,"enemies":"Red Slaver","floor":10,"turns":4},{"damage":1,"enemies":"Lots of Slimes","floor":12,"turns":8},{"damage":0,"enemies":"2 Fungi Beasts","floor":14,"turns":5},{"damage":2,"enemies":"The Guardian","floor":16,"turns":23},{"damage":0,"enemies":"Chosen","floor":18,"turns":9},{"damage":1,"enemies":"3 Byrds","floor":19,"turns":2}],"seed_played":"8086247958240333854","potions_obtained":[{"floor":1,"key":"Dexterity Potion"},{"floor":3,"key":"Energy Potion"},{"floor":10,"key":"Weak Potion"},{"floor":14,"key":"SteroidPotion"},{"floor":16,"key":"Energy Potion"}],"is_trial":false,"path_per_floor":["M","?","M","M","?","R","M","M","T","M","$","M","$","M","R","B",null,"M","M"],"character_chosen":"THE_DEFAULT","items_purchased":["theEdgeheg:Knives","theEdgeheg:Parry"],"campfire_rested":0,"item_purchase_floors":[11,13],"current_hp_per_floor":[5,5,5,5,5,5,5,5,5,5,5,5,5,5,5,3,4,4,3,3],"gold":154,"neow_bonus":"THREE_ENEMY_KILL","is_daily":false,"chose_seed":false,"campfire_upgraded":2,"win_rate":0.0,"timestamp":1608344790,"path_taken":["M","?","?","M","?","R","M","M","T","M","?","?","?","M","R","BOSS","M","?"],"items_purchased_type":["Card","Card"],"build_version":"2020-12-13","purchased_purges":0,"victory":false,"max_hp_per_floor":[5,5,5,5,5,5,5,5,5,5,5,5,5,5,5,5,5,5,5,5],"card_choices":[{"not_picked":["theEdgeheg:SupersonicSpeed","theEdgeheg:UseAndThrow"],"picked":"theEdgeheg:PlayRandomCard","floor":1},{"not_picked":["theEdgeheg:Grr","theEdgeheg:TeleportsAbove"],"picked":"theEdgeheg:SexyGirlfriend","floor":3},{"not_picked":["theEdgeheg:QuickKatana","theEdgeheg:BetterShoot"],"picked":"theEdgeheg:Knives","floor":4},{"not_picked":["theEdgeheg:GunSteal","theEdgeheg:SkateboardTrick"],"picked":"theEdgeheg:Parry","floor":7},{"not_picked":["theEdgeheg:BetterShoot","theEdgeheg:ChaosCards"],"picked":"theEdgeheg:BloodyKatana","floor":8},{"not_picked":["theEdgeheg:ChaosCards","theEdgeheg:Tsk"],"picked":"theEdgeheg:BetterDodge","floor":10},{"not_picked":["theEdgeheg:ChaosGrenade","theEdgeheg:BloodyNodachi"],"picked":"theEdgeheg:SexyGirlfriend","floor":12},{"not_picked":["theEdgeheg:BadassArsenal","theEdgeheg:Disrobe"],"picked":"theEdgeheg:Fastness","floor":14},{"not_picked":["theEdgeheg:EndlessKatanas","theEdgeheg:UnplayableBomb"],"picked":"theEdgeheg:PerfectAim","floor":16},{"not_picked":["theEdgeheg:DrawGun","theEdgeheg:BetterDodge"],"picked":"theEdgeheg:GunSteal","floor":18}],"player_experience":137788,"relics_obtained":[{"floor":9,"key":"Shuriken"}],"event_choices":[{"cards_removed":["theEdgeheg:StarterShootAttack"],"damage_healed":0,"gold_gain":0,"player_choice":"Purged","damage_taken":0,"max_hp_gain":0,"max_hp_loss":0,"event_name":"Purifier","floor":2,"gold_loss":0},{"damage_healed":0,"gold_gain":0,"cards_transformed":["theEdgeheg:StarterShootAttack"],"player_choice":"Transformed","damage_taken":0,"max_hp_gain":0,"max_hp_loss":0,"event_name":"Transmorgrifier","floor":5,"gold_loss":0,"cards_obtained":["theEdgeheg:BlockingGF"]}],"is_beta":false,"boss_relics":[{"not_picked":["Black Star","Astrolabe"],"picked":"Velvet Choker"}],"items_purged_floors":[],"is_endless":false,"potions_floor_spawned":[1,3,10,14,16],"killed_by":"3 Byrds","ascension_level":0}}