{"host":"r6jigiblrojhp6xe","time":1608420956,"event":{"mods":["AchievementEnabler","BaseMod","DeckTracker","Minty Spire (QoL Compilation)","Quick Restart","Rare Cards Sparkle","Relic Stats","StSLib","SuperFastMode","The Cursed","everything is the same but u backflip on backflip"],"gold_per_floor":[111,130,55,55,72,72,72,72,121,153,153,180,196,220,220,220,220],"floor_reached":16,"playtime":291,"items_purged":["Strike_G"],"score":196,"play_id":"c8b6c1f9-752b-4ec3-9845-2bf8155a2c79","local_time":"20201220083556","is_ascension_mode":true,"campfire_choices":[{"data":"Noxious Fumes","floor":6,"key":"SMITH"},{"data":"Corpse Explosion","floor":8,"key":"SMITH"},{"floor":15,"key":"REST"}],"circlet_count":0,"master_deck":["AscendersBane","Strike_G","Strike_G","Defend_G","Defend_G","Defend_G","Defend_G","Survivor","Neutralize","Setup","Corpse Explosion+1","Crippling Poison","Noxious Fumes+1","Dagger Spray","Catalyst"],"relics":["Ring of the Snake","PreservedInsect","Bottled Tornado","Potion Belt","Odd Mushroom"],"acts_visited":["Exordium"],"potions_floor_usage":[10,16,16],"damage_taken":[{"damage":8,"enemies":"Jaw Worm","floor":1,"turns":4},{"damage":5,"enemies":"2 Louse","floor":2,"turns":3},{"damage":3,"enemies":"Small Slimes","floor":5,"turns":4},{"damage":13,"enemies":"Gremlin Nob","floor":10,"turns":4},{"damage":1,"enemies":"Looter","floor":13,"turns":4},{"damage":3,"enemies":"The Mushroom Lair","floor":14,"turns":3},{"damage":7,"enemies":"Slime Boss","floor":16,"turns":6}],"seed_played":"1384466736710946057","potions_obtained":[{"floor":1,"key":"LiquidMemories"},{"floor":2,"key":"Ancient Potion"},{"floor":14,"key":"Strength Potion"}],"is_trial":false,"path_per_floor":["M","M","$","?","M","R","?","R","T","E","?","T","M","?","R","B"],"character_chosen":"THE_SILENT","items_purchased":[],"campfire_rested":1,"item_purchase_floors":[],"current_hp_per_floor":[36,31,31,24,21,21,21,21,21,8,8,8,7,4,23,16,16],"gold":220,"neow_bonus":"TRANSFORM_TWO_CARDS","is_daily":false,"chose_seed":false,"campfire_upgraded":2,"win_rate":0.0,"timestamp":1608420956,"path_taken":["M","M","$","?","M","R","?","R","T","E","?","?","?","?","R","BOSS"],"items_purchased_type":[],"build_version":"2020-12-13","purchased_purges":1,"victory":false,"max_hp_per_floor":[66,66,66,66,66,66,66,66,66,66,66,66,66,66,66,66,66],"relic_stats":{"counters":[7,28],"PreservedInsect":22,"obtain_stats":[{"Potion Belt":12,"PreservedInsect":9,"Bottled Tornado":10,"Odd Mushroom":14,"Ring of the Snake":0},{"Potion Belt":4,"PreservedInsect":3,"Bottled Tornado":4,"Odd Mushroom":6,"Ring of the Snake":0},{"Potion Belt":15,"PreservedInsect":11,"Bottled Tornado":15,"Odd Mushroom":22,"Ring of the Snake":0}],"Ring of the Snake":[14]},"card_choices":[{"not_picked":["Setup","Leg Sweep"],"picked":"Crippling Poison","floor":1},{"not_picked":["Tactician","PiercingWail"],"picked":"Noxious Fumes","floor":2},{"not_picked":["Finisher","Deflect"],"picked":"Dagger Spray","floor":5},{"not_picked":["Distraction","Bane","Dagger Throw"],"picked":"SKIP","floor":10},{"not_picked":["Underhanded Strike","Crippling Poison","Deflect"],"picked":"SKIP","floor":13},{"not_picked":["Dagger Spray","Dodge and Roll"],"picked":"Catalyst","floor":14}],"player_experience":533130,"relics_obtained":[{"floor":9,"key":"PreservedInsect"},{"floor":10,"key":"Bottled Tornado"},{"floor":12,"key":"Potion Belt"},{"floor":14,"key":"Odd Mushroom"}],"event_choices":[{"cards_removed":["Strike_G"],"damage_healed":0,"gold_gain":0,"player_choice":"Card Removal","damage_taken":7,"max_hp_gain":0,"max_hp_loss":0,"event_name":"Golden Wing","floor":4,"gold_loss":0},{"damage_healed":0,"gold_gain":0,"player_choice":"Ignored","damage_taken":0,"max_hp_gain":0,"max_hp_loss":0,"event_name":"Liars Game","floor":7,"gold_loss":0},{"damage_healed":0,"gold_gain":0,"player_choice":"Ignored","damage_taken":0,"max_hp_gain":0,"max_hp_loss":0,"event_name":"Shining Light","floor":11,"gold_loss":0},{"damage_healed":0,"gold_gain":0,"player_choice":"Fought Mushrooms","damage_taken":0,"max_hp_gain":0,"max_hp_loss":0,"event_name":"Mushrooms","floor":14,"gold_loss":0}],"is_beta":false,"boss_relics":[],"items_purged_floors":[3],"is_endless":false,"potions_floor_spawned":[1,2,14],"killed_by":"Slime Boss","ascension_level":20}}