{"host":"5gqrjli8yntg44l3","time":1608404290,"event":{"mods":["AchievementEnabler","BaseMod","Better Third Choice","Highlight Path","Minty Spire (QoL Compilation)","Relic Stats","StSLib"],"gold_per_floor":[114,130,60,77,77,106,106,106,130,110,129,129,129],"floor_reached":12,"playtime":418,"items_purged":[],"score":88,"play_id":"a5593813-dc6a-4c1a-839d-7a5b1f0428bb","local_time":"20201219185810","is_ascension_mode":true,"campfire_choices":[{"floor":8.0,"key":"REST"}],"circlet_count":0,"master_deck":["Strike_B","Strike_B","Strike_B","Strike_B","Defend_B","Defend_B","Defend_B","Defend_B","Zap+1","Dualcast","Turbo","Capacitor","Sunder"],"relics":["Busted Crown","Nunchaku","Anchor"],"acts_visited":["Exordium"],"potions_floor_usage":[12],"damage_taken":[{"damage":0.0,"enemies":"Cultist","floor":1.0,"turns":4.0},{"damage":1.0,"enemies":"Small Slimes","floor":2.0,"turns":3.0},{"damage":7.0,"enemies":"Jaw Worm","floor":4.0,"turns":4.0},{"damage":46.0,"enemies":"Lagavulin","floor":6.0,"turns":10.0},{"damage":25.0,"enemies":"Exordium Thugs","floor":10.0,"turns":5.0},{"damage":17.0,"enemies":"Lots of Slimes","floor":11.0,"turns":5.0},{"damage":0,"enemies":"Gremlin Nob","floor":12,"turns":2}],"seed_played":"1872977558270734535","potions_obtained":[{"floor":2.0,"key":"EssenceOfDarkness"},{"floor":6.0,"key":"Strength Potion"},{"floor":11.0,"key":"SmokeBomb"}],"is_trial":false,"path_per_floor":["M","M","$","M","$","E","?","R","T","M","M","E"],"character_chosen":"DEFECT","items_purchased":["Capacitor"],"campfire_rested":1,"item_purchase_floors":[3],"current_hp_per_floor":[75,74,74,67,67,21,21,43,43,18,1,1,1],"gold":129,"neow_bonus":"BOSS_RELIC","is_daily":false,"chose_seed":false,"campfire_upgraded":0,"win_rate":0.0,"timestamp":1608404290,"path_taken":["M","M","?","M","?","E","?","R","T","M","M","E"],"items_purchased_type":["Card"],"build_version":"2020-12-13","purchased_purges":0,"victory":false,"max_hp_per_floor":[75,75,75,75,75,75,75,75,75,75,75,75,75],"relic_stats":{"Nunchaku":[1],"Busted Crown":12,"counters":[7,33],"obtain_stats":[{"Nunchaku":6,"Anchor":9,"Busted Crown":0,"Cracked Core":0},{"Nunchaku":4,"Anchor":4,"Busted Crown":0,"Cracked Core":0},{"Nunchaku":21,"Anchor":21,"Busted Crown":0,"Cracked Core":0}]},"card_choices":[{"not_picked":[],"picked":"Turbo","floor":1.0},{"not_picked":["BootSequence"],"picked":"SKIP","floor":2.0},{"not_picked":["Streamline"],"picked":"SKIP","floor":4.0},{"not_picked":["BootSequence"],"picked":"SKIP","floor":6.0},{"not_picked":["Stack"],"picked":"SKIP","floor":10.0},{"not_picked":[],"picked":"Sunder","floor":11.0}],"player_experience":182644,"relics_obtained":[{"floor":6.0,"key":"Nunchaku"},{"floor":9.0,"key":"Anchor"}],"event_choices":[{"damage_healed":0.0,"max_hp_gain":0.0,"max_hp_loss":0.0,"gold_gain":0.0,"event_name":"Living Wall","player_choice":"Grow","floor":7.0,"gold_loss":0.0,"damage_taken":0.0,"cards_upgraded":["Zap"]}],"is_beta":false,"boss_relics":[],"items_purged_floors":[],"is_endless":false,"potions_floor_spawned":[2,6,11],"killed_by":"Gremlin Nob","ascension_level":2}}