{"host":"Teixeira","time":1608412500,"event":{"mods":["2.2 Compatiblity","Aspiration","BaseMod","Better Match","Better Note","Better Sensory Stone","Better Skull","Better Third Choice","Colored Map","Colored Powertips","Hermit","Hubris","Infinite Spire","Marked Mod","Minty Spire (QoL Compilation)","Permanent Neow","Quick Restart","Rare Cards Sparkle","Relic Filter","Replay The Spire","Spicy Shops","StSLib","SuperFastMode"],"gold_per_floor":[114,128,128,144,15,54,54,69,120,120,159,159,194,218,218,343,343,356,356,631,151,166,166,197,197,197,228,228,78,93,136,136,264,264,277,291,310,16,30,81,81,115,115,115,115,129,129,129,129,129],"floor_reached":51,"playtime":2355,"items_purged":["Defend_R","Regret","Strike_R","Strike_R","Parasite"],"score":763,"play_id":"f02eebaf-708d-4d0b-9db3-853008493d01","local_time":"20201219181500","is_ascension_mode":true,"campfire_choices":[{"data":"hubris:CleavingFinish","floor":7.0,"key":"SMITH"},{"data":"Heavy Blade","floor":10.0,"key":"SMITH"},{"data":"Flex","floor":12.0,"key":"SMITH"},{"data":"Carnage","floor":15.0,"key":"SMITH"},{"data":"Berserk","floor":23.0,"key":"SMITH"},{"floor":25.0,"key":"DIG"},{"data":"Whirlwind","floor":28.0,"key":"SMITH"},{"data":"Reaper","floor":32.0,"key":"SMITH"},{"data":"Flex","floor":41.0,"key":"SMITH"},{"floor":44.0,"key":"REST"},{"floor":47.0,"key":"REST"},{"data":"Wild Strike","floor":49.0,"key":"SMITH"}],"circlet_count":0,"master_deck":["Strike_R","Strike_R","Strike_R","Defend_R","Defend_R","Defend_R","Bash","Inflame+1","Shrug It Off","Wild Strike+1","Flex+1","hubris:CleavingFinish+1","Heavy Blade+1","Carnage+1","Berserk+1","Spot Weakness+1","Whirlwind+1","Flex+1","Reaper+1","Spot Weakness+1","Flex+1","Demon Form+1","Double Tap+1","Berserk+1"],"relics":["Burning Blood","aspiration:Nostalgia","Sizzling Blood","Golden Idol","Question Card","Strawberry","Nunchaku","Shovel","Gambling Chip","SlaversCollar","Mummified Hand","Replay:Wax Seal","Lantern","HandDrill","Self Forming Clay","Calipers","hubris:BundleOfHerbs","Replay:Kaleidoscope","Oddly Smooth Stone","hubris:CrystalStatue","Red Skull","hubris:DeckOfHolding","hubris:Spice"],"acts_visited":["Exordium","TheCity","TheBeyond"],"potions_floor_usage":[50],"damage_taken":[{"damage":10.0,"enemies":"Jaw Worm","floor":1.0,"turns":4.0},{"damage":5.0,"enemies":"Cultist","floor":2.0,"turns":4.0},{"damage":2.0,"enemies":"Small Slimes","floor":4.0,"turns":3.0},{"damage":5.0,"enemies":"Replay:BlueRogue","floor":6.0,"turns":4.0},{"damage":11.0,"enemies":"Exordium Wildlife","floor":8.0,"turns":3.0},{"damage":13.0,"enemies":"3 Sentries","floor":11.0,"turns":6.0},{"damage":0.0,"enemies":"Gremlin Nob","floor":13.0,"turns":2.0},{"damage":0.0,"enemies":"2 Fungi Beasts","floor":14.0,"turns":2.0},{"damage":58.0,"enemies":"The Guardian","floor":16.0,"turns":8.0},{"damage":14.0,"enemies":"Chosen","floor":18.0,"turns":3.0},{"damage":15.0,"enemies":"2 Thieves","floor":22.0,"turns":2.0},{"damage":7.0,"enemies":"Slavers","floor":24.0,"turns":2.0},{"damage":26.0,"enemies":"Gremlin Leader","floor":27.0,"turns":3.0},{"damage":0.0,"enemies":"3 Cultists","floor":30.0,"turns":2.0},{"damage":28.0,"enemies":"Slavers","floor":31.0,"turns":2.0},{"damage":47.0,"enemies":"hubris:MusketHawk","floor":33.0,"turns":5.0},{"damage":10.0,"enemies":"Orb Walker","floor":35.0,"turns":2.0},{"damage":15.0,"enemies":"3 Darklings","floor":36.0,"turns":4.0},{"damage":39.0,"enemies":"Writhing Mass","floor":37.0,"turns":4.0},{"damage":2.0,"enemies":"Transient","floor":39.0,"turns":5.0},{"damage":4.0,"enemies":"R_Hoarder","floor":40.0,"turns":4.0},{"damage":71.0,"enemies":"Reptomancer","floor":42.0,"turns":5.0},{"damage":41.0,"enemies":"3 Darklings","floor":46.0,"turns":4.0},{"damage":20,"enemies":"Replay:Hell Engine","floor":50,"turns":3}],"seed_played":"5228434233846276239","potions_obtained":[{"floor":1.0,"key":"Adrenaline Potion"},{"floor":6.0,"key":"Reflective Coating"},{"floor":13.0,"key":"Toxic Potion"},{"floor":22.0,"key":"SneckoOil"},{"floor":30.0,"key":"SteroidPotion"},{"floor":31.0,"key":"Swift Potion"},{"floor":33.0,"key":"Languid Potion"},{"floor":35.0,"key":"Milkshake"},{"floor":37.0,"key":"ColorlessPotion"}],"is_trial":false,"path_per_floor":["M","M","?","M","$","E","R","M","T","R","E","R","E","M","R","B",null,"M","?","?","$","M","R","E","R","T","E","R","$","M","E","R","B",null,"M","M","M","$","M","E","R","E","T","R","?","M","R","$","R_BF","B",null],"character_chosen":"IRONCLAD","items_purchased":["Flex","Replay:Wax Seal","Lantern","HandDrill","hubris:CrystalStatue"],"campfire_rested":2,"item_purchase_floors":[5,21,21,21,38],"current_hp_per_floor":[84,84,84,84,84,91,91,90,90,90,87,87,91,91,91,43,91,87,87,87,87,82,82,85,85,85,69,69,69,79,61,61,51,91,91,91,62,62,88,88,88,27,35,63,63,47,75,75,75,95],"gold":129,"neow_bonus":"NOSTALGIA","is_daily":false,"chose_seed":false,"campfire_upgraded":9,"win_rate":0.0,"timestamp":1608412500,"path_taken":["M","M","?","?","?","E","R","M","T","R","E","R","E","M","R","BOSS","M","?","?","$","?","R","E","R","T","E","R","$","?","E","R","BOSS","M","M","M","$","M","E","R","E","T","R","?","?","R","$","R_BF","BOSS"],"items_purchased_type":["Card","Relic","Relic","Relic","Relic"],"build_version":"2020-11-17","purchased_purges":5,"victory":true,"max_hp_per_floor":[84,84,84,84,84,91,91,91,91,91,91,91,91,91,91,91,91,91,91,91,91,91,91,91,91,91,91,91,91,91,91,91,91,91,91,91,91,88,88,88,88,88,96,96,96,96,96,96,96,96],"card_choices":[{"not_picked":["Warcry","Anger","hubris:ReadiedAction"],"picked":"Inflame","floor":1.0},{"not_picked":["ReplayTheSpireMod:Strike From Hell","Run Through","Iron Wave"],"picked":"Shrug It Off","floor":2.0},{"not_picked":["Thunderclap","True Grit","Fiend Fire"],"picked":"Wild Strike","floor":4.0},{"not_picked":["Sever Soul","Second Wind","Run Through"],"picked":"hubris:CleavingFinish","floor":6.0},{"not_picked":["True Grit","Run Through","Rupture"],"picked":"Heavy Blade","floor":8.0},{"not_picked":["Replay:Undeath\u0027s Touch","ReplayTheSpireMod:Strike From Hell","Clash","hubris:ReadiedAction"],"picked":"SKIP","floor":11.0},{"not_picked":["Sword Boomerang","Life Link","Fire Breathing","Flame Barrier"],"picked":"SKIP","floor":13.0},{"not_picked":["Defy Death","Burning Pact","Cleave"],"picked":"Carnage","floor":14.0},{"not_picked":["Limit Break","Fiend Fire","Demon Form"],"picked":"Berserk","floor":16.0},{"not_picked":["Twin Strike","Perfected Strike","Warcry+1","Second Wind"],"picked":"SKIP","floor":18.0},{"not_picked":["Body Slam","Armaments","Cleave","Entrench"],"picked":"SKIP","floor":22.0},{"not_picked":["Sword Boomerang+1","Disarm","Flex"],"picked":"Spot Weakness+1","floor":24.0},{"not_picked":["Feel No Pain","Power Through","Ghostly Armor+1"],"picked":"Whirlwind","floor":27.0},{"not_picked":["Bludgeon","Iron Wave","Body Slam"],"picked":"Flex","floor":30.0},{"not_picked":["Bludgeon","Armaments","Run Through"],"picked":"Reaper","floor":31.0},{"not_picked":["Twin Strike+1","Clash+1","Feel No Pain","Armaments+1"],"picked":"SKIP","floor":35.0},{"not_picked":["Heavy Blade+1","Shockwave","Rage"],"picked":"Spot Weakness+1","floor":36.0},{"not_picked":["Battle Trance+1","Clothesline","Anger"],"picked":"Flex+1","floor":37.0},{"not_picked":["ReplayTheSpireMod:Strike From Hell+1","Armaments","Clash+1","ReplayTheSpireMod:LeadingStrike"],"picked":"SKIP","floor":39.0},{"not_picked":["Power Through","Warcry+1","Berserk","Thunderclap+1"],"picked":"SKIP","floor":40.0},{"not_picked":["Bloodletting","Sever Soul+1","Cleave","True Grit"],"picked":"SKIP","floor":42.0},{"not_picked":["Reaper+1","Immolate+1","Offering+1"],"picked":"Demon Form+1","floor":45.0},{"not_picked":["Corruption+1","Hemogenesis+1","hubris:StunningStrike+1"],"picked":"Double Tap+1","floor":45.0},{"not_picked":["Bludgeon+1","Juggernaut+1","Brutality+1"],"picked":"Berserk+1","floor":45.0},{"not_picked":["Battle Trance+1","Thunderclap","Flame Barrier+1","Run Through+1"],"picked":"SKIP","floor":46.0}],"player_experience":43301,"relics_obtained":[{"floor":6.0,"key":"Strawberry"},{"floor":9.0,"key":"Nunchaku"},{"floor":11.0,"key":"Shovel"},{"floor":13.0,"key":"Gambling Chip"},{"floor":24.0,"key":"Self Forming Clay"},{"floor":25.0,"key":"Calipers"},{"floor":26.0,"key":"hubris:BundleOfHerbs"},{"floor":27.0,"key":"Replay:Kaleidoscope"},{"floor":31.0,"key":"Oddly Smooth Stone"},{"floor":40.0,"key":"Red Skull"},{"floor":42.0,"key":"hubris:DeckOfHolding"},{"floor":43.0,"key":"hubris:Spice"}],"event_choices":[{"damage_healed":0.0,"max_hp_gain":0.0,"max_hp_loss":0.0,"gold_gain":0.0,"event_name":"Upgrade Shrine","player_choice":"Upgraded","floor":3.0,"gold_loss":0.0,"damage_taken":0.0,"cards_upgraded":["Inflame"]},{"damage_healed":0.0,"max_hp_gain":0.0,"max_hp_loss":0.0,"gold_gain":0.0,"event_name":"WeMeetAgain","player_choice":"Gave Potion","floor":19.0,"gold_loss":0.0,"damage_taken":0.0,"relics_obtained":["Mummified Hand"]},{"damage_healed":0.0,"max_hp_gain":0.0,"max_hp_loss":0.0,"gold_gain":275.0,"event_name":"Golden Shrine","player_choice":"Desecrate","floor":20.0,"gold_loss":0.0,"damage_taken":0.0,"cards_obtained":["Regret"]},{"damage_healed":0.0,"max_hp_gain":0.0,"max_hp_loss":0.0,"gold_gain":0.0,"event_name":"betterMatch:BetterMatch","player_choice":"3","floor":45.0,"gold_loss":0.0,"damage_taken":0.0,"cards_obtained":["betterMatch:RareCard"]}],"is_beta":true,"boss_relics":[{"not_picked":["Snecko Eye","hubris:BlackHole"],"picked":"SlaversCollar"},{"not_picked":["Replay:Drink Me","aspiration:SilentSkillbook","Calling Bell"]}],"items_purged_floors":[5,21,21,29,38],"is_endless":false,"potions_floor_spawned":[1,6,13,22,30,31,33,35,37],"ascension_level":1}}