{"host":"avjwtc49fhlk6kym","time":1608407959,"event":{"mods":["AchievementEnabler","BaseMod","Better Match","Better Note","Better Third Choice","Colored Map","Colored Powertips","Displayed Cursed Tome","Highlight Path","Minty Spire (QoL Compilation)","Permanent Neow","Quick Restart","StSLib"],"gold_per_floor":[19,36,46,46,46,46,56,56,56,56,76,1,1,28,28,127,177,191,36,36,52,52,78,78,112,159,177,27,38,38,38],"floor_reached":30,"playtime":837,"items_purged":[],"score":258,"play_id":"b577bb39-8d4e-4e82-a099-311dd311f8c8","local_time":"20201219145919","is_ascension_mode":false,"campfire_choices":[{"data":"LessonLearned","floor":6.0,"key":"SMITH"},{"data":"Conclude","floor":8,"key":"SMITH"},{"data":"SandsOfTime","floor":10,"key":"SMITH"},{"data":"FearNoEvil","floor":13,"key":"SMITH"},{"data":"Vigilance","floor":15,"key":"SMITH"},{"floor":24,"key":"REST"}],"circlet_count":0,"master_deck":["Strike_P+1","Strike_P+1","Strike_P","Strike_P+1","Defend_P","Defend_P+1","Defend_P+1","Defend_P","Eruption+1","Vigilance+1","LessonLearned+1","Conclude+1","FearNoEvil+1","SandsOfTime+1","FlurryOfBlows","FollowUp+1","ReachHeaven+1","DeusExMachina","ThirdEye","ForeignInfluence","Consecrate+1","RitualDagger+1","FlyingSleeves+1","FollowUp+1","FollowUp+1","Wallop+1"],"relics":["PureWater","Molten Egg 2","Blood Vial","Tiny House","Medical Kit","Singing Bowl","Boot","Sling"],"acts_visited":["Exordium","TheCity"],"potions_floor_usage":[16,18,25,25,27],"damage_taken":[{"damage":0.0,"enemies":"2 Louse","floor":1.0,"turns":2.0},{"damage":3.0,"enemies":"Small Slimes","floor":2.0,"turns":2.0},{"damage":3.0,"enemies":"Jaw Worm","floor":3.0,"turns":4.0},{"damage":0,"enemies":"Exordium Wildlife","floor":7,"turns":2},{"damage":0,"enemies":"Gremlin Gang","floor":11,"turns":1},{"damage":36,"enemies":"Hexaghost","floor":16,"turns":5},{"damage":5,"enemies":"Chosen","floor":18,"turns":4},{"damage":8,"enemies":"Shell Parasite","floor":21,"turns":4},{"damage":27,"enemies":"Gremlin Leader","floor":23,"turns":5},{"damage":32,"enemies":"Slavers","floor":25,"turns":4},{"damage":0,"enemies":"Snecko","floor":27,"turns":3},{"damage":27,"enemies":"Centurion and Healer","floor":29,"turns":3},{"damage":12,"enemies":"Snake Plant","floor":30,"turns":2}],"seed_played":"6832939953981223452","potions_obtained":[{"floor":1.0,"key":"BottledMiracle"},{"floor":11,"key":"FearPotion"},{"floor":17,"key":"Swift Potion"},{"floor":23,"key":"Block Potion"},{"floor":25,"key":"DistilledChaos"}],"is_trial":false,"path_per_floor":["M","M","M","?","?","R","M","R","T","R","M","$","R","T","R","B",null,"M","$","?","M","?","E","R","E","T","M","$","M","M"],"character_chosen":"WATCHER","items_purchased":["ReachHeaven+1","Medical Kit","Sling"],"campfire_rested":1,"item_purchase_floors":[12,19,28],"current_hp_per_floor":[72,69,66,66,66,66,66,66,66,66,66,66,66,66,66,32,77,72,72,72,66,60,35,58,28,28,30,30,5,0,0],"gold":38,"neow_bonus":"THREE_RARE_CARDS","is_daily":false,"chose_seed":false,"campfire_upgraded":5,"win_rate":0.0,"timestamp":1608407959,"path_taken":["M","M","M","?","?","R","M","R","T","R","M","$","R","?","R","BOSS","M","$","?","M","?","E","R","E","T","M","?","M","M"],"items_purchased_type":["Card","Relic","Relic"],"build_version":"2020-12-13","purchased_purges":0,"victory":false,"max_hp_per_floor":[72,72,72,72,72,72,72,72,72,72,72,72,72,72,72,72,77,77,77,77,77,77,77,77,77,77,77,77,77,77,77],"card_choices":[{"not_picked":["Alpha","MasterReality"],"picked":"LessonLearned","floor":0.0},{"not_picked":["Study","Consecrate"],"picked":"Conclude","floor":1.0},{"not_picked":["FollowUp","ClearTheMind"],"picked":"FearNoEvil","floor":2.0},{"not_picked":["Swivel","EmptyFist"],"picked":"SandsOfTime","floor":3.0},{"not_picked":["TalkToTheHand","Swivel"],"picked":"FlurryOfBlows","floor":7},{"not_picked":["CutThroughFate+1","Consecrate+1"],"picked":"FollowUp+1","floor":11},{"not_picked":["LessonLearned+1","Alpha"],"picked":"DeusExMachina","floor":16},{"not_picked":["Fasting2","Prostrate"],"picked":"ThirdEye","floor":17},{"not_picked":["JustLucky+1","EmptyBody"],"picked":"ForeignInfluence","floor":18},{"not_picked":["Prostrate+1","SashWhip+1"],"picked":"Consecrate+1","floor":21},{"not_picked":["TalkToTheHand+1","Indignation"],"picked":"FlyingSleeves+1","floor":23},{"not_picked":["Prostrate","Blasphemy"],"picked":"FollowUp+1","floor":25},{"not_picked":["SashWhip+1","ThirdEye"],"picked":"FollowUp+1","floor":27},{"not_picked":["ClearTheMind","Worship"],"picked":"Wallop+1","floor":29}],"player_experience":350870,"relics_obtained":[{"floor":9,"key":"Molten Egg 2"},{"floor":14,"key":"Blood Vial"},{"floor":23,"key":"Singing Bowl"},{"floor":25,"key":"Boot"}],"event_choices":[{"damage_healed":0.0,"max_hp_gain":0.0,"max_hp_loss":0.0,"gold_gain":0.0,"event_name":"Living Wall","player_choice":"Grow","floor":4.0,"gold_loss":0.0,"damage_taken":0.0,"cards_upgraded":["Eruption"]},{"damage_healed":0.0,"max_hp_gain":0.0,"max_hp_loss":0.0,"gold_gain":0.0,"event_name":"The Cleric","player_choice":"Leave","floor":5.0,"gold_loss":0.0,"damage_taken":0.0},{"cards_removed":["Strike_P"],"damage_healed":0,"gold_gain":0,"player_choice":"Give","damage_taken":0,"max_hp_gain":0,"max_hp_loss":0,"event_name":"betterNote:BetterNote","floor":20,"gold_loss":0,"cards_obtained":["Defend_P"]},{"damage_healed":0,"gold_gain":0,"player_choice":"Dagger","damage_taken":6,"max_hp_gain":0,"max_hp_loss":0,"event_name":"betterThird:BetterNest","floor":22,"gold_loss":0,"cards_obtained":["RitualDagger"]}],"is_beta":false,"boss_relics":[{"not_picked":["Pandora\u0027s Box","SlaversCollar"],"picked":"Tiny House"}],"items_purged_floors":[],"is_endless":false,"potions_floor_spawned":[1,11,23,25],"killed_by":"Snake Plant","ascension_level":0}}