{"host":"x4yihwynwtwjbvbe","time":1608371952,"event":{"mods":["AchievementEnabler","BaseMod","Colored Map","Colored Powertips","Keyboard Shortcuts","Minty Spire (QoL Compilation)","Quick Restart","Relic Stats"],"gold_per_floor":[117,117,117,67,83,116,131,131,131,161,178,178,196,211,211,316,366,376,344,344,293,305,305,305,305],"floor_reached":24,"playtime":790,"items_purged":[],"score":351,"play_id":"14809116-79c6-4e11-9ec7-b6cbe5da744c","local_time":"20201219185912","is_ascension_mode":true,"campfire_choices":[{"data":"Neutralize","floor":8.0,"key":"SMITH"},{"floor":12.0,"key":"REST"},{"data":"Cloak And Dagger","floor":15.0,"key":"SMITH"},{"floor":23.0,"key":"REST"}],"circlet_count":0,"master_deck":["Strike_G","Strike_G","Strike_G","Strike_G","Defend_G","Defend_G","Defend_G","Defend_G","Defend_G","Survivor+1","Neutralize+1","Slice","Outmaneuver","Burst","Cloak And Dagger+1","Escape Plan","Terror","A Thousand Cuts","Acrobatics","PiercingWail+1","Deflect+1","Deflect"],"relics":["Ring of the Snake","NeowsBlessing","Centennial Puzzle","Bottled Lightning","StoneCalendar","Tiny House","Calipers"],"acts_visited":["Exordium","TheCity"],"potions_floor_usage":[24],"damage_taken":[{"damage":0.0,"enemies":"Jaw Worm","floor":1.0,"turns":1.0},{"damage":0.0,"enemies":"2 Louse","floor":5.0,"turns":1.0},{"damage":0.0,"enemies":"Gremlin Nob","floor":6.0,"turns":1.0},{"damage":6.0,"enemies":"Cultist","floor":7.0,"turns":4.0},{"damage":40.0,"enemies":"3 Sentries","floor":10.0,"turns":7.0},{"damage":7.0,"enemies":"2 Fungi Beasts","floor":11.0,"turns":5.0},{"damage":12.0,"enemies":"Large Slime","floor":13.0,"turns":7.0},{"damage":1.0,"enemies":"3 Louse","floor":14.0,"turns":6.0},{"damage":7.0,"enemies":"Hexaghost","floor":16.0,"turns":10.0},{"damage":1.0,"enemies":"3 Byrds","floor":18.0,"turns":4.0},{"damage":25.0,"enemies":"2 Thieves","floor":19.0,"turns":5.0},{"damage":19.0,"enemies":"Sentry and Sphere","floor":22.0,"turns":7.0},{"damage":4,"enemies":"Book of Stabbing","floor":24,"turns":3}],"seed_played":"-1254003095408535190","potions_obtained":[{"floor":1.0,"key":"Energy Potion"},{"floor":6.0,"key":"CultistPotion"},{"floor":13.0,"key":"DuplicationPotion"},{"floor":14.0,"key":"ColorlessPotion"},{"floor":17.0,"key":"GhostInAJar"}],"is_trial":false,"path_per_floor":["M","?","?","?","M","E","M","R","T","E","M","R","M","M","R","B",null,"M","M","?","?","M","R","E"],"character_chosen":"THE_SILENT","items_purchased":[],"campfire_rested":2,"item_purchase_floors":[],"current_hp_per_floor":[63,68,68,68,68,68,62,62,62,22,15,37,25,24,24,17,66,65,40,25,25,6,31,27,27],"gold":305,"neow_bonus":"THREE_ENEMY_KILL","is_daily":false,"chose_seed":false,"campfire_upgraded":2,"win_rate":0.0,"timestamp":1608371952,"path_taken":["M","?","?","?","M","E","M","R","T","E","M","R","M","M","R","BOSS","M","M","?","?","M","R","E"],"items_purchased_type":[],"build_version":"2020-12-13","purchased_purges":0,"victory":false,"max_hp_per_floor":[70,75,75,75,75,75,75,75,75,75,75,75,75,75,75,75,80,80,80,85,85,85,85,85,85],"relic_stats":{"Centennial Puzzle":[30],"counters":[13,61],"StoneCalendar":[95],"obtain_stats":[{"Centennial Puzzle":6,"Tiny House":17,"Calipers":21,"NeowsBlessing":0,"StoneCalendar":10,"Bottled Lightning":9,"Ring of the Snake":0},{"Centennial Puzzle":3,"Tiny House":9,"Calipers":11,"NeowsBlessing":0,"StoneCalendar":5,"Bottled Lightning":4,"Ring of the Snake":0},{"Centennial Puzzle":3,"Tiny House":42,"Calipers":51,"NeowsBlessing":0,"StoneCalendar":14,"Bottled Lightning":7,"Ring of the Snake":0}],"Ring of the Snake":[26]},"card_choices":[{"not_picked":["PiercingWail","Underhanded Strike"],"picked":"Slice","floor":1.0},{"not_picked":["Deadly Poison","Infinite Blades"],"picked":"Outmaneuver","floor":5.0},{"not_picked":["Flying Knee","Slice"],"picked":"Burst","floor":6.0},{"not_picked":["Flying Knee","Quick Slash"],"picked":"Cloak And Dagger","floor":7.0},{"not_picked":["Underhanded Strike","Infinite Blades","Acrobatics"],"picked":"SKIP","floor":10.0},{"not_picked":["Infinite Blades","Dodge and Roll"],"picked":"Escape Plan","floor":11.0},{"not_picked":["Cloak And Dagger","Dodge and Roll","Quick Slash"],"picked":"SKIP","floor":13.0},{"not_picked":["Distraction","Backflip"],"picked":"Terror","floor":14.0},{"not_picked":["Adrenaline","Night Terror"],"picked":"A Thousand Cuts","floor":16.0},{"not_picked":["Prepared","Poisoned Stab"],"picked":"Acrobatics","floor":17.0},{"not_picked":["Underhanded Strike","Glass Knife"],"picked":"PiercingWail+1","floor":18.0},{"not_picked":["Slice","Blade Dance"],"picked":"Deflect+1","floor":19.0},{"not_picked":["Dagger Throw+1","Backflip"],"picked":"Deflect","floor":22.0}],"player_experience":223768,"relics_obtained":[{"floor":6.0,"key":"Centennial Puzzle"},{"floor":9.0,"key":"Bottled Lightning"},{"floor":10.0,"key":"StoneCalendar"}],"event_choices":[{"damage_healed":0.0,"max_hp_gain":5.0,"max_hp_loss":0.0,"gold_gain":0.0,"event_name":"Big Fish","player_choice":"Donut","floor":2.0,"gold_loss":0.0,"damage_taken":0.0},{"damage_healed":0.0,"max_hp_gain":0.0,"max_hp_loss":0.0,"gold_gain":0.0,"event_name":"Liars Game","player_choice":"Ignored","floor":3.0,"gold_loss":0.0,"damage_taken":0.0},{"cards_removed":["Strike_G"],"damage_healed":0.0,"max_hp_gain":0.0,"max_hp_loss":0.0,"gold_gain":0.0,"event_name":"The Cleric","player_choice":"Card Removal","floor":4.0,"gold_loss":50.0,"damage_taken":0.0},{"damage_healed":0.0,"max_hp_gain":5.0,"max_hp_loss":0.0,"gold_gain":0.0,"event_name":"Forgotten Altar","player_choice":"Shed Blood","floor":20.0,"gold_loss":0.0,"damage_taken":20.0},{"damage_healed":0.0,"max_hp_gain":0.0,"max_hp_loss":0.0,"gold_gain":0.0,"event_name":"WeMeetAgain","player_choice":"Paid Gold","floor":21.0,"gold_loss":51.0,"damage_taken":0.0,"relics_obtained":["Calipers"]}],"is_beta":false,"boss_relics":[{"not_picked":["Velvet Choker","SacredBark"],"picked":"Tiny House"}],"items_purged_floors":[],"is_endless":false,"potions_floor_spawned":[1,6,13,14],"killed_by":"Book of Stabbing","ascension_level":8}}