{"host":"jkgg7n5hn1slsm35","time":1608368621,"event":{"mods":["Aspiration","BaseMod","BetterRewards","Conspire","Googly Eyes","Gremlin Skip","Halation","Highlight Path","Hubris","Infinite Spire","Minty Spire (QoL Compilation)","Permanent Neow","StSLib","SuperFastMode","vexMod"],"gold_per_floor":[116,14,31,31,47,47,47,47,47,20,30,45,45,6,6,104,104,117,97,97,112,112,112,145,145,145,145,156,166,166,18,18,18,18],"floor_reached":33,"playtime":891,"items_purged":["Strike_R","Strike_R","Strike_R"],"score":260,"play_id":"e3eb0312-61e0-496b-8292-d5ffc543463b","local_time":"20201219100341","is_ascension_mode":false,"campfire_choices":[{"data":"Body Slam","floor":6,"key":"SMITH"},{"data":"Dropkick","floor":8,"key":"SMITH"},{"data":"Iron Wave","floor":13,"key":"SMITH"},{"data":"Metallicize","floor":15,"key":"SMITH"},{"floor":23,"key":"REST"},{"data":"Iron Wave","floor":27,"key":"SMITH"},{"floor":30,"key":"REST"},{"data":"Clash","floor":32,"key":"SMITH"}],"circlet_count":0,"master_deck":["Defend_G","Strike_R","Strike_R","Defend_R","Defend_R","Defend_R","Defend_R","Bash","Clash","Dropkick+1","Clash","Body Slam+1","Clash","Clash+1","Iron Wave+1","Metallicize+1","Impervious","Iron Wave+1","Juggernaut+1","Steam","Shrug It Off"],"relics":["Burning Blood","Ginger","hubris:Icosahedron","aspiration:TomeofQuesting","Cauldron","PrismaticShard","Red Mask","vexMod:InvisibilityCloak"],"acts_visited":["Exordium","TheCity"],"potions_floor_usage":[24,33],"damage_taken":[{"damage":1,"enemies":"Cultist","floor":1,"turns":4},{"damage":2,"enemies":"Small Slimes","floor":3,"turns":2},{"damage":1,"enemies":"Jaw Worm","floor":5,"turns":3},{"damage":0,"enemies":"2 Fungi Beasts","floor":11,"turns":2},{"damage":0,"enemies":"3 Louse","floor":12,"turns":2},{"damage":23,"enemies":"The Guardian","floor":16,"turns":10},{"damage":0,"enemies":"conspire:FuzzyDice","floor":18,"turns":4},{"damage":11,"enemies":"2 Thieves","floor":19,"turns":4},{"damage":15,"enemies":"Centurion and Healer","floor":21,"turns":6},{"damage":25,"enemies":"Masked Bandits","floor":24,"turns":4},{"damage":14,"enemies":"Snake Plant","floor":28,"turns":4},{"damage":18,"enemies":"Snecko","floor":29,"turns":6},{"damage":80,"enemies":"Collector","floor":33,"turns":7}],"seed_played":"-43376007953954694","potions_obtained":[{"floor":11,"key":"FearPotion"},{"floor":19,"key":"Strength Potion"},{"floor":20,"key":"Strength Potion"},{"floor":20,"key":"Strength Potion"},{"floor":28,"key":"PowerPotion"}],"is_trial":false,"path_per_floor":["M","$","M","T","M","R","?","R","T","$","M","M","R","$","R","B",null,"M","M","AVR","M","?","R","?","?","T","R","M","M","R","$","R","B"],"character_chosen":"IRONCLAD","items_purchased":["Clash","Clash","Metallicize","Shrug It Off"],"campfire_rested":2,"item_purchase_floors":[2,10,14,31],"current_hp_per_floor":[80,80,80,80,80,80,80,80,80,80,80,80,80,80,80,63,80,80,75,75,66,58,80,61,61,61,61,53,41,65,65,65,0,0],"gold":18,"neow_bonus":"THREE_CARDS","is_daily":false,"chose_seed":false,"campfire_upgraded":6,"win_rate":0.0,"timestamp":1608368621,"path_taken":["M","$","M","?","?","R","?","R","T","$","M","M","R","?","R","BOSS","M","M","AVR","M","?","R","?","?","T","R","M","?","R","$","R","BOSS"],"items_purchased_type":["Card","Card","Card","Card"],"build_version":"2020-12-13","purchased_purges":3,"victory":false,"max_hp_per_floor":[80,80,80,80,80,80,80,80,80,80,80,80,80,80,80,80,80,80,80,80,80,80,80,80,80,80,80,80,80,80,80,80,80,80],"card_choices":[{"not_picked":["Twin Strike","hubris:CleavingFinish"],"picked":"Clash","floor":0},{"not_picked":["Wild Strike","Evolve"],"picked":"Dropkick","floor":1},{"not_picked":["Wild Strike","Thunderclap"],"picked":"Body Slam","floor":3},{"not_picked":["Cleave","Headbutt"],"picked":"Clash","floor":5},{"not_picked":["Ghostly Armor","Combust"],"picked":"Iron Wave","floor":11},{"not_picked":["True Grit","Pummel","Havoc"],"picked":"SKIP","floor":12},{"not_picked":["Fiend Fire","Offering"],"picked":"Impervious","floor":16},{"not_picked":["Armaments","Twin Strike","True Grit"],"picked":"SKIP","floor":18},{"not_picked":["Hemokinesis","Sword Boomerang","hubris:ReadiedAction"],"picked":"SKIP","floor":19},{"not_picked":["Power Through","Armaments"],"picked":"Iron Wave","floor":21},{"not_picked":["Pommel Strike","Twin Strike"],"picked":"Juggernaut","floor":22},{"not_picked":["Crippling Poison","ForeignInfluence+1","Study+1"],"picked":"SKIP","floor":28},{"not_picked":["FollowUp","Mind Blast"],"picked":"Steam","floor":29}],"player_experience":1766147,"relics_obtained":[{"floor":4,"key":"Ginger"},{"floor":9,"key":"aspiration:TomeofQuesting"},{"floor":22,"key":"PrismaticShard"},{"floor":24,"key":"Red Mask"},{"floor":26,"key":"vexMod:InvisibilityCloak"}],"event_choices":[{"damage_healed":0,"gold_gain":0,"player_choice":"Fought Bandits","damage_taken":0,"max_hp_gain":0,"max_hp_loss":0,"event_name":"Masked Bandits","floor":24,"gold_loss":0},{"damage_healed":0,"gold_gain":0,"player_choice":"Upgraded","damage_taken":0,"max_hp_gain":0,"max_hp_loss":0,"event_name":"Upgrade Shrine","floor":25,"gold_loss":0,"cards_upgraded":["Juggernaut"]}],"is_beta":false,"boss_relics":[{"not_picked":["conspire:SeveredTorchhead","hubris:Stopwatch","Mark of Pain"]}],"items_purged_floors":[2,20,31],"is_endless":false,"potions_floor_spawned":[11,19,21,28],"killed_by":"Collector","ascension_level":0}}