{"host":"jgyoyy5iuhtvyvtg","time":1608350957,"event":{"mods":["2.2 Compatiblity","BaseMod","Challenge The Spire","Colored Map","Conspire","Downfall","Hermit","Highlight Path","Infinite Spire","Lobotomy","LobotomyExtend","Minty Spire (QoL Compilation)","Quick Restart","Replay The Spire","Spikes Relics","StSLib","The Construct","The Disciple","The Jungle","Yuri Mod"],"gold_per_floor":[111,31,43,63,80,80,100,100,146,146,165,54,72,97,97,197,197,197,213,138,156,167,196,196,216,216,216,216,244,244,264,264,368,368,384,384,395,408,427,427,455,28,28,28,47,47,58,71,71,71,71],"floor_reached":52,"playtime":2353,"items_purged":["Eruption","Vigilance"],"score":878,"play_id":"310aac6c-f932-40be-974b-c1bdb9258664","local_time":"20201218200917","is_ascension_mode":false,"campfire_choices":[{"data":"TalkToTheHand","floor":6,"key":"SMITH"},{"data":"Vault","floor":8,"key":"SMITH"},{"data":"Replay:Hum","floor":10,"key":"SMITH"},{"data":"Alpha","floor":15,"key":"SMITH"},{"data":"Alpha","floor":27,"key":"SMITH"},{"data":"Protect","floor":30,"key":"SMITH"},{"floor":32,"key":"REST"},{"data":"Wish","floor":40,"key":"SMITH"},{"data":"Wireheading","floor":44,"key":"SMITH"},{"data":"WaveOfTheHand","floor":46,"key":"SMITH"},{"data":"Protect","floor":49,"key":"SMITH"}],"circlet_count":0,"master_deck":["Strike_P","Strike_P","Defend_P","Defend_P","Defend_P","Defend_P","TalkToTheHand+1","Vault+1","Replay:Battleflow","Consecrate","Replay:Hum+1","Alpha+1","Study","Study","Evaluate","UniverseFragment","Protect+1","Alpha+1","Replay:AtTheReady+1","WaveOfTheHand+1","DespairKnight","Wireheading+1","Wish+1","Replay:ManipulateFuture","Replay:DivineShield+1","Vault","Apotheosis","CommonCold","Protect+1","Parasite","Establishment+1"],"relics":["PureWater","CogitoBucket","RabbitCall","LetterFromLob","Guardian:PocketSentry","AspirationHeart","Toy Ornithopter","Snecko Eye","Orichalcum","Pen Nib","Replay:Ringing Soul","Matryoshka","Theresia","AtMidnight","Cursed Key","Frozen Egg 2","HornCleat","Darkstone Periapt","Replay:Purple Gloves"],"acts_visited":["Exordium","Exordium","TheBeyond"],"potions_floor_usage":[5,5,13,14,23,50],"damage_taken":[{"damage":0,"enemies":"Jaw Worm","floor":1,"turns":7},{"damage":6,"enemies":"Small Slimes","floor":3,"turns":4},{"damage":0,"enemies":"2 Louse","floor":4,"turns":3},{"damage":11,"enemies":"Exordium Thugs","floor":5,"turns":6},{"damage":0,"enemies":"Looter","floor":7,"turns":3},{"damage":31,"enemies":"Red Slaver","floor":11,"turns":5},{"damage":0,"enemies":"Lots of Slimes","floor":13,"turns":1},{"damage":4,"enemies":"3 Sentries","floor":14,"turns":7},{"damage":6,"enemies":"The Guardian","floor":16,"turns":8},{"damage":2,"enemies":"theJungle:MUSHROOMGANG","floor":19,"turns":4},{"damage":54,"enemies":"theJungle:5_Spyders","floor":21,"turns":8},{"damage":0,"enemies":"theJungle:2_Snecko_Cultists","floor":22,"turns":3},{"damage":0,"enemies":"theJungle:Cassacara","floor":23,"turns":5},{"damage":0,"enemies":"theJungle:SlimyTreeVines","floor":25,"turns":6},{"damage":10,"enemies":"theJungle:2_Phrogs","floor":29,"turns":4},{"damage":0,"enemies":"theJungle:Lyon","floor":31,"turns":12},{"damage":0,"enemies":"theJungle:FunGuy","floor":33,"turns":6},{"damage":0,"enemies":"3 Darklings","floor":35,"turns":5},{"damage":0,"enemies":"3 Shapes","floor":37,"turns":4},{"damage":0,"enemies":"Jaw Worm Horde","floor":38,"turns":3},{"damage":0,"enemies":"Maw","floor":39,"turns":7},{"damage":3,"enemies":"Giant Head","floor":41,"turns":9},{"damage":18,"enemies":"4 Shapes","floor":45,"turns":5},{"damage":1,"enemies":"Writhing Mass","floor":47,"turns":6},{"damage":0,"enemies":"Maw","floor":48,"turns":6},{"damage":16,"enemies":"infinitespire:MassOfShapes","floor":50,"turns":6}],"seed_played":"-9088339129557188975","potions_obtained":[{"floor":3,"key":"EntropicBrew"},{"floor":11,"key":"Toxic Potion"},{"floor":13,"key":"DistilledChaos"},{"floor":16,"key":"Dexterity Potion"},{"floor":22,"key":"Dexterity Potion"},{"floor":23,"key":"BottledMiracle"},{"floor":28,"key":"DuplicationPotion"}],"is_trial":false,"path_per_floor":["M","$","M","M","M","R","M","R","T","R","M","$","M","E","R","B",null,"M","M","$","M","M","E","AVR","M","T","R","?","E","R","M","R","B",null,"M","?","M","M","M","R","E","$","T","R","M","R","M","M","R","B",null,null],"character_chosen":"WATCHER","items_purchased":["TalkToTheHand","Study","Evaluate","Apotheosis","HornCleat"],"campfire_rested":1,"item_purchase_floors":[2,12,12,42,42],"current_hp_per_floor":[72,72,66,66,55,55,55,55,55,55,34,34,34,30,30,24,82,82,80,80,26,26,31,31,37,37,37,37,27,27,27,51,54,85,85,85,85,88,91,91,91,94,97,97,82,82,90,93,93,82,82],"gold":71,"neow_bonus":"","is_daily":false,"chose_seed":false,"campfire_upgraded":10,"win_rate":0.0,"timestamp":1608350957,"path_taken":["M","$","M","M","M","R","M","R","T","R","M","$","M","E","R","BOSS","M","M","$","M","M","E","AVR","M","T","R","?","E","R","M","R","BOSS","M","?","M","?","M","R","E","$","T","R","M","R","M","M","R","BOSS"],"items_purchased_type":["Card","Card","Card","Card","Relic"],"build_version":"2020-12-13","purchased_purges":2,"victory":true,"max_hp_per_floor":[72,72,72,72,72,72,72,72,72,72,82,82,82,82,82,82,82,82,82,82,82,82,82,82,82,82,82,82,82,82,82,82,85,85,85,85,85,88,91,91,94,97,100,100,103,103,112,115,115,115,115],"card_choices":[{"not_picked":["SpiderBud","CrumblingArmor","PunishingBird"],"picked":"Singing Bowl","floor":1},{"not_picked":["SignatureMove","Crescendo","ClearTheMind"],"picked":"SKIP","floor":1},{"not_picked":["CherryBlossoms","CrumblingArmor","LongBird"],"picked":"Singing Bowl","floor":3},{"not_picked":["ReachHeaven","Protect"],"picked":"Vault","floor":3},{"not_picked":["OSAHOGD","PunishingBird","ShyLook"],"picked":"Singing Bowl","floor":4},{"not_picked":["Study","Nirvana"],"picked":"Replay:Battleflow","floor":4},{"not_picked":["Rudolta","FairyFestival","VoidDream"],"picked":"Singing Bowl","floor":5},{"not_picked":["SashWhip","EmptyBody"],"picked":"Consecrate","floor":5},{"not_picked":["BeautyBeast","GreedKing","Scarecrow"],"picked":"Singing Bowl","floor":7},{"not_picked":["CutThroughFate","DeceiveReality"],"picked":"Replay:Hum","floor":7},{"not_picked":["LittlePrince","HeroicMonk","SpiderBud"],"picked":"Singing Bowl","floor":11},{"not_picked":["Replay:Hum","Replay:Anticipation"],"picked":"Alpha","floor":11},{"not_picked":["Wellcheers","Bloodbath","NakedNest"],"picked":"Singing Bowl","floor":13},{"not_picked":["BeautyBeast","SpiderBud"],"picked":"UniverseFragment","floor":13},{"not_picked":["Worship","BowlingBash"],"picked":"Protect","floor":13},{"not_picked":["PunishingBird","WallGazer","BeautyBeast"],"picked":"Singing Bowl","floor":14},{"not_picked":["FlurryOfBlows","ForeignInfluence","EmptyFist"],"picked":"SKIP","floor":14},{"not_picked":["Murderer","CherryBlossoms","MeatLantern"],"picked":"Singing Bowl","floor":16},{"not_picked":["Vault","ConjureBlade"],"picked":"Alpha","floor":16},{"not_picked":["LittleHelper","OSAHOGD","Bloodbath"],"picked":"Singing Bowl","floor":19},{"not_picked":["PathToVictory+1","WindmillStrike+1"],"picked":"Replay:AtTheReady+1","floor":19},{"not_picked":["HeroicMonk","GreedKing","BeautyBeast"],"picked":"Singing Bowl","floor":21},{"not_picked":["SashWhip+1","Worship+1","CutThroughFate"],"picked":"SKIP","floor":21},{"not_picked":["MeltingLove","MeatLantern","GreedKing"],"picked":"Singing Bowl","floor":22},{"not_picked":["EmptyBody","Swivel"],"picked":"WaveOfTheHand","floor":22},{"not_picked":["PunishingBird","MeltingLove"],"picked":"DespairKnight","floor":23},{"not_picked":["MasterReality","Prostrate"],"picked":"Wireheading","floor":23},{"not_picked":["BigBird","Alriune","MeatLantern"],"picked":"Singing Bowl","floor":25},{"not_picked":["CrushJoints+1","Weave+1","FlyingSleeves"],"picked":"SKIP","floor":25},{"not_picked":["SnowQueen","LittlePrince","Murderer"],"picked":"Singing Bowl","floor":29},{"not_picked":["Replay:Battleflow","Brilliance","SashWhip+1"],"picked":"SKIP","floor":29},{"not_picked":["BigBadWolf","Murderer","BeautyBeast"],"picked":"Singing Bowl","floor":31},{"not_picked":["CrushJoints","EmptyFist+1","Replay:Battleflow"],"picked":"SKIP","floor":31},{"not_picked":["Scarecrow","Rudolta","LongBird"],"picked":"Singing Bowl","floor":33},{"not_picked":["Brilliance","Blasphemy"],"picked":"Wish","floor":33},{"not_picked":["MHz","BigBird","SingingMachine"],"picked":"Singing Bowl","floor":35},{"not_picked":["SignatureMove","Weave+1","Replay:AtTheReady"],"picked":"SKIP","floor":35},{"not_picked":["Rudolta","BigBadWolf","Porccubus"],"picked":"Singing Bowl","floor":37},{"not_picked":["Replay:AtTheReady+1","FlyingSleeves+1","EmptyBody+1"],"picked":"SKIP","floor":37},{"not_picked":["Rudolta","SilentOrchestra","Bloodbath"],"picked":"Singing Bowl","floor":38},{"not_picked":["SashWhip+1","FollowUp"],"picked":"Replay:ManipulateFuture","floor":38},{"not_picked":["WallGazer","QueenBee","Variant"],"picked":"Singing Bowl","floor":39},{"not_picked":["BowlingBash+1","Prostrate"],"picked":"Replay:DivineShield+1","floor":39},{"not_picked":["HappyTeddy","NakedNest","LongBird"],"picked":"Singing Bowl","floor":41},{"not_picked":["Replay:ManipulateFuture","SashWhip"],"picked":"Vault","floor":41},{"not_picked":["BodiesMountain","Yin","LaLuna"],"picked":"Singing Bowl","floor":45},{"not_picked":["Wallop+1","Ragnarok"],"picked":"Protect","floor":45},{"not_picked":["QueenOfHatred","Rudolta","SingingMachine"],"picked":"Singing Bowl","floor":47},{"not_picked":["FlurryOfBlows","WheelKick","ClearTheMind+1"],"picked":"SKIP","floor":47},{"not_picked":["GalaxyChild","NakedNest","WhitesApple"],"picked":"Singing Bowl","floor":48},{"not_picked":["SashWhip+1","FlurryOfBlows"],"picked":"Establishment+1","floor":48}],"player_experience":3164397,"relics_obtained":[{"floor":1,"key":"LetterFromLob"},{"floor":9,"key":"Guardian:PocketSentry"},{"floor":14,"key":"Toy Ornithopter"},{"floor":23,"key":"Orichalcum"},{"floor":26,"key":"Replay:Ringing Soul"},{"floor":29,"key":"Matryoshka"},{"floor":31,"key":"AtMidnight"},{"floor":41,"key":"Frozen Egg 2"},{"floor":43,"key":"Darkstone Periapt"},{"floor":43,"key":"Replay:Purple Gloves"}],"event_choices":[{"damage_healed":0,"gold_gain":0,"player_choice":"Got Potions","damage_taken":0,"max_hp_gain":0,"max_hp_loss":0,"event_name":"Lab","floor":28,"gold_loss":0},{"damage_healed":0,"gold_gain":0,"player_choice":"0 cards matched","damage_taken":0,"max_hp_gain":0,"max_hp_loss":0,"event_name":"Match and Keep!","floor":36,"gold_loss":0,"cards_obtained":[]}],"is_beta":false,"boss_relics":[{"not_picked":["Honey Jar","Black Star"],"picked":"Snecko Eye"},{"not_picked":["VioletLotus","infinitespire:Cupcake"],"picked":"Cursed Key"}],"items_purged_floors":[20,24],"is_endless":false,"potions_floor_spawned":[3,11,13,16,22,23,25,33,37,38,45,48],"ascension_level":0}}