{"host":"skr63qsdfgeey3it","time":1608358695,"event":{"mods":["BaseMod","Colored Map","Hubris","Minty Spire (QoL Compilation)","Replay The Spire","Robot Space Explorer","Spicy Shops","StSLib"],"gold_per_floor":[119,119,194,246,266,295,295,327,350,350,350],"floor_reached":10,"playtime":404,"items_purged":[],"score":153,"play_id":"730c391b-8760-42d6-998a-197a758619cd","local_time":"20201219001815","is_ascension_mode":true,"campfire_choices":[{"data":"Replay:Poison Smokescreen","floor":7,"key":"SMITH"}],"circlet_count":0,"master_deck":["AscendersBane","Strike_G","Strike_G+1","Strike_G","Strike_G","Strike_G","Defend_G","Defend_G","Defend_G","Defend_G+1","Defend_G","Survivor","Neutralize","ReplayTheSpireMod:Speed Training","Replay:Poison Smokescreen+1"],"relics":["Ring of the Snake","NeowsBlessing","hubris:Towel","Simple Rune","Ice Cream","ReplayTheSpireMod:Lightbulb","Dream Catcher"],"acts_visited":["Exordium"],"potions_floor_usage":[8,8,8],"damage_taken":[{"damage":0,"enemies":"Cultist","floor":1,"turns":1},{"damage":0,"enemies":"2 Louse","floor":5,"turns":1},{"damage":0,"enemies":"Gremlin Nob","floor":6,"turns":1},{"damage":9,"enemies":"Lagavulin","floor":8,"turns":7},{"damage":0,"enemies":"3 Sentries","floor":10,"turns":1}],"seed_played":"7430514162654213924","potions_obtained":[{"floor":1,"key":"Toxic Potion"},{"floor":4,"key":"Dexterity Potion"},{"floor":5,"key":"EntropicBrew"}],"is_trial":false,"path_per_floor":["M","?","?","?","M","E","R","E","T","E"],"character_chosen":"THE_SILENT","items_purchased":[],"campfire_rested":0,"item_purchase_floors":[],"current_hp_per_floor":[63,63,52,52,52,52,52,43,43,43,43],"gold":350,"neow_bonus":"THREE_ENEMY_KILL","is_daily":false,"chose_seed":false,"campfire_upgraded":1,"win_rate":0.0,"timestamp":1608358695,"path_taken":["M","?","?","?","?","E","R","E","T","E"],"items_purchased_type":[],"build_version":"2020-12-13","purchased_purges":0,"victory":false,"max_hp_per_floor":[70,70,70,70,70,70,70,70,70,70,70],"card_choices":[{"not_picked":["Choke","ReplayTheSpireMod:Scrap Shanks"],"picked":"ReplayTheSpireMod:Speed Training","floor":1},{"not_picked":["Reflex","Sneak Up","Well Laid Plans"],"picked":"SKIP","floor":5},{"not_picked":["Deadly Poison","hubris:Sniper"],"picked":"Replay:Poison Smokescreen","floor":6},{"not_picked":["Expertise","Hidden Blade","Cloak And Dagger"],"picked":"SKIP","floor":8}],"player_experience":721077,"relics_obtained":[{"floor":4,"key":"Simple Rune"},{"floor":6,"key":"Ice Cream"},{"floor":8,"key":"ReplayTheSpireMod:Lightbulb"},{"floor":9,"key":"Dream Catcher"}],"event_choices":[{"damage_healed":0,"gold_gain":75,"player_choice":"Gather Gold","damage_taken":11,"max_hp_gain":0,"max_hp_loss":0,"event_name":"World of Goop","floor":3,"gold_loss":0}],"is_beta":false,"boss_relics":[],"items_purged_floors":[],"is_endless":false,"potions_floor_spawned":[1,5],"killed_by":"3 Sentries","ascension_level":11}}