{"host":"agbyy69nq62afhwx","time":1608365752,"event":{"mods":["BaseMod","Colored Map","Highlight Path","Keyboard Shortcuts","Minty Spire (QoL Compilation)","Quick Restart","StSLib","SuperFastMode","everything is the same but u backflip on backflip"],"gold_per_floor":[112,131,143,158,169,169,94,94,171,186,218,218,218,246,246,341,341,341,341,341,241,241,241,241,241,241,116,116,116,116,116,116,116,116,116,116,116,116,116,116,116,116,116,116,116,116,116,0,0,0],"floor_reached":51,"playtime":2138,"items_purged":["Strike_P","Strike_P","Strike_P"],"score":852,"play_id":"c0c89977-ea0e-4bfa-871f-26457a94ce7a","local_time":"20201219171552","is_ascension_mode":true,"campfire_choices":[{"data":"Eruption","floor":6.0,"key":"SMITH"},{"data":"SandsOfTime","floor":8.0,"key":"SMITH"},{"floor":12.0,"key":"REST"},{"data":"Halt","floor":15.0,"key":"SMITH"},{"data":"Adaptation","floor":23.0,"key":"SMITH"},{"data":"FlurryOfBlows","floor":29.0,"key":"SMITH"},{"floor":32,"key":"REST"},{"data":"TalkToTheHand","floor":40,"key":"SMITH"},{"data":"Devotion","floor":42,"key":"SMITH"},{"floor":45,"key":"REST"},{"data":"EmptyFist","floor":49,"key":"SMITH"}],"circlet_count":0,"master_deck":["Strike_P","Defend_P","Defend_P","Defend_P","Defend_P","Eruption+1","Vigilance","SandsOfTime+1","Halt+1","EmptyFist+1","EmptyMind+1","FlurryOfBlows+1","Scrawl+1","DeusExMachina+1","SashWhip+1","Adaptation+1","ForeignInfluence+1","Devotion+1","FearNoEvil+1","ForeignInfluence+1","TalkToTheHand+1","FollowUp+1"],"relics":["PureWater","Blood Vial","Toxic Egg 2","Turnip","Art of War","Toy Ornithopter","Ectoplasm","Letter Opener","Prayer Wheel","Meat on the Bone","SlaversCollar","PreservedInsect","Oddly Smooth Stone","Mercury Hourglass","Red Mask"],"acts_visited":["Exordium","TheCity","TheBeyond"],"potions_floor_usage":[50,50],"damage_taken":[{"damage":4.0,"enemies":"2 Louse","floor":1.0,"turns":3.0},{"damage":0.0,"enemies":"Cultist","floor":2.0,"turns":3.0},{"damage":6.0,"enemies":"Jaw Worm","floor":3.0,"turns":4.0},{"damage":7.0,"enemies":"3 Louse","floor":4.0,"turns":4.0},{"damage":6.0,"enemies":"2 Fungi Beasts","floor":5.0,"turns":4.0},{"damage":8.0,"enemies":"Red Slaver","floor":10.0,"turns":2.0},{"damage":30.0,"enemies":"3 Sentries","floor":11.0,"turns":8.0},{"damage":0.0,"enemies":"Gremlin Nob","floor":14.0,"turns":2.0},{"damage":28.0,"enemies":"Hexaghost","floor":16.0,"turns":7.0},{"damage":3.0,"enemies":"3 Byrds","floor":18.0,"turns":6.0},{"damage":11.0,"enemies":"Shell Parasite","floor":19.0,"turns":5.0},{"damage":10.0,"enemies":"Snake Plant","floor":20.0,"turns":3.0},{"damage":2.0,"enemies":"Centurion and Healer","floor":22.0,"turns":4.0},{"damage":0.0,"enemies":"3 Cultists","floor":24.0,"turns":4.0},{"damage":4.0,"enemies":"Shelled Parasite and Fungi","floor":28.0,"turns":3.0},{"damage":19.0,"enemies":"Gremlin Leader","floor":30.0,"turns":6.0},{"damage":33,"enemies":"Champ","floor":33,"turns":8},{"damage":5,"enemies":"3 Shapes","floor":35,"turns":2},{"damage":6,"enemies":"Orb Walker","floor":36,"turns":2},{"damage":49,"enemies":"Maw","floor":37,"turns":9},{"damage":2,"enemies":"Jaw Worm Horde","floor":38,"turns":2},{"damage":0,"enemies":"Giant Head","floor":41,"turns":3},{"damage":0,"enemies":"Sphere and 2 Shapes","floor":46,"turns":1},{"damage":16,"enemies":"Reptomancer","floor":47,"turns":3},{"damage":31,"enemies":"Awakened One","floor":50,"turns":8}],"seed_played":"-7838806928989286538","potions_obtained":[{"floor":1.0,"key":"SkillPotion"},{"floor":3.0,"key":"StancePotion"},{"floor":5.0,"key":"BlessingOfTheForge"},{"floor":16.0,"key":"Fire Potion"},{"floor":22.0,"key":"EssenceOfSteel"},{"floor":30.0,"key":"SmokeBomb"},{"floor":41,"key":"AttackPotion"}],"is_trial":false,"path_per_floor":["M","M","M","M","M","R","$","R","T","M","E","R","?","E","R","B",null,"M","M","M","$","M","R","M","?","T","$","M","R","E","?","R","B",null,"M","M","M","M","$","R","E","R","T","?","R","M","E","?","R","B",null],"character_chosen":"WATCHER","items_purchased":[],"campfire_rested":3,"item_purchase_floors":[],"current_hp_per_floor":[68,70,66,61,57,57,57,57,57,51,23,44,44,46,46,20,72,69,60,52,52,52,52,54,54,54,54,52,52,35,28,49,30,72,67,63,28,40,40,40,42,42,42,42,62,64,50,50,50,43],"gold":0,"neow_bonus":"RANDOM_COMMON_RELIC","is_daily":false,"chose_seed":false,"campfire_upgraded":8,"win_rate":0.0,"timestamp":1608365752,"path_taken":["M","M","M","M","M","R","$","R","T","M","E","R","?","E","R","BOSS","M","M","M","$","M","R","M","?","T","$","M","R","E","?","R","BOSS","M","M","M","M","?","R","E","R","T","?","R","M","E","?","R","BOSS"],"items_purchased_type":[],"build_version":"2020-12-13","purchased_purges":3,"victory":true,"max_hp_per_floor":[72,72,72,72,72,72,72,72,72,72,72,72,72,72,72,72,72,72,72,72,72,72,72,72,72,72,72,72,72,72,72,72,72,72,72,72,72,72,72,72,72,72,72,68,68,68,68,68,68,68],"card_choices":[{"not_picked":["ClearTheMind","Sanctity"],"picked":"SandsOfTime","floor":1.0},{"not_picked":["CrushJoints","Consecrate","Protect"],"picked":"SKIP","floor":2.0},{"not_picked":["BowlingBash","DeceiveReality"],"picked":"Halt","floor":3.0},{"not_picked":["LikeWater","Prostrate"],"picked":"EmptyFist","floor":4.0},{"not_picked":["PathToVictory","Crescendo","Prostrate"],"picked":"SKIP","floor":5.0},{"not_picked":["Wallop","Devotion"],"picked":"EmptyMind+1","floor":10.0},{"not_picked":["Meditate+1","Halt+1"],"picked":"FlurryOfBlows","floor":11.0},{"not_picked":["DeceiveReality+1","ThirdEye+1"],"picked":"Scrawl+1","floor":14.0},{"not_picked":["Brilliance","Omniscience+1"],"picked":"DeusExMachina+1","floor":16.0},{"not_picked":["ClearTheMind+1","ReachHeaven"],"picked":"SashWhip+1","floor":18.0},{"not_picked":["CrushJoints","EmptyBody+1","Halt+1"],"picked":"SKIP","floor":19.0},{"not_picked":["ThirdEye+1","Halt+1"],"picked":"Adaptation","floor":20.0},{"not_picked":["CrushJoints","Evaluate+1","Establishment"],"picked":"SKIP","floor":22.0},{"not_picked":["PathToVictory+1","BowlingBash","Indignation+1"],"picked":"SKIP","floor":24.0},{"not_picked":["Evaluate+1","CrushJoints","Protect+1"],"picked":"SKIP","floor":28.0},{"not_picked":["ThirdEye+1","JustLucky","CutThroughFate"],"picked":"SKIP","floor":28.0},{"not_picked":["EmptyBody+1","ThirdEye+1"],"picked":"ForeignInfluence+1","floor":30.0},{"not_picked":["Omniscience+1","MasterReality"],"picked":"Devotion","floor":33},{"not_picked":["InnerPeace+1","Study"],"picked":"FearNoEvil+1","floor":35},{"not_picked":["WreathOfFlame+1","Crescendo+1","EmptyFist+1"],"picked":"SKIP","floor":35},{"not_picked":["WreathOfFlame+1","Crescendo+1","EmptyFist+1"],"picked":"SKIP","floor":35},{"not_picked":["EmptyMind+1","Evaluate+1","ThirdEye+1"],"picked":"SKIP","floor":36},{"not_picked":["PathToVictory+1","ClearTheMind+1","ThirdEye+1"],"picked":"SKIP","floor":36},{"not_picked":["ClearTheMind+1","EmptyMind+1"],"picked":"ForeignInfluence+1","floor":37},{"not_picked":["Consecrate+1","SandsOfTime+1","FollowUp+1"],"picked":"SKIP","floor":37},{"not_picked":["Consecrate+1","SandsOfTime+1","FollowUp+1"],"picked":"SKIP","floor":37},{"not_picked":["CrushJoints+1","Devotion"],"picked":"TalkToTheHand","floor":38},{"not_picked":["WheelKick+1","ForeignInfluence+1","Tantrum"],"picked":"SKIP","floor":38},{"not_picked":["EmptyBody+1","Pray+1","DeceiveReality+1"],"picked":"SKIP","floor":41},{"not_picked":["Sanctity+1","JustLucky"],"picked":"FollowUp+1","floor":46},{"not_picked":["FlyingSleeves+1","Fasting2+1","Tantrum+1"],"picked":"SKIP","floor":46},{"not_picked":["FlyingSleeves+1","Fasting2+1","Tantrum+1"],"picked":"SKIP","floor":46},{"not_picked":["Tantrum","Consecrate","Collect+1"],"picked":"SKIP","floor":47}],"player_experience":327229,"relics_obtained":[{"floor":9.0,"key":"Toxic Egg 2"},{"floor":11.0,"key":"Turnip"},{"floor":14.0,"key":"Toy Ornithopter"},{"floor":26.0,"key":"Prayer Wheel"},{"floor":30.0,"key":"Meat on the Bone"},{"floor":41,"key":"PreservedInsect"},{"floor":43,"key":"Oddly Smooth Stone"},{"floor":47,"key":"Mercury Hourglass"}],"event_choices":[{"damage_healed":0.0,"max_hp_gain":0.0,"max_hp_loss":0.0,"gold_gain":0.0,"event_name":"Dead Adventurer","player_choice":"Searched \u00272\u0027 times","floor":13.0,"gold_loss":0.0,"damage_taken":0.0,"relics_obtained":["Art of War"]},{"damage_healed":0.0,"max_hp_gain":0.0,"max_hp_loss":0.0,"gold_gain":0.0,"event_name":"The Mausoleum","player_choice":"Opened","floor":25.0,"gold_loss":0.0,"damage_taken":0.0,"relics_obtained":["Letter Opener"]},{"damage_healed":0,"gold_gain":75,"player_choice":"Touch","damage_taken":7,"max_hp_gain":0,"max_hp_loss":0,"event_name":"FaceTrader","floor":31,"gold_loss":0},{"damage_healed":0,"gold_gain":0,"player_choice":"Max HP","damage_taken":0,"max_hp_gain":0,"max_hp_loss":4,"event_name":"Winding Halls","floor":44,"gold_loss":0},{"damage_healed":0,"gold_gain":0,"player_choice":"Paid","damage_taken":0,"relics_obtained":["Red Mask"],"max_hp_gain":0,"max_hp_loss":0,"event_name":"Tomb of Lord Red Mask","floor":48,"gold_loss":116}],"is_beta":false,"boss_relics":[{"not_picked":["Philosopher\u0027s Stone","Coffee Dripper"],"picked":"Ectoplasm"},{"not_picked":["HolyWater","Tiny House"],"picked":"SlaversCollar"}],"items_purged_floors":[7,21,27],"is_endless":false,"potions_floor_spawned":[1,3,5,16,22,28,30,38,41],"ascension_level":1}}