{"host":"flx6yngeuogemep4","time":1608383382,"event":{"mods":["BaseMod","BetterRewards","Colored Powertips","Minty Spire (QoL Compilation)"],"gold_per_floor":[110,110,137,33,33,64,64,64,64,64,12,28,46,69,69,188,188,202,202,47,72,87,87,87,106,106,131,131,131,131,151,151,270,270,286,14,0,0,24,24,24],"floor_reached":40,"playtime":1333,"items_purged":["Strike_G"],"score":454,"play_id":"4f646308-1475-4e32-a129-62b68f82a897","local_time":"20201219080942","is_ascension_mode":false,"campfire_choices":[{"floor":7,"key":"REST"},{"floor":10,"key":"REST"},{"data":"Crippling Poison","floor":15,"key":"SMITH"},{"floor":23,"key":"REST"},{"floor":32,"key":"REST"}],"circlet_count":0,"master_deck":["Strike_G+1","Strike_G","Strike_G","Strike_G","Defend_G","Defend_G","Defend_G","Defend_G","Survivor+1","Neutralize+1","Dagger Throw","Caltrops+1","Sucker Punch","Heel Hook","All Out Attack","Poisoned Stab","Outmaneuver","Crippling Poison+1","Die Die Die","Leg Sweep","Caltrops+1","Flying Knee","Outmaneuver+1","PiercingWail+1","Clumsy","Noxious Fumes","Ghostly","Ghostly","Ghostly","Ghostly","Ghostly","Parasite","Skewer+1","Night Terror","Bouncing Flask+1","Poisoned Stab+1","Footwork+1"],"relics":["Ring of the Snake","Pen Nib","Golden Idol","Whetstone","MealTicket","Boot","Cursed Key","DollysMirror","Darkstone Periapt","Molten Egg 2","Runic Pyramid","Snake Skull","Red Mask"],"acts_visited":["Exordium","TheCity","TheBeyond"],"potions_floor_usage":[16,16,24,33],"damage_taken":[{"damage":2,"enemies":"2 Louse","floor":1,"turns":4},{"damage":22,"enemies":"Lagavulin","floor":6,"turns":8},{"damage":0,"enemies":"Jaw Worm","floor":12,"turns":2},{"damage":0,"enemies":"Small Slimes","floor":13,"turns":3},{"damage":13,"enemies":"2 Fungi Beasts","floor":14,"turns":2},{"damage":22,"enemies":"Slime Boss","floor":16,"turns":10},{"damage":6,"enemies":"Chosen","floor":18,"turns":4},{"damage":20,"enemies":"2 Thieves","floor":21,"turns":3},{"damage":6,"enemies":"Snecko","floor":22,"turns":5},{"damage":0,"enemies":"Slavers","floor":24,"turns":1},{"damage":7,"enemies":"Chosen and Byrds","floor":25,"turns":4},{"damage":4,"enemies":"Snake Plant","floor":27,"turns":3},{"damage":10,"enemies":"Centurion and Healer","floor":31,"turns":5},{"damage":21,"enemies":"Collector","floor":33,"turns":9},{"damage":2,"enemies":"3 Shapes","floor":35,"turns":3},{"damage":13,"enemies":"3 Darklings","floor":39,"turns":4},{"damage":45,"enemies":"Reptomancer","floor":40,"turns":5}],"seed_played":"-3424848023130199151","potions_obtained":[{"floor":12,"key":"Explosive Potion"},{"floor":13,"key":"Block Potion"},{"floor":21,"key":"SmokeBomb"},{"floor":31,"key":"LiquidMemories"},{"floor":35,"key":"DuplicationPotion"}],"is_trial":false,"path_per_floor":["M","?","T","$","?","E","R","?","T","R","$","M","M","M","R","B",null,"M","?","$","M","M","R","E","M","T","M","?","?","T","M","R","B",null,"M","$","?","$","M","E"],"character_chosen":"THE_SILENT","items_purchased":["Caltrops","Sucker Punch","Poisoned Stab","DollysMirror","Snake Skull","Poisoned Stab+1"],"campfire_rested":4,"item_purchase_floors":[4,4,11,20,36,36],"current_hp_per_floor":[68,68,68,68,68,46,67,53,53,70,70,70,70,57,57,35,70,64,64,70,50,44,65,65,58,58,54,54,35,41,31,41,20,41,39,41,41,41,28,0,0],"gold":24,"neow_bonus":"RANDOM_COMMON_RELIC","is_daily":false,"chose_seed":false,"campfire_upgraded":1,"win_rate":0.0,"timestamp":1608383382,"path_taken":["M","?","?","?","?","E","R","?","T","R","$","M","?","M","R","BOSS","M","?","$","M","?","R","E","?","T","M","?","?","?","M","R","BOSS","M","?","?","$","M","E"],"items_purchased_type":["Card","Card","Card","Relic","Relic","Card"],"build_version":"2020-12-13","purchased_purges":1,"victory":false,"max_hp_per_floor":[70,70,70,70,70,70,70,70,70,70,70,70,70,70,70,70,70,70,70,70,70,70,70,70,70,70,70,70,35,41,41,41,41,41,41,41,41,41,41,41,41],"card_choices":[{"not_picked":["Backflip","Blade Dance"],"picked":"Dagger Throw","floor":1},{"not_picked":["Calculated Gamble","Quick Slash"],"picked":"All Out Attack","floor":6},{"not_picked":["Finisher","Tactician"],"picked":"Outmaneuver","floor":12},{"not_picked":["Poisoned Stab","Calculated Gamble","Distraction"],"picked":"SKIP","floor":13},{"not_picked":["Backflip","Quick Slash"],"picked":"Crippling Poison","floor":14},{"not_picked":["Bullet Time","Unload"],"picked":"Die Die Die","floor":16},{"not_picked":["Backflip","Acrobatics"],"picked":"Leg Sweep","floor":18},{"not_picked":["Blade Dance","Escape Plan+1"],"picked":"Flying Knee","floor":21},{"not_picked":["Deadly Poison","Prepared"],"picked":"Outmaneuver+1","floor":22},{"not_picked":["Cloak And Dagger","Crippling Poison"],"picked":"PiercingWail+1","floor":25},{"not_picked":["Crippling Poison","Choke","Calculated Gamble"],"picked":"SKIP","floor":27},{"not_picked":["Choke+1","Flechettes+1"],"picked":"Skewer+1","floor":31},{"not_picked":["Unload+1","Storm of Steel"],"picked":"Night Terror","floor":33},{"not_picked":["Sucker Punch+1","Quick Slash+1"],"picked":"Bouncing Flask+1","floor":35},{"not_picked":["Underhanded Strike+1","Setup"],"picked":"Footwork+1","floor":39}],"player_experience":45095,"relics_obtained":[{"floor":3,"key":"Whetstone"},{"floor":6,"key":"MealTicket"},{"floor":9,"key":"Boot"},{"floor":26,"key":"Darkstone Periapt"},{"floor":30,"key":"Molten Egg 2"}],"event_choices":[{"damage_healed":0,"gold_gain":0,"player_choice":"Take Wound","damage_taken":0,"relics_obtained":["Golden Idol"],"max_hp_gain":0,"max_hp_loss":0,"event_name":"Golden Idol","floor":2,"gold_loss":0,"cards_obtained":["Injury"]},{"damage_healed":0,"gold_gain":0,"cards_transformed":["Defend_G"],"player_choice":"Change","damage_taken":0,"max_hp_gain":0,"max_hp_loss":0,"event_name":"Living Wall","floor":5,"gold_loss":0,"cards_obtained":["Heel Hook"]},{"damage_healed":0,"gold_gain":0,"player_choice":"Entered Light","damage_taken":14,"max_hp_gain":0,"max_hp_loss":0,"event_name":"Shining Light","floor":8,"gold_loss":0,"cards_upgraded":["Survivor","Caltrops"]},{"cards_removed":["Injury"],"damage_healed":0,"gold_gain":0,"player_choice":"Removed Curses","damage_taken":0,"max_hp_gain":0,"max_hp_loss":0,"event_name":"Fountain of Cleansing","floor":19,"gold_loss":0},{"damage_healed":0,"gold_gain":0,"player_choice":"Read","damage_taken":0,"max_hp_gain":0,"max_hp_loss":0,"event_name":"The Library","floor":28,"gold_loss":0,"cards_obtained":["Noxious Fumes"]},{"damage_healed":0,"gold_gain":0,"player_choice":"Became a Ghost","damage_taken":0,"max_hp_gain":0,"max_hp_loss":35,"event_name":"Ghosts","floor":29,"gold_loss":0,"cards_obtained":["Ghostly","Ghostly","Ghostly","Ghostly","Ghostly"]},{"damage_healed":0,"gold_gain":0,"player_choice":"Paid","damage_taken":0,"relics_obtained":["Red Mask"],"max_hp_gain":0,"max_hp_loss":0,"event_name":"Tomb of Lord Red Mask","floor":37,"gold_loss":14}],"is_beta":false,"boss_relics":[{"not_picked":["Velvet Choker","Ectoplasm"],"picked":"Cursed Key"},{"not_picked":["Sozu","Fusion Hammer"],"picked":"Runic Pyramid"}],"items_purged_floors":[36],"is_endless":false,"potions_floor_spawned":[12,13,21,24,31,35],"killed_by":"Reptomancer","ascension_level":0}}