{"host":"xb2tau8pgi8aflss","time":1608390864,"event":{"mods":["AchievementEnabler","BaseMod","Hermit","Minty Spire (QoL Compilation)","StSLib","SuperFastMode"],"gold_per_floor":[117,46,56,76,87,118,118,118,118,88,88,121,133,60,60,160,160,125,137,137,137],"floor_reached":20,"playtime":1117,"items_purged":[],"score":230,"play_id":"4da63476-5a80-4bd7-b32d-449da0b9cbcf","local_time":"20201220001424","is_ascension_mode":true,"campfire_choices":[{"floor":7.0,"key":"REST"},{"floor":11.0,"key":"REST"},{"data":"Loop","floor":15.0,"key":"SMITH"}],"circlet_count":0,"master_deck":["Strike_B","Strike_B","Strike_B","Strike_B","Defend_B","Defend_B","Defend_B","Defend_B","Zap","Dualcast","Machine Learning","Sweeping Beam","Loop+1","Coolheaded","Double Energy","Coolheaded","Defragment","Skim","Stack","Chill","Core Surge","Stack","Genetic Algorithm"],"relics":["Cracked Core","Boot","Toy Ornithopter","Kunai","Inserter"],"acts_visited":["Exordium","TheCity"],"potions_floor_usage":[18,20],"damage_taken":[{"damage":13.0,"enemies":"Small Slimes","floor":1.0,"turns":3.0},{"damage":11.0,"enemies":"Cultist","floor":3.0,"turns":4.0},{"damage":13.0,"enemies":"2 Louse","floor":4.0,"turns":2.0},{"damage":24.0,"enemies":"Exordium Thugs","floor":5.0,"turns":4.0},{"damage":12.0,"enemies":"Lagavulin","floor":6.0,"turns":10.0},{"damage":8.0,"enemies":"3 Sentries","floor":12.0,"turns":5.0},{"damage":0.0,"enemies":"3 Louse","floor":13.0,"turns":2.0},{"damage":33.0,"enemies":"The Guardian","floor":16.0,"turns":21.0},{"damage":14,"enemies":"2 Thieves","floor":18,"turns":5},{"damage":13,"enemies":"Shell Parasite","floor":19,"turns":13},{"damage":44,"enemies":"Centurion and Healer","floor":20,"turns":16}],"seed_played":"-6288397122110299643","potions_obtained":[{"floor":1.0,"key":"Weak Potion"},{"floor":4.0,"key":"Energy Potion"},{"floor":10.0,"key":"SneckoOil"},{"floor":10.0,"key":"FocusPotion"},{"floor":13.0,"key":"AttackPotion"},{"floor":18,"key":"CultistPotion"}],"is_trial":false,"path_per_floor":["M","$","M","M","M","E","R","?","T","?","R","E","M","$","R","B",null,"M","M","M"],"character_chosen":"DEFECT","items_purchased":["Loop","Chill"],"campfire_rested":2,"item_purchase_floors":[2,14],"current_hp_per_floor":[62,62,51,38,14,2,24,24,24,24,46,43,43,43,43,15,60,51,38,0,0],"gold":137,"neow_bonus":"ONE_RANDOM_RARE_CARD","is_daily":false,"chose_seed":false,"campfire_upgraded":1,"win_rate":0.0,"timestamp":1608390864,"path_taken":["M","$","M","M","M","E","R","?","T","?","R","E","M","$","R","BOSS","M","M","M"],"items_purchased_type":["Card","Card"],"build_version":"2020-12-13","purchased_purges":0,"victory":false,"max_hp_per_floor":[75,75,75,75,75,75,75,75,75,75,75,75,75,75,75,75,75,75,75,75,75],"card_choices":[{"not_picked":["Scrape","Rebound"],"picked":"Sweeping Beam","floor":1.0},{"not_picked":["Sweeping Beam","Rebound"],"picked":"Coolheaded","floor":3.0},{"not_picked":["Scrape","Cold Snap"],"picked":"Double Energy","floor":4.0},{"not_picked":["Barrage","Go for the Eyes"],"picked":"Coolheaded","floor":5.0},{"not_picked":["Capacitor","Hologram"],"picked":"Defragment","floor":6.0},{"not_picked":["Doom and Gloom","Rip and Tear"],"picked":"Skim","floor":12.0},{"not_picked":["Streamline","Force Field"],"picked":"Stack","floor":13.0},{"not_picked":["Echo Form","Fission"],"picked":"Core Surge","floor":16.0},{"not_picked":["Steam+1","Lockon"],"picked":"Stack","floor":18},{"not_picked":["Consume","Gash+1"],"picked":"Genetic Algorithm","floor":19}],"player_experience":743510,"relics_obtained":[{"floor":6.0,"key":"Boot"},{"floor":9.0,"key":"Toy Ornithopter"},{"floor":12.0,"key":"Kunai"}],"event_choices":[{"damage_healed":0.0,"max_hp_gain":0.0,"max_hp_loss":0.0,"gold_gain":0.0,"event_name":"Shining Light","player_choice":"Ignored","floor":8.0,"gold_loss":0.0,"damage_taken":0.0},{"damage_healed":0.0,"max_hp_gain":0.0,"max_hp_loss":0.0,"gold_gain":0.0,"event_name":"The Woman in Blue","player_choice":"Bought 2 Potions","floor":10.0,"gold_loss":0.0,"damage_taken":0.0}],"is_beta":false,"boss_relics":[{"not_picked":["Ectoplasm","Runic Pyramid"],"picked":"Inserter"}],"items_purged_floors":[],"is_endless":false,"potions_floor_spawned":[1,4,13,18],"killed_by":"Centurion and Healer","ascension_level":5}}