{"host":"2461dio7vetlq1z3","time":1608403136,"event":{"mods":["2.2 Compatiblity","AchievementEnabler","BaseMod","Better Third Choice","Hermit","Marisa????????","Minty Spire (QoL Compilation)","Relic Stats","Spicy Shops","StSLib","Waifu the Spire"],"gold_per_floor":[115,134,134,144,163,163,188,188,188,45,63,63,88,105,105,208,208,224,224,242,242,242,242,276,276,302,302,526,104,123,23,23,161,161,161],"floor_reached":34,"playtime":1622,"items_purged":["Strike_G","Strike_G"],"score":380,"play_id":"a72b02e5-29ad-47b3-9e9a-e6920922067b","local_time":"20201219193856","daily_mods":["Diverse"],"is_ascension_mode":false,"campfire_choices":[{"data":"EmptyFist","floor":6,"key":"SMITH"},{"data":"hermit:Maintenance","floor":12,"key":"SMITH"},{"data":"hermit:Maintenance","floor":15,"key":"SMITH"},{"data":"WreathOfFlame","floor":23,"key":"SMITH"},{"floor":25,"key":"REST"},{"data":"Dual Wield","floor":27,"key":"SMITH"},{"floor":32,"key":"REST"}],"circlet_count":0,"master_deck":["Strike_G","Strike_G","Defend_G","Defend_G","Defend_G","Defend_G","Defend_G","Survivor","Neutralize","EmptyFist+1","Hologram","hermit:Spite","All For One","Inflame","hermit:Maintenance+1","hermit:Maintenance+1","Dual Wield+1","PowerUp","Fiend Fire","SuperPerseids","WreathOfFlame+1","Robbery","MachineGunSpark","BootSequence","WaveOfTheHand+1","Metallicize","hermit:Adapt"],"relics":["Ring of the Serpent","Akabeko","StrikeDummy","DollysMirror","HornCleat","InkBottle","Dream Catcher","Sundial","Orrery"],"acts_visited":["Exordium","TheCity"],"potions_floor_usage":[7,16,16,24,33,33],"damage_taken":[{"damage":0,"enemies":"Jaw Worm","floor":1,"turns":6},{"damage":2,"enemies":"Cultist","floor":2,"turns":4},{"damage":0,"enemies":"2 Louse","floor":4,"turns":4},{"damage":0,"enemies":"Blue Slaver","floor":5,"turns":5},{"damage":14,"enemies":"Gremlin Nob","floor":7,"turns":3},{"damage":13,"enemies":"2 Fungi Beasts","floor":11,"turns":3},{"damage":12,"enemies":"3 Sentries","floor":13,"turns":7},{"damage":0,"enemies":"Red Slaver","floor":14,"turns":5},{"damage":15,"enemies":"Slime Boss","floor":16,"turns":6},{"damage":14,"enemies":"3 Byrds","floor":18,"turns":8},{"damage":7,"enemies":"Shell Parasite","floor":20,"turns":4},{"damage":21,"enemies":"Slavers","floor":24,"turns":7},{"damage":34,"enemies":"Centurion and Healer","floor":28,"turns":26},{"damage":1,"enemies":"Snake Plant","floor":30,"turns":3},{"damage":25,"enemies":"Automaton","floor":33,"turns":12}],"seed_played":"-2365947885233855675","potions_obtained":[{"floor":4,"key":"FearPotion"},{"floor":5,"key":"Regen Potion"},{"floor":11,"key":"FearPotion"},{"floor":13,"key":"Strength Potion"},{"floor":16,"key":"SkillPotion"},{"floor":20,"key":"DuplicationPotion"},{"floor":30,"key":"Weak Potion"},{"floor":33,"key":"Dexterity Potion"}],"is_trial":true,"path_per_floor":["M","M","?","M","M","R","E","?","T","$","M","R","E","M","R","B",null,"M","?","M","?","?","R","E","R","T","R","M","$","M","$","R","B",null],"character_chosen":"THE_SILENT","items_purchased":["DollysMirror","MachineGunSpark","Sundial","Orrery"],"campfire_rested":2,"item_purchase_floors":[10,29,29,29],"current_hp_per_floor":[70,68,68,68,68,68,54,59,59,59,46,46,34,34,34,34,75,61,61,54,54,40,40,19,43,43,43,9,9,8,8,32,7,7,7],"gold":161,"neow_bonus":"","is_daily":false,"chose_seed":false,"campfire_upgraded":5,"win_rate":0.0,"timestamp":1608403136,"path_taken":["M","M","?","M","?","R","E","?","T","$","M","R","E","M","R","BOSS","M","?","M","?","?","R","E","R","T","R","M","?","?","$","R","BOSS"],"items_purchased_type":["Relic","Card","Relic","Relic"],"build_version":"2020-12-13","purchased_purges":2,"victory":false,"max_hp_per_floor":[70,70,70,70,70,70,70,75,75,75,75,75,75,75,75,75,75,75,75,75,75,80,80,80,80,80,80,80,80,80,80,80,80,80,80],"relic_stats":{"Dream Catcher":1,"counters":[15,103],"Sundial":[2],"obtain_stats":[{"Dream Catcher":26,"HornCleat":13,"DollysMirror":10,"Sundial":29,"Orrery":29,"StrikeDummy":9,"Akabeko":7,"Ring of the Serpent":17,"InkBottle":24,"Ring of the Snake":0},{"Dream Catcher":12,"HornCleat":7,"DollysMirror":5,"Sundial":13,"Orrery":13,"StrikeDummy":5,"Akabeko":5,"Ring of the Serpent":9,"InkBottle":12,"Ring of the Snake":0},{"Dream Catcher":62,"HornCleat":32,"DollysMirror":22,"Sundial":88,"Orrery":88,"StrikeDummy":22,"Akabeko":22,"Ring of the Serpent":43,"InkBottle":62,"Ring of the Snake":0}],"InkBottle":[11]},"card_choices":[{"not_picked":["hermit:LowProfile","Dropkick"],"picked":"EmptyFist","floor":1},{"not_picked":["hermit:HoleUp","hermit:EyeOfTheStorm"],"picked":"Hologram","floor":2},{"not_picked":["Havoc","Gash"],"picked":"All For One","floor":4},{"not_picked":["Rip and Tear","True Grit"],"picked":"Inflame","floor":5},{"not_picked":["Warcry","Barrage"],"picked":"hermit:Maintenance","floor":7},{"not_picked":["hermit:BodyArmor","PathToVictory","Establishment"],"picked":"SKIP","floor":11},{"not_picked":["Sucker Punch","Havoc"],"picked":"Dual Wield","floor":13},{"not_picked":["Evaluate","Poisoned Stab"],"picked":"PowerUp","floor":14},{"not_picked":["Corruption","CasketOfStar"],"picked":"Fiend Fire","floor":16},{"not_picked":["Adaptation","Cleave+1","hermit:Manifest"],"picked":"SKIP","floor":18},{"not_picked":["Carnage+1","UnstableBomb"],"picked":"WreathOfFlame","floor":20},{"not_picked":["Barrage","hermit:Ricochet"],"picked":"Robbery","floor":24},{"not_picked":["UnstableBomb","PowerUp","hermit:Ricochet"],"picked":"SKIP","floor":28},{"not_picked":["Leap","PulseMagic+1"],"picked":"BootSequence","floor":29},{"not_picked":["hermit:GoldenBullet+1","MachineGunSpark"],"picked":"WaveOfTheHand+1","floor":29},{"not_picked":["hermit:Showdown","6A"],"picked":"Metallicize","floor":30},{"not_picked":["Thunder Strike","Reboot"],"picked":"hermit:Adapt","floor":33}],"player_experience":846555,"relics_obtained":[{"floor":7,"key":"Akabeko"},{"floor":9,"key":"StrikeDummy"},{"floor":13,"key":"HornCleat"},{"floor":24,"key":"InkBottle"},{"floor":26,"key":"Dream Catcher"}],"event_choices":[{"damage_healed":0,"gold_gain":0,"cards_transformed":["Strike_G"],"player_choice":"Transformed","damage_taken":0,"max_hp_gain":0,"max_hp_loss":0,"event_name":"Transmorgrifier","floor":3,"gold_loss":0,"cards_obtained":["hermit:Spite"]},{"damage_healed":0,"gold_gain":0,"player_choice":"Donut","damage_taken":0,"max_hp_gain":5,"max_hp_loss":0,"event_name":"Big Fish","floor":8,"gold_loss":0},{"damage_healed":0,"gold_gain":0,"player_choice":"Read","damage_taken":0,"max_hp_gain":0,"max_hp_loss":0,"event_name":"The Library","floor":19,"gold_loss":0,"cards_obtained":["SuperPerseids"]},{"damage_healed":0,"gold_gain":0,"player_choice":"Ignored","damage_taken":0,"max_hp_gain":0,"max_hp_loss":0,"event_name":"Vampires","floor":21,"gold_loss":0},{"damage_healed":0,"gold_gain":0,"player_choice":"Shed Blood","damage_taken":19,"max_hp_gain":5,"max_hp_loss":0,"event_name":"Forgotten Altar","floor":22,"gold_loss":0}],"is_beta":false,"boss_relics":[{"not_picked":["Ectoplasm","Calling Bell"],"picked":"Ring of the Serpent"}],"items_purged_floors":[29,31],"is_endless":false,"potions_floor_spawned":[4,5,11,13,14,16,20,30,33],"ascension_level":0}}