{"host":"w4b7hmige5bnqipq","time":1608374503,"event":{"mods":["BaseMod","Minty Spire (QoL Compilation)","Rare Cards Sparkle","SuperFastMode","everything is the same but u backflip on backflip","slay the spire mod where everything is the same but ironclad has a cowboy hat"],"gold_per_floor":[117,127,143,143,143,171,186,204,254,280,280,311,324,351,351,430,430,449,465,25,45,45,77,77,111,111,143,143,143,143,143,143,222,272,289,344,344,354,367,398,398,427,479,494,292,322,355,45,45,45,45,45,22,52,52],"floor_reached":56,"playtime":6373,"items_purged":["Pain","Defend_R+1","Strike_R+1"],"score":2147,"play_id":"084a09cc-d5f4-4a7f-9929-e70481811762","local_time":"20201219184143","is_ascension_mode":true,"campfire_choices":[{"floor":11.0,"key":"REST"},{"data":"Blood for Blood","floor":15.0,"key":"SMITH"},{"floor":24.0,"key":"REST"},{"floor":29.0,"key":"REST"},{"floor":32.0,"key":"RECALL"},{"floor":41.0,"key":"REST"},{"floor":49.0,"key":"REST"},{"floor":52.0,"key":"REST"}],"circlet_count":0,"master_deck":["AscendersBane","Strike_R+1","Strike_R+1","Strike_R+1","Strike_R+1","Defend_R+1","Defend_R+1","Defend_R+1","Bash","Pommel Strike","Shrug It Off","Dark Embrace+1","Dropkick","Blood for Blood+1","Fiend Fire+1","Metallicize","Double Tap+1","Corruption","Shrug It Off","Evolve","Shockwave","Impervious","Body Slam+1","Sword Boomerang+1","Barricade","Feed","Offering","Power Through","Infernal Blade+1","Burning Pact","Uppercut","Burning Pact","Battle Trance+1","Impervious","Panacea+1","Warcry+1","Warcry+1","True Grit+1"],"relics":["Burning Blood","WarpedTongs","TungstenRod","Bag of Preparation","Shuriken","Art of War","Calipers","Fusion Hammer","FossilizedHelix","Regal Pillow","WingedGreaves","Bottled Lightning","Centennial Puzzle","Tiny House","CaptainsWheel","Smiling Mask","Orichalcum","Whetstone","Boot","Toxic Egg 2","Toolbox","Kunai"],"acts_visited":["Exordium","TheCity","TheBeyond","TheEnding"],"potions_floor_usage":[55],"damage_taken":[{"damage":12.0,"enemies":"Jaw Worm","floor":1.0,"turns":2.0},{"damage":2.0,"enemies":"2 Louse","floor":2.0,"turns":3.0},{"damage":1.0,"enemies":"Cultist","floor":3.0,"turns":4.0},{"damage":32.0,"enemies":"Lagavulin","floor":6.0,"turns":9.0},{"damage":23.0,"enemies":"Gremlin Gang","floor":7.0,"turns":5.0},{"damage":0.0,"enemies":"Large Slime","floor":8.0,"turns":5.0},{"damage":16.0,"enemies":"3 Sentries","floor":10.0,"turns":8.0},{"damage":19.0,"enemies":"Lagavulin","floor":12.0,"turns":5.0},{"damage":0.0,"enemies":"Blue Slaver","floor":13.0,"turns":2.0},{"damage":7.0,"enemies":"3 Sentries","floor":14.0,"turns":10.0},{"damage":34.0,"enemies":"Hexaghost","floor":16.0,"turns":11.0},{"damage":17.0,"enemies":"Shell Parasite","floor":18.0,"turns":3.0},{"damage":0.0,"enemies":"Spheric Guardian","floor":19.0,"turns":2.0},{"damage":25.0,"enemies":"Snake Plant","floor":21.0,"turns":4.0},{"damage":17.0,"enemies":"Slavers","floor":23.0,"turns":5.0},{"damage":16.0,"enemies":"Gremlin Leader","floor":25.0,"turns":7.0},{"damage":22.0,"enemies":"Slavers","floor":27.0,"turns":6.0},{"damage":13.0,"enemies":"Champ","floor":33.0,"turns":8.0},{"damage":0.0,"enemies":"3 Shapes","floor":35.0,"turns":7.0},{"damage":12.0,"enemies":"2 Orb Walkers","floor":36.0,"turns":4.0},{"damage":0.0,"enemies":"Orb Walker","floor":38.0,"turns":6.0},{"damage":33.0,"enemies":"Transient","floor":39.0,"turns":5.0},{"damage":9.0,"enemies":"Nemesis","floor":40.0,"turns":5.0},{"damage":24.0,"enemies":"Reptomancer","floor":42.0,"turns":7.0},{"damage":0.0,"enemies":"Maw","floor":44.0,"turns":4.0},{"damage":0.0,"enemies":"Giant Head","floor":46.0,"turns":5.0},{"damage":5.0,"enemies":"Reptomancer","floor":47.0,"turns":8.0},{"damage":39.0,"enemies":"Donu and Deca","floor":50.0,"turns":6.0},{"damage":13.0,"enemies":"Shield and Spear","floor":54.0,"turns":5.0},{"damage":15,"enemies":"The Heart","floor":55,"turns":8}],"seed_played":"-7823615009059834005","potions_obtained":[{"floor":2.0,"key":"Block Potion"},{"floor":3.0,"key":"LiquidMemories"},{"floor":8.0,"key":"Swift Potion"},{"floor":10.0,"key":"BlessingOfTheForge"},{"floor":16.0,"key":"LiquidMemories"},{"floor":19.0,"key":"SteroidPotion"},{"floor":21.0,"key":"PowerPotion"},{"floor":27.0,"key":"SteroidPotion"},{"floor":34.0,"key":"CultistPotion"},{"floor":39.0,"key":"DuplicationPotion"},{"floor":42.0,"key":"EssenceOfSteel"},{"floor":44.0,"key":"SteroidPotion"},{"floor":47.0,"key":"Dexterity Potion"},{"floor":54.0,"key":"BlessingOfTheForge"}],"is_trial":false,"path_per_floor":["M","M","M","?","?","E","M","M","T","E","R","E","M","E","R","B",null,"M","M","$","M","$","E","R","E","T","E","?","R","?","?","R","B",null,"M","?","?","M","M","E","R","E","T","M","$","E","E","$","R","B",null,"R","$","E","B",null],"character_chosen":"IRONCLAD","items_purchased":["FossilizedHelix","Evolve","Impervious","Panacea+1","Toolbox","Warcry+1","Warcry+1"],"campfire_rested":6,"item_purchase_floors":[20,20,45,48,48,48,53],"current_hp_per_floor":[62,66,71,71,71,45,28,34,34,24,46,33,39,38,38,10,59,48,54,54,35,35,24,61,51,51,35,35,72,72,72,72,65,78,83,81,81,87,60,57,87,69,69,75,75,81,85,85,90,60,85,93,93,86,77],"gold":52,"neow_bonus":"THREE_CARDS","is_daily":false,"chose_seed":false,"campfire_upgraded":1,"win_rate":0.0,"timestamp":1608374503,"path_taken":["M","M","M","?","?","E","M","?","T","E","R","E","M","E","R","BOSS","BOSS","M","M","$","?","$","E","R","E","T","E","?","R","?","?","R","BOSS","M","?","?","?","M","E","R","E","T","M","?","E","E","$","R","BOSS","R","$","E","BOSS"],"items_purchased_type":["Relic","Card","Card","Card","Relic","Card","Card"],"build_version":"2020-12-13","purchased_purges":3,"victory":true,"max_hp_per_floor":[75,75,75,75,75,75,75,75,75,75,75,75,75,75,75,75,75,75,75,75,75,75,75,75,75,75,75,75,75,75,75,75,75,80,83,87,87,87,87,87,87,87,87,87,87,87,90,90,90,93,93,93,93,93,93],"card_choices":[{"not_picked":["Wild Strike","Bloodletting"],"picked":"Pommel Strike","floor":0.0},{"not_picked":["Carnage","Burning Pact"],"picked":"Shrug It Off","floor":1.0},{"not_picked":["Armaments","Pummel"],"picked":"Dark Embrace","floor":2.0},{"not_picked":["Twin Strike","Warcry"],"picked":"Carnage","floor":3.0},{"not_picked":["Combust","Cleave"],"picked":"Flame Barrier","floor":6.0},{"not_picked":["Sword Boomerang","Wild Strike"],"picked":"Dropkick","floor":7.0},{"not_picked":["Fire Breathing","Flex"],"picked":"Blood for Blood","floor":8.0},{"not_picked":["Flex","Armaments"],"picked":"Fiend Fire","floor":10.0},{"not_picked":["Pommel Strike","Heavy Blade","Wild Strike"],"picked":"SKIP","floor":12.0},{"not_picked":["Armaments","Anger"],"picked":"Metallicize","floor":13.0},{"not_picked":["Rage","Armaments"],"picked":"Double Tap","floor":14.0},{"not_picked":["Impervious","Reaper"],"picked":"Corruption","floor":16.0},{"not_picked":["Headbutt","Combust"],"picked":"Shrug It Off","floor":18.0},{"not_picked":["Iron Wave","Clash","Clothesline"],"picked":"SKIP","floor":19.0},{"not_picked":["Body Slam","Bloodletting"],"picked":"Shockwave","floor":21.0},{"not_picked":["Perfected Strike","True Grit"],"picked":"Impervious","floor":23.0},{"not_picked":["Fire Breathing","Hemokinesis"],"picked":"Body Slam","floor":25.0},{"not_picked":["Shrug It Off","Fiend Fire"],"picked":"Sword Boomerang+1","floor":27.0},{"not_picked":["Brutality","Demon Form"],"picked":"Offering","floor":33.0},{"not_picked":["Clothesline","Shrug It Off"],"picked":"Power Through","floor":34.0},{"not_picked":["Hemokinesis+1","Searing Blow"],"picked":"Infernal Blade+1","floor":35.0},{"not_picked":["Carnage","Flex"],"picked":"Burning Pact","floor":38.0},{"not_picked":["Wild Strike","Clash","Pummel"],"picked":"SKIP","floor":39.0},{"not_picked":["Dual Wield","Perfected Strike"],"picked":"Uppercut","floor":40.0},{"not_picked":["Rupture","Twin Strike+1"],"picked":"Burning Pact","floor":42.0},{"not_picked":["Heavy Blade","Reaper"],"picked":"Battle Trance+1","floor":44.0},{"not_picked":["Combust","Armaments","Thunderclap+1"],"picked":"SKIP","floor":46.0},{"not_picked":["Cleave+1","Spot Weakness+1","Heavy Blade"],"picked":"SKIP","floor":47.0},{"not_picked":["Cleave","Double Tap+1"],"picked":"True Grit+1","floor":54.0}],"player_experience":397676,"relics_obtained":[{"floor":6.0,"key":"TungstenRod"},{"floor":9.0,"key":"Bag of Preparation"},{"floor":10.0,"key":"Shuriken"},{"floor":12.0,"key":"Art of War"},{"floor":14.0,"key":"Calipers"},{"floor":23.0,"key":"Regal Pillow"},{"floor":25.0,"key":"WingedGreaves"},{"floor":26.0,"key":"Bottled Lightning"},{"floor":27.0,"key":"Centennial Puzzle"},{"floor":36.0,"key":"CaptainsWheel"},{"floor":40.0,"key":"Orichalcum"},{"floor":42.0,"key":"Whetstone"},{"floor":46.0,"key":"Boot"},{"floor":47.0,"key":"Toxic Egg 2"},{"floor":54.0,"key":"Kunai"}],"event_choices":[{"damage_healed":0.0,"max_hp_gain":0.0,"max_hp_loss":0.0,"gold_gain":0.0,"event_name":"Living Wall","player_choice":"Grow","floor":4.0,"gold_loss":0.0,"damage_taken":0.0,"cards_upgraded":["Dark Embrace"]},{"damage_healed":0.0,"max_hp_gain":0.0,"max_hp_loss":0.0,"gold_gain":0.0,"event_name":"Accursed Blacksmith","player_choice":"Rummage","floor":5.0,"gold_loss":0.0,"damage_taken":0.0,"relics_obtained":["WarpedTongs"],"cards_obtained":["Pain"]},{"damage_healed":0.0,"max_hp_gain":0.0,"max_hp_loss":0.0,"gold_gain":0.0,"event_name":"Ghosts","player_choice":"Ignored","floor":28.0,"gold_loss":0.0,"damage_taken":0.0},{"damage_healed":0.0,"max_hp_gain":0.0,"max_hp_loss":0.0,"gold_gain":0.0,"event_name":"Back to Basics","player_choice":"Simplicity","floor":30.0,"gold_loss":0.0,"damage_taken":0.0,"cards_upgraded":["Strike_R","Strike_R","Strike_R","Strike_R","Strike_R","Defend_R","Defend_R","Defend_R","Defend_R"]},{"damage_healed":0.0,"max_hp_gain":0.0,"max_hp_loss":0.0,"gold_gain":0.0,"cards_transformed":["Carnage","Flame Barrier"],"event_name":"Drug Dealer","player_choice":"Became Test Subject","floor":31.0,"gold_loss":0.0,"damage_taken":0.0,"cards_obtained":["Barricade","Feed"]},{"damage_healed":0.0,"max_hp_gain":0.0,"max_hp_loss":0.0,"gold_gain":0.0,"event_name":"Mysterious Sphere","player_choice":"Fight","floor":36.0,"gold_loss":0.0,"damage_taken":0.0},{"damage_healed":0.0,"max_hp_gain":0.0,"max_hp_loss":0.0,"gold_gain":0.0,"event_name":"WeMeetAgain","player_choice":"Gave Potion","floor":37.0,"gold_loss":0.0,"damage_taken":0.0,"relics_obtained":["Smiling Mask"]}],"is_beta":false,"boss_relics":[{"not_picked":["Philosopher\u0027s Stone","Astrolabe"],"picked":"Fusion Hammer"},{"not_picked":["SacredBark","Velvet Choker"],"picked":"Tiny House"}],"items_purged_floors":[20,45,48],"is_endless":false,"potions_floor_spawned":[2,3,8,10,16,19,21,27,36,39,42,44,47,54],"ascension_level":14}}