{"host":"l8lm1goh5xm9tkuw","time":1608380788,"event":{"mods":["Act Like it!","Alarm Clock","Astrologer","BaseMod","Colored Map","Colored Powertips","GungeonMod","Hermit","KomeijiMod","Library of Ruina","Library of Ruina Extra","Lobotomy","LobotomyExtend","Marisa£¨ìFÓê¡¡Ä§ÀíÉ³£©","Minty Spire (QoL Compilation)","MostiFishMod","Quick Restart","Replay The Spire","Shade Mod","StSLib","TestMod","The Animator","The Bug Knight","The Hierophant","UnlockEverythingMod","[IsaacMod]ÒÔÈö¼âËþ","vexMod","¡¾ÒÅÎï¿¨ÅÆ¡¿REMEMod"],"gold_per_floor":[119,126,139,153,176,212,267,280,333,382,401,170,170,190,190,293,293,300,313,313,328,728,761,378,392,418,429,456,482,499,509,509,544,544],"floor_reached":33,"playtime":1267,"items_purged":["HollowMod:NailStrikeStart","HollowMod:NailStrikeStart"],"score":526,"play_id":"ed738639-5ed9-4f0a-a169-a46644b50c72","local_time":"20201219202628","is_ascension_mode":false,"campfire_choices":[{"data":"HollowMod:HornetsHelp","floor":13,"key":"SMITH"},{"data":"HollowMod:CornifersMapStart","floor":15,"key":"SMITH"},{"floor":32,"key":"DIG"}],"circlet_count":0,"master_deck":["HollowMod:NailStrikeStart","HollowMod:NailStrikeStart","HollowMod:QuickDashStart","HollowMod:QuickDashStart","HollowMod:QuickDashStart","HollowMod:FocusHealStart","HollowMod:PogoStrike","HollowMod:VengefulVoid","HollowMod:AwokenDreamNail","HollowMod:DashSlash","HollowMod:CloakDash","HollowMod:HornetsHelp+1","HollowMod:CloakDash","HollowMod:CornifersMapStart+1","HollowMod:SoulSplash","HollowMod:PureVessel","HollowMod:HerrahsAnger","HollowMod:HuntersJournal","HollowMod:SoulStrike","HollowMod:HuntersJournal"],"relics":["HollowMod:VesselMask","testmod-TestBox","REME_ComplimentaryCards","HushsDoor","SalivaCoin","testmod-LifeArmor","ShadowXiaoBlade","Dream Catcher","Question Card","LetterFromLob","SynthV:C4","testmod-OneHitWonder","Pen Nib","Boot","PageOfTodaysShyLook","Lantern","ImportantClient","xbg","SatanicBible","GuppysPaw","GuppysHead","HonorFeather","Centennial Puzzle","PageOfScorchedGirl","Simple Rune","Anchor","testmod-Justice","Matryoshka"],"acts_visited":["Exordium","TheCity"],"potions_floor_usage":[7],"damage_taken":[{"damage":1.0,"enemies":"Jaw Worm","floor":1.0,"turns":2.0},{"damage":0.0,"enemies":"Cultist","floor":3.0,"turns":2.0},{"damage":0.0,"enemies":"Small Slimes","floor":4.0,"turns":2.0},{"damage":0.0,"enemies":"Gremlin Gang","floor":5.0,"turns":3.0},{"damage":0.0,"enemies":"Gremlin Nob","floor":6.0,"turns":3.0},{"damage":18,"enemies":"Hiden Room Battle","floor":7,"turns":4},{"damage":0,"enemies":"3 Louse","floor":8,"turns":1},{"damage":6,"enemies":"Lagavulin","floor":10,"turns":4},{"damage":0,"enemies":"Red Slaver","floor":11,"turns":1},{"damage":0,"enemies":"Looter","floor":14,"turns":2},{"damage":0,"enemies":"Slime Boss","floor":16,"turns":3},{"damage":0,"enemies":"Spheric Guardian","floor":18,"turns":3},{"damage":0,"enemies":"Spheric Guardian","floor":19,"turns":2},{"damage":0,"enemies":"3 Byrds","floor":21,"turns":2},{"damage":0,"enemies":"Book of Stabbing","floor":23,"turns":4},{"damage":0,"enemies":"Snecko","floor":25,"turns":2},{"damage":0,"enemies":"Shelled Parasite and Fungi","floor":27,"turns":2},{"damage":0,"enemies":"Replay:Snechameleon","floor":29,"turns":1},{"damage":0,"enemies":"Snake Plant","floor":30,"turns":1},{"damage":0,"enemies":"Centurion and Healer","floor":31,"turns":1},{"damage":0,"enemies":"RedHoodMercenary","floor":33,"turns":3}],"seed_played":"9080096594584765225","potions_obtained":[{"floor":4.0,"key":"LiquidBronze"},{"floor":5.0,"key":"AttackPotion"},{"floor":8,"key":"SmokeBomb"},{"floor":11,"key":"GamblersBrew"},{"floor":14,"key":"Fire Potion"}],"is_trial":false,"path_per_floor":["M","?","M","M","M","E","?","M","T","E","M","$","R","M","R","B",null,"M","M","?","M","?","E","$","M","T","M","T","E","M","M","R_BF","B"],"character_chosen":"THE_BUGKNIGHT","items_purchased":["Lantern","SatanicBible","GuppysPaw","GuppysHead","HollowMod:HerrahsAnger","PageOfScorchedGirl","Simple Rune","HollowMod:HuntersJournal"],"campfire_rested":0,"item_purchase_floors":[12,17,17,17,17,24,24,24],"current_hp_per_floor":[74,59,65,71,71,71,44,44,44,44,44,44,44,44,44,44,36,1,1,1,1,1,1,1,1,1,1,1,1,1,1,1,1,1],"gold":544,"neow_bonus":"RANDOM_COMMON_RELIC","is_daily":false,"chose_seed":false,"campfire_upgraded":2,"win_rate":0.0,"timestamp":1608380788,"path_taken":["M","?","?","M","M","E","?","M","T","E","M","$","R","M","R","BOSS","M","M","?","?","?","E","$","M","T","M","?","E","M","M","R_BF","BOSS"],"items_purchased_type":["Card","Relic","Relic","Relic","Card","Relic","Relic","Card"],"build_version":"2020-12-13","purchased_purges":2,"victory":false,"max_hp_per_floor":[75,75,75,75,75,75,75,75,75,75,75,75,75,75,75,75,36,1,1,1,1,1,1,1,1,1,1,1,1,1,1,1,1,1],"card_choices":[{"not_picked":["HollowMod:SoulVessel","HollowMod:GoodIntentions","HollowMod:DungDefenderAura"],"picked":"SKIP","floor":1.0},{"not_picked":["HollowMod:LifebloodCocoon","HollowMod:DesolateDive","HollowMod:SoulShaman"],"picked":"HollowMod:VengefulVoid","floor":3.0},{"not_picked":["HollowMod:SiblingsSouls","HollowMod:SoulSplash","Bomb","HollowMod:HeavyBlow"],"picked":"SKIP","floor":4.0},{"not_picked":["HollowMod:DungDefenderAura","Bomb","HollowMod:LifebloodCocoon"],"picked":"HollowMod:AwokenDreamNail","floor":5.0},{"not_picked":["HollowMod:PerfectDash","HollowMod:VengefulVoid","HollowMod:ShadowDash"],"picked":"HollowMod:DashSlash","floor":6.0},{"not_picked":["HollowMod:MonomonsArchive","HollowMod:HeavyBlow","HollowMod:InfectedAttack"],"picked":"HollowMod:CloakDash","floor":7},{"not_picked":["HollowMod:NewJinnsSoul","HollowMod:DescendingDark","HollowMod:SharpenedNail"],"picked":"HollowMod:HornetsHelp","floor":8},{"not_picked":["HollowMod:PerfectDash","HollowMod:WraithStrike","HollowMod:LuriensSpire"],"picked":"HollowMod:CloakDash","floor":10},{"not_picked":["HollowMod:FastStrike","HollowMod:TaintedHusks","HollowMod:QuirrelsAssistance"],"picked":"HollowMod:CornifersMapStart","floor":11},{"not_picked":["HollowMod:CloakDash","HollowMod:SharpenedNail","HollowMod:HowlingWraiths"],"picked":"HollowMod:SoulSplash","floor":14},{"not_picked":["HollowMod:HerrahsAnger","HollowMod:theNailsmith","HollowMod:LifebloodCore"],"picked":"HollowMod:PureVessel","floor":16},{"not_picked":["HollowMod:SoulStrike","HollowMod:QuirrelsAssistance","HollowMod:DungDefenderAura"],"picked":"HollowMod:HuntersJournal","floor":19},{"not_picked":["HollowMod:WraithStrike","HollowMod:BrokenVessel+1","HollowMod:GrimmsGift"],"picked":"HollowMod:SoulStrike","floor":21},{"not_picked":["HollowMod:MantisMark+1","HollowMod:RecoilStrike","HollowMod:GrimmsGift","HollowMod:SoulShaman+1"],"picked":"SKIP","floor":23},{"not_picked":["HollowMod:BlackTendrils+1","HollowMod:CycloneSlash+1","HollowMod:VengefulVoid","HollowMod:MothsMistake"],"picked":"SKIP","floor":25},{"not_picked":["HollowMod:DashSlash","HollowMod:CrystalDash","HollowMod:SiblingsSouls","HollowMod:Grubsong"],"picked":"SKIP","floor":27},{"not_picked":["HollowMod:SiblingsSouls","HollowMod:HeavyBlow","HollowMod:RecoilStrike","HollowMod:BrokenVessel"],"picked":"SKIP","floor":29},{"not_picked":["HollowMod:DoubleDash","HollowMod:SharpenedShadows","HollowMod:NewJinnsSoul+1","HollowMod:AbyssShriek"],"picked":"SKIP","floor":30},{"not_picked":["HollowMod:ChannelNail","HollowMod:MonarchWings+1","HollowMod:SoulVessel","HollowMod:WraithStrike"],"picked":"SKIP","floor":31}],"player_experience":335567,"relics_obtained":[{"floor":1.0,"key":"Question Card"},{"floor":1.0,"key":"LetterFromLob"},{"floor":6.0,"key":"testmod-OneHitWonder"},{"floor":7,"key":"Pen Nib"},{"floor":9,"key":"Boot"},{"floor":10,"key":"PageOfTodaysShyLook"},{"floor":16,"key":"ImportantClient"},{"floor":23,"key":"Centennial Puzzle"},{"floor":26,"key":"Anchor"},{"floor":29,"key":"testmod-Justice"},{"floor":32,"key":"Matryoshka"}],"event_choices":[{"damage_healed":0,"gold_gain":0,"player_choice":"Fight","damage_taken":0,"max_hp_gain":0,"max_hp_loss":0,"event_name":"HidenRoomEvent","floor":7,"gold_loss":0},{"damage_healed":0,"gold_gain":400,"player_choice":"Sell","damage_taken":0,"max_hp_gain":0,"max_hp_loss":0,"event_name":"¶÷ÂåË¹µÄÅÌ×Ó","floor":22,"relics_lost":["DaveBox"],"gold_loss":0}],"is_beta":false,"boss_relics":[{"not_picked":["ExusiaiGun","testmod-Temperance"],"picked":"xbg"},{"not_picked":[]}],"items_purged_floors":[12,17],"is_endless":false,"potions_floor_spawned":[4,5,8,11,14,18,25,27,31],"killed_by":"RedHoodMercenary","ascension_level":0}}