{"host":"mal0jdk4f6ubgyb8","time":1608351483,"event":{"mods":["BaseMod","KinomotoSakuraMod(木之本樱)","Koishi","LagranYue(拉格朗・月)","Luminous","Marisa（F雨　魔理沙）","Minty Spire (QoL Compilation)","Quick Restart","Reimu（博丽灵梦）","Relic Stats","Remilia（蕾米莉亚）","StSLib","The Animator","The Senshi","TheWitcher","WarShipGirlsR/战舰少女R mod","Youmu（魂魄妖梦）","Yuri Mod","Yuyuko","【东方二次创作】八云紫mod"],"gold_per_floor":[109,127,137,155,175,186,186,206,232,242,274,290,327,327,327,435,444,469,495,495,495,495,495,534,534,587,620,658,670,734,775,787,907,919,953,965,438,495,515,557,557,585,659,659,88,106,133,184,184,184,184,184,41,76,76],"floor_reached":56,"playtime":6109,"items_purged":["Strike_YM+1","Strike_YM+1"],"score":1361,"play_id":"dcc60c1a-5302-45f6-9095-8cb24ee9e5e1","local_time":"20201219121803","is_ascension_mode":false,"campfire_choices":[{"data":"SlashOfDelusionalInnerEye","floor":7.0,"key":"SMITH"},{"floor":15.0,"key":"REST"},{"data":"BizarrenessOfSixRealms","floor":23.0,"key":"SMITH"},{"floor":25.0,"key":"RECALL"},{"data":"HeartExcerptSlash","floor":29.0,"key":"SMITH"},{"data":"FastingOfTheYoungPreta","floor":32.0,"key":"SMITH"},{"data":"BloodOfAsura","floor":41.0,"key":"SMITH"},{"data":"Koishi:SilentAndRestless","floor":44.0,"key":"SMITH"},{"data":"PreachingAvici","floor":49.0,"key":"SMITH"},{"data":"ObsessionSword","floor":52.0,"key":"SMITH"}],"circlet_count":0,"master_deck":["Strike_YM+1","Defend_YM+1","Defend_YM+1","Defend_YM+1","Defend_YM+1","SlashOfPresentWorld","WheelOfPainOfLivingAndDead","FlashingScatteredFlowers","BloodOfAsura+1","BizarrenessOfSixRealms+1","SwordExtraction","SlashOfDelusionalInnerEye+1","EchoesOfTheInclemencyOfAllBeings","HeavenlyHaloSlash","FastingOfTheYoungPreta+1","ObsessionSword+1","SlashOfTheEternalFuture","MatsuyoiReflectingSatelliteSlash","CurseOfTheBell","HumanKnowledgeSword","GhostSword","EchoesOfTheInclemencyOfAllBeings","HeartExcerptSlash+1","HellGodSword+1","PhosphoricSlash","HellRealmSword","TwoHundredYojanaInOneSlash+1","HellFireSword","Sadistic Nature","Koishi:SubconsciousSweep+1","Luminous:Mana_Well_Luminous+1","Koishi:SilentAndRestless+1","Singularity+1","Panache","PreachingAvici+1","Madness","Madness","yuri:Stare+1","Koishi:PhantomBarrier+1","TwelveNightmare+1"],"relics":["HalfPhantom","LagranYue:RandomDrawCardRelic","NeowsBlessing","Whetstone","CeramicFish","Calling Bell","Regal Pillow","PureWhite:ReiMu","Hakurouken","Enchiridion","MutagenicStrength","MealTicket","MawBank","RuthlessExorcism:ReiMu","Philosopher\u0027s Stone","Lantern","PrismaticShard","Calipers","Ancient Tea Set","Mercury Hourglass","Roukanken","Membership Card","Ornamental Fan","CatCart","Orrery","Bottled Tornado"],"acts_visited":["Exordium","TheCity","TheBeyond","TheEnding"],"potions_floor_usage":[55,55,55,55,55,55,55,55],"damage_taken":[{"damage":0.0,"enemies":"Small Slimes","floor":1.0,"turns":1.0},{"damage":0.0,"enemies":"Jaw Worm","floor":2.0,"turns":1.0},{"damage":0.0,"enemies":"2 Louse","floor":3.0,"turns":2.0},{"damage":7.0,"enemies":"Looter","floor":4.0,"turns":4.0},{"damage":13.0,"enemies":"Exordium Thugs","floor":5.0,"turns":5.0},{"damage":15.0,"enemies":"Large Slime","floor":6.0,"turns":5.0},{"damage":7.0,"enemies":"Blue Slaver","floor":8.0,"turns":2.0},{"damage":6.0,"enemies":"Exordium Wildlife","floor":10.0,"turns":4.0},{"damage":5.0,"enemies":"Lagavulin","floor":11.0,"turns":3.0},{"damage":3.0,"enemies":"Exordium Thugs","floor":12.0,"turns":2.0},{"damage":1.0,"enemies":"3 Sentries","floor":13.0,"turns":3.0},{"damage":31.0,"enemies":"The Guardian","floor":16.0,"turns":12.0},{"damage":18.0,"enemies":"2 Thieves","floor":18.0,"turns":3.0},{"damage":0.0,"enemies":"Spheric Guardian","floor":19.0,"turns":3.0},{"damage":5.0,"enemies":"Gremlin Leader","floor":24.0,"turns":5.0},{"damage":13.0,"enemies":"Snecko","floor":27.0,"turns":3.0},{"damage":0.0,"enemies":"Centurion and Healer","floor":28.0,"turns":2.0},{"damage":3.0,"enemies":"3 Cultists","floor":31.0,"turns":2.0},{"damage":3.0,"enemies":"Collector","floor":33.0,"turns":6.0},{"damage":0.0,"enemies":"Orb Walker","floor":35.0,"turns":1.0},{"damage":0.0,"enemies":"2 Orb Walkers","floor":38.0,"turns":1.0},{"damage":0.0,"enemies":"3 Darklings","floor":39.0,"turns":3.0},{"damage":39.0,"enemies":"Nemesis","floor":40.0,"turns":3.0},{"damage":0.0,"enemies":"Maw","floor":42.0,"turns":4.0},{"damage":0.0,"enemies":"Mind Bloom Boss Battle","floor":45.0,"turns":3.0},{"damage":0.0,"enemies":"Jaw Worm Horde","floor":47.0,"turns":1.0},{"damage":0.0,"enemies":"Orin","floor":48.0,"turns":3.0},{"damage":3.0,"enemies":"Donu and Deca","floor":50.0,"turns":4.0},{"damage":4.0,"enemies":"Shield and Spear","floor":54.0,"turns":4.0},{"damage":7,"enemies":"The Heart","floor":55,"turns":5}],"seed_played":"-903683599320207134","potions_obtained":[{"floor":2.0,"key":"LiquidMemories"},{"floor":3.0,"key":"BlessingOfTheForge"},{"floor":4.0,"key":"BlessingOfTheForge"},{"floor":12.0,"key":"PowerPotion"},{"floor":16.0,"key":"Explosive Potion"},{"floor":19.0,"key":"Fruit Juice"},{"floor":27.0,"key":"ZuzhouPotion:ReiMu"},{"floor":31.0,"key":"SteroidPotion"},{"floor":35.0,"key":"LiquidMemories"},{"floor":39.0,"key":"Dexterity Potion"},{"floor":40.0,"key":"EssenceOfSteel"},{"floor":48.0,"key":"ColorlessPotion"},{"floor":54.0,"key":"EntropicBrew"}],"is_trial":false,"path_per_floor":["M","M","M","M","M","M","R","M","T","M","E","M","E","?","R","B",null,"M","M","?","?","?","R","E","R","T","M","M","R","T","M","R","B",null,"M","?","$","?","M","E","R","M","T","R","?","?","M","?","R","B",null,"R","$","E","B",null],"character_chosen":"YOUMU","items_purchased":["Lantern","HellFireSword","Sadistic Nature","PrismaticShard","Roukanken","Membership Card","Ornamental Fan","Panache","PreachingAvici","Orrery","Strength Potion"],"campfire_rested":1,"item_purchase_floors":[37,37,37,37,45,45,45,45,45,53,53],"current_hp_per_floor":[75,75,75,68,55,40,40,33,33,27,22,19,18,11,33,2,75,57,62,62,46,46,46,41,41,41,28,28,28,28,25,25,22,80,80,80,80,80,80,41,41,41,41,41,41,31,31,31,31,28,80,80,80,76,69],"gold":76,"neow_bonus":"THREE_ENEMY_KILL","is_daily":false,"chose_seed":false,"campfire_upgraded":8,"win_rate":0.0,"timestamp":1608351483,"path_taken":["M","M","M","M","M","M","R","M","T","M","E","M","E","?","R","BOSS","M","M","?","?","?","R","E","R","T","M","M","R","?","M","R","BOSS","M","?","$","?","M","E","R","M","T","R","?","?","M","?","R","BOSS","R","$","E","BOSS"],"items_purchased_type":["Relic","Card","Card","Relic","Relic","Relic","Relic","Card","Card","Relic","Potion"],"build_version":"2020-12-13","purchased_purges":2,"victory":true,"max_hp_per_floor":[75,75,75,75,75,75,75,75,75,75,75,75,75,75,75,75,75,75,80,80,80,80,80,80,80,80,80,80,80,80,80,80,80,80,80,80,80,80,80,80,80,80,80,80,80,80,80,80,80,80,80,80,80,80,80],"relic_stats":{"Regal Pillow":0,"counters":[30,100],"Ornamental Fan":[52],"CeramicFish":216,"MealTicket":0,"Whetstone":["Strike_YM","Strike_YM"],"MawBank":132,"obtain_stats":[{"Regal Pillow":17,"Lantern":37,"Calipers":38,"LagranYue:RandomDrawCardRelic":0,"CeramicFish":13,"Enchiridion":21,"HalfPhantom":0,"Whetstone":11,"Bottled Tornado":54,"PrismaticShard":37,"Ancient Tea Set":40,"MealTicket":24,"Philosopher\u0027s Stone":34,"Roukanken":45,"NeowsBlessing":0,"MawBank":26,"Mercury Hourglass":43,"Calling Bell":17,"PureWhite:ReiMu":17,"Ornamental Fan":45,"MutagenicStrength":22,"Hakurouken":17,"Orrery":53,"Membership Card":45,"CatCart":48,"RuthlessExorcism:ReiMu":30},{"Regal Pillow":12,"Lantern":20,"Calipers":21,"LagranYue:RandomDrawCardRelic":0,"CeramicFish":11,"Enchiridion":14,"HalfPhantom":0,"Whetstone":9,"Bottled Tornado":29,"PrismaticShard":20,"Ancient Tea Set":23,"MealTicket":15,"Philosopher\u0027s Stone":19,"Roukanken":25,"NeowsBlessing":0,"MawBank":15,"Mercury Hourglass":24,"Calling Bell":12,"PureWhite:ReiMu":12,"Ornamental Fan":25,"MutagenicStrength":14,"Hakurouken":12,"Orrery":28,"Membership Card":25,"CatCart":27,"RuthlessExorcism:ReiMu":17},{"Regal Pillow":44,"Lantern":69,"Calipers":70,"LagranYue:RandomDrawCardRelic":0,"CeramicFish":32,"Enchiridion":50,"HalfPhantom":0,"Whetstone":27,"Bottled Tornado":95,"PrismaticShard":69,"Ancient Tea Set":76,"MealTicket":55,"Philosopher\u0027s Stone":68,"Roukanken":83,"NeowsBlessing":0,"MawBank":55,"Mercury Hourglass":80,"Calling Bell":44,"PureWhite:ReiMu":44,"Ornamental Fan":83,"MutagenicStrength":50,"Hakurouken":44,"Orrery":91,"Membership Card":83,"CatCart":87,"RuthlessExorcism:ReiMu":60}],"Mercury Hourglass":[84]},"card_choices":[{"not_picked":["SlashOfMeditation","LightFlashOfTheNetherworld"],"picked":"FlashingScatteredFlowers","floor":1.0},{"not_picked":["TwoHundredYojanaInOneSlash","SwordExtraction"],"picked":"BloodOfAsura","floor":2.0},{"not_picked":["TwoHundredYojanaInOneSlash","HellGodSword"],"picked":"BizarrenessOfSixRealms","floor":3.0},{"not_picked":["SanzenSekai","SwordExtraction","LowerRealmReflectionSlash"],"picked":"SKIP","floor":4.0},{"not_picked":["SanzenSekai","LowerRealmReflectionSlash"],"picked":"SwordExtraction","floor":4.0},{"not_picked":["RapidSlash","TwoHundredYojanaInOneSlash"],"picked":"SlashOfDelusionalInnerEye","floor":5.0},{"not_picked":["TwoHundredYojanaInOneSlash","FantasyOfEnteringEnlightenment","ConstancyOfTheConventionalTruth"],"picked":"SKIP","floor":6.0},{"not_picked":["FlashingScatteredFlowers","SpiritCuttingSword"],"picked":"EchoesOfTheInclemencyOfAllBeings","floor":8.0},{"not_picked":["CherryBlossomFlashing","FlashingScatteredFlowers"],"picked":"HeavenlyHaloSlash","floor":10.0},{"not_picked":["LifeCuttingSword","LotusPostureSlash"],"picked":"FastingOfTheYoungPreta","floor":11.0},{"not_picked":["BizarrenessOfSixRealms","LifeCuttingSword"],"picked":"ObsessionSword","floor":12.0},{"not_picked":["CherryBlossomFlashing","LifeCuttingSword"],"picked":"SlashOfTheEternalFuture","floor":13.0},{"not_picked":["DeadlyForm","HeavenGodSword"],"picked":"MatsuyoiReflectingSatelliteSlash","floor":16.0},{"not_picked":["FourBirthsSword","SwordOfBindingDesires"],"picked":"HumanKnowledgeSword","floor":18.0},{"not_picked":["SpiritCuttingSword","ConstancyOfTheConventionalTruth"],"picked":"GhostSword","floor":19.0},{"not_picked":["SlashOfMeditation+1","SanzenSekai"],"picked":"EchoesOfTheInclemencyOfAllBeings","floor":24.0},{"not_picked":["ConstancyOfTheConventionalTruth","SlashOfMeditation"],"picked":"HeartExcerptSlash","floor":27.0},{"not_picked":["SanzenSekai","LifeCuttingSword+1"],"picked":"HellGodSword+1","floor":28.0},{"not_picked":["HeartExcerptSlash","DispleasureOfTheSevenHakus"],"picked":"PhosphoricSlash","floor":31.0},{"not_picked":["GreatEnlightenmentAppearingAndDisappearing","FastingOfTheYoungPreta"],"picked":"HellRealmSword","floor":33.0},{"not_picked":["LowerRealmReflectionSlash+1","SwordOfBindingDesires"],"picked":"TwoHundredYojanaInOneSlash+1","floor":35.0},{"not_picked":["ClowCardTheWood","Hemokinesis"],"picked":"Koishi:SubconsciousSweep+1","floor":38.0},{"not_picked":["Anger","MagicChant+1"],"picked":"Luminous:Mana_Well_Luminous+1","floor":39.0},{"not_picked":["Become Phantom","Luminous:Dark_Morning_Star+1"],"picked":"Koishi:SilentAndRestless","floor":40.0},{"not_picked":["Stack","Realm_recovery_purpleEX"],"picked":"Singularity+1","floor":42.0},{"not_picked":["SnafuTest:MCPlayGwent","SnafuTest:SpellArcaneDomain+1"],"picked":"yuri:Stare+1","floor":47.0},{"not_picked":["EmptyBody+1","animator:DolaRiku"],"picked":"Koishi:PhantomBarrier+1","floor":53.0},{"not_picked":["Float on Moon","Luminous:Abyss_Heart_Luminous+1"],"picked":"TwelveNightmare+1","floor":54.0}],"player_experience":235525,"relics_obtained":[{"floor":11.0,"key":"Whetstone"},{"floor":13.0,"key":"CeramicFish"},{"floor":17.0,"key":"Regal Pillow"},{"floor":17.0,"key":"PureWhite:ReiMu"},{"floor":17.0,"key":"Hakurouken"},{"floor":21.0,"key":"Enchiridion"},{"floor":24.0,"key":"MealTicket"},{"floor":26.0,"key":"MawBank"},{"floor":30.0,"key":"RuthlessExorcism:ReiMu"},{"floor":38.0,"key":"Calipers"},{"floor":40.0,"key":"Ancient Tea Set"},{"floor":43.0,"key":"Mercury Hourglass"},{"floor":48.0,"key":"CatCart"},{"floor":54.0,"key":"Bottled Tornado"}],"event_choices":[{"cards_removed":["Strike_YM"],"damage_healed":0.0,"max_hp_gain":0.0,"max_hp_loss":0.0,"gold_gain":0.0,"event_name":"Golden Wing","player_choice":"Card Removal","floor":14.0,"gold_loss":0.0,"damage_taken":7.0},{"damage_healed":0.0,"max_hp_gain":0.0,"max_hp_loss":0.0,"gold_gain":0.0,"event_name":"Back to Basics","player_choice":"Simplicity","floor":20.0,"gold_loss":0.0,"damage_taken":0.0,"cards_upgraded":["Strike_YM","Defend_YM","Defend_YM","Defend_YM","Defend_YM"]},{"damage_healed":0.0,"max_hp_gain":0.0,"max_hp_loss":0.0,"gold_gain":0.0,"event_name":"Cursed Tome","player_choice":"Obtained Book","floor":21.0,"gold_loss":0.0,"damage_taken":16.0},{"damage_healed":0.0,"max_hp_gain":0.0,"max_hp_loss":0.0,"gold_gain":0.0,"event_name":"Drug Dealer","player_choice":"Inject Mutagens","floor":22.0,"gold_loss":0.0,"damage_taken":0.0,"relics_obtained":["MutagenicStrength"]},{"damage_healed":0.0,"max_hp_gain":0.0,"max_hp_loss":0.0,"gold_gain":0.0,"event_name":"Tomb of Lord Red Mask","player_choice":"Ignored","floor":36.0,"gold_loss":0.0,"damage_taken":0.0},{"damage_healed":0.0,"max_hp_gain":0.0,"max_hp_loss":0.0,"gold_gain":0.0,"event_name":"Mysterious Sphere","player_choice":"Fight","floor":38.0,"gold_loss":0.0,"damage_taken":0.0},{"damage_healed":0.0,"max_hp_gain":0.0,"max_hp_loss":0.0,"gold_gain":0.0,"event_name":"MindBloom","player_choice":"Fight","floor":45.0,"gold_loss":0.0,"damage_taken":0.0},{"damage_healed":0.0,"max_hp_gain":0.0,"max_hp_loss":0.0,"gold_gain":0.0,"event_name":"Winding Halls","player_choice":"Embrace Madness","floor":46.0,"gold_loss":0.0,"damage_taken":10.0,"cards_obtained":["Madness","Madness"]},{"damage_healed":0.0,"max_hp_gain":0.0,"max_hp_loss":0.0,"gold_gain":0.0,"event_name":"OrinTheCat","player_choice":"Fight","floor":48.0,"gold_loss":0.0,"damage_taken":0.0}],"is_beta":false,"boss_relics":[{"not_picked":["Snecko Eye","Velvet Choker"],"picked":"Calling Bell"},{"not_picked":["Astrolabe","RedLine:ReiMu"],"picked":"Philosopher\u0027s Stone"}],"items_purged_floors":[45,53],"is_endless":false,"potions_floor_spawned":[2,3,4,12,16,19,27,31,35,39,40,48,54],"ascension_level":0}}