{"host":"i9wanet4r0ff4t9y","time":1608386807,"event":{"mods":["2.2 Compatiblity","Act Like it!","BaseMod","Bestiary","Better Altar","Better Match","Better Note","Better Sensory Stone","Better Skull","Better Third Choice","Better Vampires","BetterRewards","CapriCore","Curses Come First","Downfall","Minty Spire (QoL Compilation)","Quick Restart","READ ME - Guardian Mod","READ ME - Snecko Mod","Relic Stats","Replay The Spire","Say the Spire","Spicy Shops","StSLib","The Disciple","Waifu the Spire"],"gold_per_floor":[99,115,20,48,76,101,127,186,196,238,273,314,345,375,424,543,552,552,600,627,827,827,752,775,801,726,772,813,846,124,157,211,211,211],"floor_reached":33,"playtime":2312,"items_purged":[],"score":412,"play_id":"7ec28f44-e6f5-41f2-843a-566b9fefc0a2","local_time":"20201219150647","is_ascension_mode":false,"campfire_choices":[{"floor":1,"key":"DIG"},{"floor":18,"key":"RECALL"},{"floor":23,"key":"REST"},{"data":"hexamod:ApocalypticArmor","floor":26,"key":"SMITH"}],"circlet_count":0,"master_deck":["hexamod:Strike","hexamod:Strike","hexamod:Strike","hexamod:Strike","hexamod:Defend","hexamod:Defend","hexamod:Defend","hexamod:Defend","hexamod:Sear","hexamod:Float","hexamod:SecondSeal","hexamod:ThirdSeal","hexamod:EtherealExpedition","hexamod:ThermalTransfer","hexamod:GhostOfSpirePresent","hexamod:SwordOfDarkness","hexamod:StepThrough","hexamod:FourthSeal","hexamod:VolcanoVisage","ReplayTheSpireMod:Splinters","hexamod:StepThrough","hexamod:BurningTouch","hexamod:HeatMetal","hexamod:SwordOfDarkness","hexamod:StepThrough","hexamod:HauntingEcho","hexamod:StepThrough","hexamod:ThermalTransfer","hexamod:SecondSeal","hexamod:ShieldOfDarkness","hexamod:ChargedBarrage","hexamod:EmpoweringStance+1","hexamod:WildfireWeapon","CurseOfTheBell","hexamod:ApocalypticArmor+1","hexamod:BurningTouch","hexamod:SoulSteal","hexamod:SkipABeat+1","hexamod:PhantomCloak","hexamod:AdvancingGuard","hexamod:SuperheatedStrike","hexamod:FifthSeal","hexamod:FirstSeal","hexamod:SpectralSpark+1","Panacea","hexamod:UnlimitedPower","hexamod:GhostOfSpirePast+1","hexamod:DynamicBlow","hexamod:NightmareStrike","hexamod:FifthSeal","hexamod:SkipABeat+1","hexamod:SixthSeal","hexamod:Incineration","hexamod:SuperheatedStrike+1"],"relics":["hexamod:SpiritBrand","FossilizedHelix","Oddly Smooth Stone","MealTicket","Pet Ghost","Replay:Baseball","CeramicFish","Calling Bell","Replay:Wax Seal","ReplayTheSpireMod:Ninjato","Girya","downfall:HeartBlessingRed","downfall:HeartBlessingBlue","Replay:Arrowhead","Membership Card","hexamod:MatchstickCase","Frozen Egg 2","Shuriken","HandDrill"],"acts_visited":["Exordium","TheCity"],"potions_floor_usage":[10,10,12,12,12,12,13,15,16,16,25,27,28,32],"damage_taken":[{"damage":0,"enemies":"2 Louse","floor":2,"turns":2},{"damage":8,"enemies":"downfall:FleeingMerchant","floor":3,"turns":4},{"damage":0,"enemies":"Jaw Worm","floor":4,"turns":4},{"damage":0,"enemies":"Cultist","floor":5,"turns":3},{"damage":19,"enemies":"Lagavulin","floor":6,"turns":6},{"damage":0,"enemies":"2 Fungi Beasts","floor":9,"turns":3},{"damage":0,"enemies":"Replay:BlueRogue","floor":10,"turns":5},{"damage":0,"enemies":"Exordium Wildlife","floor":11,"turns":3},{"damage":0,"enemies":"Large Slime","floor":12,"turns":5},{"damage":0,"enemies":"Gremlin Gang","floor":13,"turns":3},{"damage":0,"enemies":"Blue Slaver","floor":14,"turns":4},{"damage":0,"enemies":"2 Fungi Beasts","floor":15,"turns":5},{"damage":19,"enemies":"downfall:Defect","floor":16,"turns":6},{"damage":29,"enemies":"3 Byrds","floor":19,"turns":6},{"damage":5,"enemies":"Shell Parasite","floor":20,"turns":6},{"damage":0,"enemies":"Centurion and Healer","floor":25,"turns":4},{"damage":42,"enemies":"Slavers","floor":27,"turns":6},{"damage":0,"enemies":"Cultist and Chosen","floor":28,"turns":7},{"damage":6,"enemies":"Snake Plant","floor":29,"turns":3},{"damage":12,"enemies":"downfall:FleeingMerchant","floor":30,"turns":4},{"damage":6,"enemies":"3 Cultists","floor":31,"turns":3},{"damage":13,"enemies":"Snecko","floor":32,"turns":5},{"damage":6,"enemies":"downfall:Silent","floor":33,"turns":1}],"seed_played":"-1323394535530797901","potions_obtained":[{"floor":6,"key":"Flashbang"},{"floor":6,"key":"sneckomod:MuddlingPotion"},{"floor":8,"key":"Block Potion"},{"floor":8,"key":"EssenceOfSteel"},{"floor":9,"key":"EntropicBrew"},{"floor":10,"key":"SpeedPotion"},{"floor":11,"key":"ColorlessPotion"},{"floor":12,"key":"Adrenaline Potion"},{"floor":14,"key":"Venom Potion"},{"floor":15,"key":"Cursed Concoction"},{"floor":19,"key":"Energy Potion"},{"floor":25,"key":"Block Potion"},{"floor":27,"key":"hexamod:DoubleChargePotion"},{"floor":31,"key":"SteroidPotion"}],"is_trial":false,"path_per_floor":["R","M","$","M","M","E","T","?","M","E","M","M","M","M","M","B",null,"R","M","M","?","?","R","T","M","R","E","M","M","$","M","M","B"],"character_chosen":"THE_SPIRIT","items_purchased":["hexamod:EtherealExpedition","hexamod:ThermalTransfer","Membership Card","hexamod:MatchstickCase","Frozen Egg 2","Shuriken","HandDrill","Panacea","hexamod:UnlimitedPower","hexamod:GhostOfSpirePast+1","hexamod:DynamicBlow","hexamod:NightmareStrike"],"campfire_rested":1,"item_purchase_floors":[3,3,30,30,30,30,30,30,30,30,30,30],"current_hp_per_floor":[49,49,41,41,41,22,22,22,22,22,22,22,22,22,22,3,70,70,41,36,36,28,49,49,49,59,17,17,11,14,15,2,0,0],"gold":211,"neow_bonus":"ONE_RARE_RELIC","is_daily":false,"chose_seed":false,"campfire_upgraded":1,"win_rate":0.0,"timestamp":1608386807,"path_taken":["R","M","$","M","M","E","T","?","M","E","M","?","M","M","M","BOSS","R","M","M","?","?","R","T","M","R","E","M","?","$","M","M","BOSS"],"items_purchased_type":["Card","Card","Relic","Relic","Relic","Relic","Relic","Card","Card","Card","Card","Card"],"build_version":"2020-12-13","purchased_purges":0,"victory":false,"max_hp_per_floor":[70,70,70,70,70,70,70,70,70,70,70,70,70,70,70,70,70,70,70,70,70,70,70,70,70,80,80,80,80,80,80,80,80,80],"relic_stats":{"counters":[23,98],"Shuriken":[2],"CeramicFish":279,"MealTicket":15,"HandDrill":[0],"obtain_stats":[{"Girya":17,"ReplayTheSpireMod:Ninjato":17,"downfall:HeartBlessingRed":23,"CeramicFish":10,"Oddly Smooth Stone":1,"Frozen Egg 2":30,"Pet Ghost":7,"Replay:Arrowhead":27,"hexamod:MatchstickCase":30,"Calling Bell":17,"Replay:Baseball":8,"downfall:HeartBlessingBlue":26,"Shuriken":30,"MealTicket":6,"HandDrill":30,"Membership Card":30,"Replay:Wax Seal":17,"hexamod:SpiritBrand":0,"FossilizedHelix":0},{"Girya":13,"ReplayTheSpireMod:Ninjato":13,"downfall:HeartBlessingRed":15,"CeramicFish":7,"Oddly Smooth Stone":0,"Frozen Egg 2":20,"Pet Ghost":5,"Replay:Arrowhead":17,"hexamod:MatchstickCase":20,"Calling Bell":13,"Replay:Baseball":5,"downfall:HeartBlessingBlue":16,"Shuriken":20,"MealTicket":5,"HandDrill":20,"Membership Card":20,"Replay:Wax Seal":13,"hexamod:SpiritBrand":0,"FossilizedHelix":0},{"Girya":53,"ReplayTheSpireMod:Ninjato":53,"downfall:HeartBlessingRed":65,"CeramicFish":27,"Oddly Smooth Stone":0,"Frozen Egg 2":89,"Pet Ghost":19,"Replay:Arrowhead":75,"hexamod:MatchstickCase":89,"Calling Bell":53,"Replay:Baseball":19,"downfall:HeartBlessingBlue":69,"Shuriken":89,"MealTicket":19,"HandDrill":89,"Membership Card":89,"Replay:Wax Seal":53,"hexamod:SpiritBrand":0,"FossilizedHelix":0}]},"card_choices":[{"not_picked":["hexamod:BurningTouch","hexamod:RecurringNightmare"],"picked":"hexamod:SecondSeal","floor":2},{"not_picked":["hexamod:SuperheatedStrike","hexamod:ThermalTransfer"],"picked":"hexamod:ThirdSeal","floor":3},{"not_picked":["hexamod:FastForward","hexamod:BurningTouch"],"picked":"hexamod:GhostOfSpirePresent","floor":4},{"not_picked":["hexamod:Again","hexamod:RecurringNightmare"],"picked":"hexamod:SwordOfDarkness","floor":4},{"not_picked":["hexamod:GhostOfSpirePast","hexamod:Haunt"],"picked":"hexamod:StepThrough","floor":5},{"not_picked":["hexamod:NightmareGuise","hexamod:AdvancingGuard"],"picked":"hexamod:FourthSeal","floor":5},{"not_picked":["hexamod:GhostLash","hexamod:UnleashSpirits"],"picked":"hexamod:VolcanoVisage","floor":6},{"not_picked":["hexamod:HauntingEcho","hexamod:Rewind"],"picked":"hexamod:StepThrough","floor":8},{"not_picked":["hexamod:SwordOfDarkness","hexamod:ShieldOfDarkness"],"picked":"hexamod:BurningTouch","floor":9},{"not_picked":["hexamod:Rewind","hexamod:GhostShield"],"picked":"hexamod:HeatMetal","floor":10},{"not_picked":["hexamod:HauntingEcho","hexamod:AdvancingGuard"],"picked":"hexamod:SwordOfDarkness","floor":10},{"not_picked":["hexamod:ThermalTransfer","hexamod:RainOfEmbers"],"picked":"hexamod:StepThrough","floor":11},{"not_picked":["hexamod:RetreatToShadows","hexamod:GhostLash"],"picked":"hexamod:HauntingEcho","floor":11},{"not_picked":["hexamod:NightmareGuise","hexamod:ApocalypseNow"],"picked":"hexamod:StepThrough","floor":12},{"not_picked":["hexamod:SkipABeat","hexamod:BacktrackSmack"],"picked":"hexamod:ThermalTransfer","floor":12},{"not_picked":["hexamod:EtherealExpedition","hexamod:GhostOfSpirePresent"],"picked":"hexamod:SecondSeal","floor":13},{"not_picked":["hexamod:FastForward","hexamod:NightmareStrike"],"picked":"hexamod:ShieldOfDarkness","floor":14},{"not_picked":["hexamod:Hexaguard","hexamod:Haunt"],"picked":"hexamod:ChargedBarrage","floor":15},{"not_picked":["hexamod:BurningTouch","hexamod:InspiringFlames"],"picked":"hexamod:EmpoweringStance","floor":15},{"not_picked":["hexamod:UnleashSpirits","hexamod:Toasty"],"picked":"hexamod:WildfireWeapon","floor":16},{"not_picked":["hexamod:RainOfEmbers","hexamod:AdvancingGuard+1"],"picked":"hexamod:ApocalypticArmor","floor":19},{"not_picked":["hexamod:HauntingEcho","hexamod:RecurringNightmare"],"picked":"hexamod:BurningTouch","floor":19},{"not_picked":["hexamod:NecessarySacrifice","hexamod:SecondSeal"],"picked":"hexamod:SoulSteal","floor":20},{"not_picked":["hexamod:Haunt+1","hexamod:Firestarter"],"picked":"hexamod:SkipABeat+1","floor":25},{"not_picked":["hexamod:StepThrough","hexamod:NightmareStrike"],"picked":"hexamod:PhantomCloak","floor":27},{"not_picked":["hexamod:InspiringFlames","hexamod:NightmareStrike"],"picked":"hexamod:AdvancingGuard","floor":28},{"not_picked":["hexamod:EtherealExpedition","hexamod:SwordOfDarkness+1"],"picked":"hexamod:SuperheatedStrike","floor":29},{"not_picked":["hexamod:AdvancingGuard+1","hexamod:RecurringNightmare"],"picked":"hexamod:FifthSeal","floor":29},{"not_picked":["hexamod:ThirdSeal","hexamod:FourthSeal"],"picked":"hexamod:FirstSeal","floor":30},{"not_picked":["hexamod:FastForward","hexamod:SpectersWail"],"picked":"hexamod:SpectralSpark+1","floor":30},{"not_picked":["hexamod:ThermalTransfer","hexamod:PhantomCloak+1"],"picked":"hexamod:FifthSeal","floor":31},{"not_picked":["hexamod:GhostLash+1","hexamod:ThermalTransfer"],"picked":"hexamod:SkipABeat+1","floor":31},{"not_picked":["hexamod:FirstSeal","hexamod:FourthSeal"],"picked":"hexamod:SixthSeal","floor":32},{"not_picked":["hexamod:SpectersWail+1","hexamod:BacktrackSmack"],"picked":"hexamod:Incineration","floor":32},{"not_picked":["hexamod:GhostOfSpirePast+1","hexamod:BurningTouch"],"picked":"hexamod:SuperheatedStrike+1","floor":32}],"player_experience":376270,"relics_obtained":[{"floor":1,"key":"Oddly Smooth Stone"},{"floor":6,"key":"MealTicket"},{"floor":7,"key":"Pet Ghost"},{"floor":8,"key":"Replay:Baseball"},{"floor":10,"key":"CeramicFish"},{"floor":17,"key":"Replay:Wax Seal"},{"floor":17,"key":"ReplayTheSpireMod:Ninjato"},{"floor":17,"key":"Girya"},{"floor":27,"key":"Replay:Arrowhead"}],"event_choices":[],"is_beta":false,"boss_relics":[{"not_picked":["Replay:Bronze Core","Ectoplasm"],"picked":"Calling Bell"}],"items_purged_floors":[],"is_endless":false,"potions_floor_spawned":[6,9,10,11,12,15,19,25,27,31],"killed_by":"downfall:Silent","ascension_level":0}}