{"host":"qrlp59d4kykmw4mt","time":1608354446,"event":{"mods":["Act Like it!","BaseMod","Colored Map","Downfall","Friendly Minions","Highlight Path","Minty Spire (QoL Compilation)","Permanent Neow","Random Character Button","Rare Cards Sparkle","SacredBarkPlus","StSLib","SuperFastMode","everything is the same but u backflip on backflip"],"gold_per_floor":[99,9,28,28,28,47,47,66,66,99,111,111,111,125,145,145,145],"floor_reached":16,"playtime":570,"items_purged":[],"score":102,"play_id":"ab6ae4ee-031d-4642-85b0-af2b020fc0b9","local_time":"20201219000726","is_ascension_mode":false,"campfire_choices":[{"floor":1,"key":"RECALL"}],"circlet_count":0,"master_deck":["Guardian:Strike_Guardian+1","Guardian:Strike_Guardian","Guardian:Strike_Guardian","Guardian:Strike_Guardian","Guardian:Defend_Guardian","Guardian:Defend_Guardian","Guardian:Defend_Guardian+1","Guardian:Defend_Guardian+1","Guardian:CurlUp","Guardian:TwinSlam+1","Guardian:DonusPower","Guardian:ChargeUp","Regret","Guardian:Gem_Synthetic","Guardian:Gem_Red","Guardian:Gem_White","Guardian:Gem_Red","Guardian:Gem_Crimson","Guardian:Reroute","Guardian:WalkerClaw","Guardian:WalkerClaw"],"relics":["Guardian:ModeShifter","Guardian:PickAxe","Letter Opener","Unceasing Top"],"acts_visited":["Exordium"],"potions_floor_usage":[14,16,16,16],"damage_taken":[{"damage":0,"enemies":"downfall:FleeingMerchant","floor":2,"turns":4},{"damage":0,"enemies":"Small Slimes","floor":3,"turns":3},{"damage":0,"enemies":"2 Louse","floor":6,"turns":2},{"damage":2,"enemies":"Cultist","floor":8,"turns":4},{"damage":31,"enemies":"3 Sentries","floor":10,"turns":11},{"damage":2,"enemies":"3 Louse","floor":11,"turns":3},{"damage":2,"enemies":"Gremlin Gang","floor":14,"turns":4},{"damage":8,"enemies":"Exordium Thugs","floor":15,"turns":4},{"damage":8,"enemies":"downfall:Silent","floor":16,"turns":2}],"seed_played":"-4926517377019678958","potions_obtained":[{"floor":3,"key":"Swift Potion"},{"floor":8,"key":"Block Potion"},{"floor":10,"key":"hexamod:EctoCoolerPotion"},{"floor":15,"key":"LiquidBronze"}],"is_trial":false,"path_per_floor":["R","$","M","?","?","M","T","M","R","E","M","?","?","M","M","B"],"character_chosen":"GUARDIAN","items_purchased":["Guardian:DonusPower"],"campfire_rested":0,"item_purchase_floors":[2],"current_hp_per_floor":[80,80,80,80,68,68,68,66,66,35,33,15,15,13,5,0,0],"gold":145,"neow_bonus":"UPGRADE_CARD","is_daily":false,"chose_seed":false,"campfire_upgraded":0,"win_rate":0.0,"timestamp":1608354446,"path_taken":["R","$","M","?","?","M","T","M","R","E","M","?","?","M","M","BOSS"],"items_purchased_type":["Card"],"build_version":"2020-12-13","purchased_purges":0,"victory":false,"max_hp_per_floor":[80,80,80,80,80,80,80,80,80,80,80,80,80,80,80,80,80],"card_choices":[{"not_picked":["Guardian:Gem_Green","Guardian:Gem_Blue","Guardian:VentSteam"],"picked":"SKIP","floor":2},{"not_picked":["Guardian:EvasiveProtocol","Guardian:Gem_Red"],"picked":"Guardian:ChargeUp","floor":3},{"not_picked":["Guardian:Gem_Red","Guardian:TemporalShield","Guardian:Emergency"],"picked":"SKIP","floor":6},{"not_picked":["Guardian:TimeBomb","Guardian:WalkerClaw"],"picked":"Guardian:Gem_White","floor":8},{"not_picked":["Guardian:CrystalBeam","Guardian:Recover"],"picked":"Guardian:Reroute","floor":10},{"not_picked":["Guardian:Recover","Guardian:Repulse"],"picked":"Guardian:WalkerClaw","floor":11},{"not_picked":["Guardian:TimeBomb","Guardian:TemporalStrike","Guardian:Gem_Purple"],"picked":"SKIP","floor":14},{"not_picked":["Guardian:ShieldCharger","Guardian:Gem_Green"],"picked":"Guardian:WalkerClaw","floor":15}],"player_experience":283376,"relics_obtained":[{"floor":10,"key":"Letter Opener"}],"event_choices":[{"damage_healed":0,"gold_gain":0,"player_choice":"Success","damage_taken":18,"relics_obtained":["Unceasing Top"],"max_hp_gain":0,"max_hp_loss":0,"event_name":"Scrap Ooze","floor":12,"gold_loss":0}],"is_beta":false,"boss_relics":[],"items_purged_floors":[],"is_endless":false,"potions_floor_spawned":[3,8,10,15],"killed_by":"downfall:Silent","ascension_level":0}}