{"host":"udzsrhbqdxqtlypj","time":1608407622,"event":{"mods":["BaseMod","Minty Spire (QoL Compilation)","Relic Stats"],"gold_per_floor":[116,126,126,50,63,63,96,111,193,193,193,221,296,313,313,418,418,435,448,463,165,165,165,179,210,210,210,243,269,286,316,316,416,416,434,243,263,263,283,310,325,355,379,379,411,411,436,449,449,449,449,449,19,50,50],"floor_reached":56,"playtime":3324,"items_purged":[],"score":1958,"play_id":"34d7310e-5d6c-42bf-8bd4-91a3fc16021e","local_time":"20201219135342","is_ascension_mode":true,"campfire_choices":[{"data":"Defragment","floor":6,"key":"SMITH"},{"floor":10,"key":"REST"},{"floor":15,"key":"REST"},{"data":"Electrodynamics","floor":23,"key":"SMITH"},{"data":"Chill","floor":27,"key":"SMITH"},{"data":"Sweeping Beam","floor":32,"key":"SMITH"},{"floor":46,"key":"RECALL"},{"data":"Biased Cognition","floor":49,"key":"SMITH"},{"data":"Turbo","floor":52,"key":"SMITH"}],"circlet_count":0,"master_deck":["AscendersBane","Zap","Dualcast","Rip and Tear","Chill","Defragment+1","Cold Snap","Melter","Conserve Battery","Electrodynamics+1","Go for the Eyes+1","FTL+1","Reboot","Sweeping Beam+1","Chill+1","Loop+1","Glacier","Barrage+1","Hello World+1","Biased Cognition+1","Echo Form","Lockon","All For One","Storm","Streamline","Rainbow","Ball Lightning","Turbo+1","Swift Strike","Flash of Steel","Compile Driver+1","Aggregate+1","Tempest+1","FTL+1","Defragment+1","Apotheosis","White Noise","Skim"],"relics":["Cracked Core","Turnip","Akabeko","Ornamental Fan","Emotion Chip","Inserter","OrangePellets","Bag of Preparation","MutagenicStrength","DataDisk","Mercury Hourglass","Anchor","Red Mask","Bottled Flame","Pandora\u0027s Box","Lantern","Orichalcum","Eternal Feather","Frozen Egg 2","Omamori","Vajra","Kunai"],"acts_visited":["Exordium","TheCity","TheBeyond","TheEnding"],"potions_floor_usage":[5,12,16,20,28,40,55,55,55],"damage_taken":[{"damage":7,"enemies":"2 Louse","floor":1,"turns":2},{"damage":7,"enemies":"Small Slimes","floor":2,"turns":3},{"damage":4,"enemies":"Jaw Worm","floor":5,"turns":2},{"damage":20,"enemies":"Lagavulin","floor":7,"turns":8},{"damage":7,"enemies":"Looter","floor":8,"turns":2},{"damage":5,"enemies":"3 Sentries","floor":12,"turns":6},{"damage":6,"enemies":"Exordium Wildlife","floor":14,"turns":3},{"damage":9,"enemies":"The Guardian","floor":16,"turns":10},{"damage":4,"enemies":"Chosen","floor":18,"turns":4},{"damage":4,"enemies":"Shell Parasite","floor":19,"turns":6},{"damage":5,"enemies":"Centurion and Healer","floor":20,"turns":8},{"damage":11,"enemies":"Cultist and Chosen","floor":24,"turns":6},{"damage":11,"enemies":"Gremlin Leader","floor":25,"turns":5},{"damage":0,"enemies":"Slavers","floor":28,"turns":2},{"damage":0,"enemies":"Masked Bandits","floor":29,"turns":1},{"damage":0,"enemies":"3 Cultists","floor":30,"turns":4},{"damage":0,"enemies":"Gremlin Leader","floor":31,"turns":4},{"damage":5,"enemies":"Automaton","floor":33,"turns":8},{"damage":0,"enemies":"3 Darklings","floor":35,"turns":3},{"damage":6,"enemies":"Orb Walker","floor":37,"turns":3},{"damage":0,"enemies":"Maw","floor":39,"turns":6},{"damage":0,"enemies":"Giant Head","floor":40,"turns":5},{"damage":0,"enemies":"Jaw Worm Horde","floor":41,"turns":2},{"damage":2,"enemies":"Nemesis","floor":42,"turns":5},{"damage":8,"enemies":"Reptomancer","floor":45,"turns":4},{"damage":0,"enemies":"4 Shapes","floor":48,"turns":3},{"damage":12,"enemies":"Donu and Deca","floor":50,"turns":5},{"damage":0,"enemies":"Shield and Spear","floor":54,"turns":3},{"damage":27,"enemies":"The Heart","floor":55,"turns":6}],"seed_played":"1259657714902985090","potions_obtained":[{"floor":0,"key":"BlessingOfTheForge"},{"floor":0,"key":"FocusPotion"},{"floor":0,"key":"DistilledChaos"},{"floor":12,"key":"CultistPotion"},{"floor":14,"key":"PowerPotion"},{"floor":16,"key":"FearPotion"},{"floor":19,"key":"SkillPotion"},{"floor":28,"key":"PotionOfCapacity"},{"floor":29,"key":"Energy Potion"},{"floor":40,"key":"FearPotion"}],"is_trial":false,"path_per_floor":["M","M","?","$","M","R","E","M","T","R","?","E","?","M","R","B",null,"M","M","M","$","?","R","M","E","T","R","E","?","M","E","R","B",null,"M","$","M","?","M","E","M","E","T","?","E","R","T","M","R","B",null,"R","$","E","B",null],"character_chosen":"DEFECT","items_purchased":["Defragment","OrangePellets","Bag of Preparation","Lantern","Turbo","Defragment+1","Apotheosis","White Noise","Vajra"],"campfire_rested":2,"item_purchase_floors":[4,21,21,36,36,53,53,53,53],"current_hp_per_floor":[61,54,42,42,38,38,18,11,11,33,26,21,10,4,26,17,61,57,53,48,48,48,48,37,26,26,26,26,26,26,26,26,21,62,62,62,56,46,46,46,46,44,44,44,36,54,54,54,71,59,68,71,71,71,44],"gold":50,"neow_bonus":"THREE_SMALL_POTIONS","is_daily":false,"chose_seed":false,"campfire_upgraded":6,"win_rate":0.0,"timestamp":1608407622,"path_taken":["M","M","?","$","M","R","E","M","T","R","?","E","?","M","R","BOSS","M","M","M","$","?","R","M","E","T","R","E","?","?","E","R","BOSS","M","$","M","?","M","E","M","E","T","?","E","R","?","M","R","BOSS","R","$","E","BOSS"],"items_purchased_type":["Card","Relic","Relic","Relic","Card","Card","Card","Card","Relic"],"build_version":"2020-12-13","purchased_purges":0,"victory":true,"max_hp_per_floor":[75,75,75,75,75,75,75,75,75,75,75,75,75,75,75,75,75,75,75,75,75,75,75,75,75,75,75,75,75,75,75,75,75,75,75,75,75,75,75,75,75,75,75,71,71,71,71,71,71,71,71,71,71,71,71],"relic_stats":{"Inserter":[46],"counters":[29,129],"Eternal Feather":38,"Bag of Preparation":[36],"Orichalcum":[0],"Mercury Hourglass":[292],"OrangePellets":[24],"Emotion Chip":[62,36,25,1,0],"Ornamental Fan":[156],"Pandora\u0027s Box":["Echo Form","Lockon","All For One","Storm","Streamline","Rainbow","Ball Lightning"],"Turnip":[11],"Kunai":[5],"obtain_stats":[{"Lantern":36,"Inserter":17,"Vajra":53,"Eternal Feather":42,"Bag of Preparation":21,"Omamori":47,"Orichalcum":40,"Frozen Egg 2":45,"Akabeko":7,"Mercury Hourglass":26,"OrangePellets":21,"Emotion Chip":12,"DataDisk":25,"Anchor":28,"Bottled Flame":31,"Ornamental Fan":9,"MutagenicStrength":22,"Pandora\u0027s Box":34,"Turnip":3,"Red Mask":29,"Kunai":54,"Cracked Core":0},{"Lantern":19,"Inserter":8,"Vajra":27,"Eternal Feather":24,"Bag of Preparation":11,"Omamori":25,"Orichalcum":22,"Frozen Egg 2":25,"Akabeko":4,"Mercury Hourglass":13,"OrangePellets":11,"Emotion Chip":6,"DataDisk":13,"Anchor":14,"Bottled Flame":17,"Ornamental Fan":5,"MutagenicStrength":11,"Pandora\u0027s Box":18,"Turnip":2,"Red Mask":15,"Kunai":28,"Cracked Core":0},{"Lantern":87,"Inserter":36,"Vajra":120,"Eternal Feather":108,"Bag of Preparation":54,"Omamori":112,"Orichalcum":101,"Frozen Egg 2":112,"Akabeko":15,"Mercury Hourglass":65,"OrangePellets":54,"Emotion Chip":23,"DataDisk":65,"Anchor":67,"Bottled Flame":76,"Ornamental Fan":17,"MutagenicStrength":54,"Pandora\u0027s Box":84,"Turnip":5,"Red Mask":68,"Kunai":123,"Cracked Core":0}]},"card_choices":[{"not_picked":["Steam Power","Streamline"],"picked":"Rip and Tear","floor":1},{"not_picked":["Cold Snap","Turbo"],"picked":"Chill","floor":2},{"not_picked":["Hologram","Coolheaded"],"picked":"Cold Snap","floor":5},{"not_picked":["Consume","Beam Cell"],"picked":"Melter","floor":7},{"not_picked":["Chaos","Cold Snap","Rebound"],"picked":"SKIP","floor":8},{"not_picked":["Hello World","Coolheaded"],"picked":"Conserve Battery","floor":12},{"not_picked":["Fusion","Rebound","Sunder"],"picked":"SKIP","floor":14},{"not_picked":["Machine Learning","Biased Cognition"],"picked":"Electrodynamics","floor":16},{"not_picked":["Stack","Skim"],"picked":"Go for the Eyes+1","floor":18},{"not_picked":["Hologram","Go for the Eyes"],"picked":"FTL+1","floor":19},{"not_picked":["Compile Driver","Streamline"],"picked":"Reboot","floor":20},{"not_picked":["Coolheaded","Conserve Battery"],"picked":"Sweeping Beam","floor":24},{"not_picked":["Conserve Battery","Stack+1"],"picked":"Chill","floor":25},{"not_picked":["Leap","Doom and Gloom"],"picked":"Loop+1","floor":28},{"not_picked":["Barrage","Scrape"],"picked":"Glacier","floor":29},{"not_picked":["Go for the Eyes","Leap+1"],"picked":"Barrage+1","floor":30},{"not_picked":["Barrage+1","Reboot"],"picked":"Hello World+1","floor":31},{"not_picked":["Buffer","Echo Form"],"picked":"Biased Cognition","floor":33},{"not_picked":["Rebound+1","Streamline","Barrage+1"],"picked":"SKIP","floor":35},{"not_picked":["Doom and Gloom","Storm+1","Redo"],"picked":"SKIP","floor":37},{"not_picked":["Jack Of All Trades","Enlightenment"],"picked":"Swift Strike","floor":38},{"not_picked":["Panacea","Trip"],"picked":"Flash of Steel","floor":38},{"not_picked":["Coolheaded","Beam Cell"],"picked":"Compile Driver+1","floor":39},{"not_picked":["Steam","Sunder+1","Steam Power"],"picked":"SKIP","floor":40},{"not_picked":["Reinforced Body","Darkness","Ball Lightning+1"],"picked":"SKIP","floor":41},{"not_picked":["Thunder Strike","Storm+1"],"picked":"Aggregate+1","floor":42},{"not_picked":["Thunder Strike","Ball Lightning+1"],"picked":"Tempest+1","floor":45},{"not_picked":["Beam Cell","Sweeping Beam"],"picked":"FTL+1","floor":48},{"not_picked":["Rebound+1","Turbo"],"picked":"Skim","floor":54}],"player_experience":2670667,"relics_obtained":[{"floor":7,"key":"Akabeko"},{"floor":9,"key":"Ornamental Fan"},{"floor":12,"key":"Emotion Chip"},{"floor":25,"key":"DataDisk"},{"floor":26,"key":"Mercury Hourglass"},{"floor":28,"key":"Anchor"},{"floor":29,"key":"Red Mask"},{"floor":31,"key":"Bottled Flame"},{"floor":40,"key":"Orichalcum"},{"floor":42,"key":"Eternal Feather"},{"floor":45,"key":"Frozen Egg 2"},{"floor":47,"key":"Omamori"},{"floor":54,"key":"Kunai"}],"event_choices":[{"damage_healed":0,"gold_gain":0,"player_choice":"Success","damage_taken":12,"relics_obtained":["Turnip"],"max_hp_gain":0,"max_hp_loss":0,"event_name":"Scrap Ooze","floor":3,"gold_loss":0},{"cards_removed":["Strike_B"],"damage_healed":0,"gold_gain":0,"player_choice":"Card Removal","damage_taken":7,"max_hp_gain":0,"max_hp_loss":0,"event_name":"Golden Wing","floor":11,"gold_loss":0},{"damage_healed":0,"gold_gain":75,"player_choice":"Gather Gold","damage_taken":11,"max_hp_gain":0,"max_hp_loss":0,"event_name":"World of Goop","floor":13,"gold_loss":0},{"damage_healed":0,"gold_gain":0,"player_choice":"Inject Mutagens","damage_taken":0,"relics_obtained":["MutagenicStrength"],"max_hp_gain":0,"max_hp_loss":0,"event_name":"Drug Dealer","floor":22,"gold_loss":0},{"damage_healed":0,"gold_gain":0,"player_choice":"Fought Bandits","damage_taken":0,"max_hp_gain":0,"max_hp_loss":0,"event_name":"Masked Bandits","floor":29,"gold_loss":0},{"damage_healed":0,"gold_gain":0,"player_choice":"Memory 3","damage_taken":10,"max_hp_gain":0,"max_hp_loss":0,"event_name":"SensoryStone","floor":38,"gold_loss":0},{"damage_healed":0,"gold_gain":0,"player_choice":"Max HP","damage_taken":0,"max_hp_gain":0,"max_hp_loss":4,"event_name":"Winding Halls","floor":44,"gold_loss":0}],"is_beta":false,"boss_relics":[{"not_picked":["Empty Cage","Coffee Dripper"],"picked":"Inserter"},{"not_picked":["Fusion Hammer","Cursed Key"],"picked":"Pandora\u0027s Box"}],"items_purged_floors":[],"is_endless":false,"potions_floor_spawned":[12,14,16,19,28,29,31,33,37,39,40,45],"ascension_level":10}}