{"host":"ds1yr10zonoc6w4a","time":1608343208,"event":{"mods":["2.2 Compatiblity","AchievementEnabler","Act Like it!","BaseMod","Downfall","Elementarium","Infinite Spire","Jorbs\u0027s Wanderer Trilogy","Menagerie","Minty Spire (QoL Compilation)","Pale of the Ancients","StSLib","The Animator","Wandering Minibosses","[IsaacMod]????"],"gold_per_floor":[109,134,59,59,82,126,126,161,161,194,214,214,249,273,273,396,396,412,412,476,503,4,4,29,56,56,87,87,120,120,141,141,243,243,266,331,331,408,531,563,609,609,691,90,90,127,156,0,0,4,4,4,610,660,727,727,547,61,61,61],"floor_reached":59,"playtime":13931,"items_purged":["animator:Defend","animator:Strike","animator:Defend","animator:Defend"],"score":1190,"play_id":"74b11ef3-dcf5-4d5f-9930-ff104b3af96d","local_time":"20201218190008","is_ascension_mode":true,"campfire_choices":[{"data":"animator:LeleiLaLalena","floor":12.0,"key":"SMITH"},{"floor":15.0,"key":"REST"},{"floor":23.0,"key":"RECALL"},{"floor":28.0,"key":"REST"},{"floor":32.0,"key":"REST"},{"floor":42,"key":"REST"},{"floor":45,"key":"REST"},{"floor":49,"key":"REST"},{"floor":52,"key":"REST"}],"circlet_count":0,"master_deck":["animator:Strike_HitsugiNoChaika","animator:Defend_HitsugiNoChaika","animator:AcuraAkari","animator:Gillette","animator:LeleiLaLalena+1","animator:Fredrika+1","animator:Guy","animator:Layla","animator:Megumin+11","animator:KyokoSakura","animator:YuiTsuruno+1","animator:Chris","animator:AcuraShin","animator:Kazuma+1","animator:Elesis","animator:Souei+1","animator:Viivi","animator:ElricEdward+1","animator:MamizouFutatsuiwa","animator:Fredrika","animator:Viivi+1","animator:Hans","animator:Add","Seeing Red+1","animator:WinryRockbell","animator:MadokaKaname","animator:Fredrika","animator:Zero","animator:Shimakaze","animator:QuestionMark","animator:ChaikaBohdan+1","Chaos+1","animator:YunYun+1","animator:Elsword","animator:ChaikaTrabant","animator:AcuraTooru+1","animator:RoryMercury+1","animator:Shimakaze","animator:Ara+1","animator:AcuraTooru+1"],"relics":["animator:TheEgnaroPiece","animator:LivingPicture","animator:TheMissingPiece","animator:AncientMedallion"],"acts_visited":["Elementarium:Elementarium","TheBeyond","TheEnding","EYB:TheUnnamedReign"],"potions_floor_usage":[55],"damage_taken":[{"damage":6.0,"enemies":"Menagerie:StygianBoar","floor":1.0,"turns":3.0},{"damage":0.0,"enemies":"Menagerie:2_RABBITS","floor":2.0,"turns":5.0},{"damage":5.0,"enemies":"Menagerie:WhisperingWraith","floor":5.0,"turns":4.0},{"damage":0.0,"enemies":"Menagerie:MaskedSummoner","floor":6.0,"turns":9.0},{"damage":14.0,"enemies":"Menagerie:VoidReaper","floor":8.0,"turns":4.0},{"damage":8.0,"enemies":"Menagerie:MaskedSummoner","floor":10.0,"turns":5.0},{"damage":7.0,"enemies":"Menagerie:MeltingSalamander","floor":11.0,"turns":3.0},{"damage":0.0,"enemies":"Menagerie:3_RABBITS","floor":13.0,"turns":4.0},{"damage":15.0,"enemies":"Menagerie:EntropyWarlock","floor":14.0,"turns":5.0},{"damage":15.0,"enemies":"Menagerie:AVATARS","floor":16.0,"turns":7.0},{"damage":8.0,"enemies":"Elementarium:Cyclone","floor":18.0,"turns":4.0},{"damage":2.0,"enemies":"Elementarium:GOLDEN_STATUES","floor":20.0,"turns":3.0},{"damage":14.0,"enemies":"Elementarium:VoidCorruption","floor":21.0,"turns":8.0},{"damage":14.0,"enemies":"Elementarium:WarGolem","floor":24.0,"turns":4.0},{"damage":7.0,"enemies":"Elementarium:RubyGolem","floor":25.0,"turns":3.0},{"damage":3.0,"enemies":"Elementarium:ElementalPortal","floor":27.0,"turns":6.0},{"damage":4.0,"enemies":"Elementarium:WarGolem","floor":29.0,"turns":5.0},{"damage":16.0,"enemies":"Elementarium:VoidBeast","floor":31.0,"turns":2.0},{"damage":37.0,"enemies":"Elementarium:PHOENIXES","floor":33.0,"turns":8.0},{"damage":0.0,"enemies":"Orb Walker","floor":35.0,"turns":2.0},{"damage":7.0,"enemies":"2 Orb Walkers","floor":36.0,"turns":3.0},{"damage":9,"enemies":"infinitespire:Three Voidlings","floor":39,"turns":3},{"damage":16,"enemies":"Nightmare_Alpha","floor":39,"turns":7},{"damage":8,"enemies":"Reptomancer","floor":40,"turns":4},{"damage":0,"enemies":"3 Shapes","floor":41,"turns":1},{"damage":2,"enemies":"Jaw Worm Horde","floor":46,"turns":2},{"damage":0,"enemies":"Transient","floor":47,"turns":5},{"damage":30,"enemies":"Donu and Deca","floor":50,"turns":4},{"damage":27,"enemies":"animator:UNNAMED_HAT","floor":54,"turns":13},{"damage":41,"enemies":"animator:TRIPLE_SHAPES_WEAK","floor":55,"turns":10},{"damage":59,"enemies":"animator:TRIPLE_LAGAVULIN","floor":59,"turns":3}],"seed_played":"-2259668858252889395","potions_obtained":[{"floor":1.0,"key":"animator:GrowthPotion"},{"floor":5.0,"key":"SneckoOil"},{"floor":6.0,"key":"Block Potion"},{"floor":8.0,"key":"Dexterity Potion"},{"floor":14.0,"key":"Dexterity Potion"},{"floor":16.0,"key":"Ancient Potion"},{"floor":18.0,"key":"animator:GrowthPotion"},{"floor":24.0,"key":"Explosive Potion"},{"floor":27.0,"key":"SkillPotion"},{"floor":29.0,"key":"SpeedPotion"},{"floor":54,"key":"animator:FalseLifePotion"},{"floor":55,"key":"animator:FalseLifePotion"}],"is_trial":false,"path_per_floor":["M","M","$","?","M","E","?","E","T","E","M","R","M","M","R","B",null,"M","?","?","M","$","R","E","M","T","E","R","E","AVR","M","R","B",null,"M","?","?","T","?","E","M","R","T","$","R","M","M","$","R","B",null,"R","??","M","M","T","?","$","M"],"character_chosen":"THE_ANIMATOR","items_purchased":["infinitespire:Lucky Rock","OrangePellets","animator:MamizouFutatsuiwa","animator:ChaikaTrabant","animator:AcuraTooru","Bottled Tornado","DollysMirror","animator:AncientMedallion","animator:AncientMedallion"],"campfire_rested":7,"item_purchase_floors":[22,22,22,44,44,44,48,58,58],"current_hp_per_floor":[53,53,53,53,49,49,52,38,38,30,23,23,24,9,43,28,57,49,34,37,28,28,28,14,7,7,9,43,45,45,34,67,30,58,61,52,42,42,35,33,36,57,57,57,57,55,60,60,60,33,53,60,86,60,39,39,39,39,0,0],"gold":61,"neow_bonus":"REMOVE_CARD","is_daily":false,"chose_seed":false,"campfire_upgraded":1,"win_rate":0.0,"timestamp":1608343208,"path_taken":["M","M","$","?","M","E","?","E","T","E","?","R","?","M","R","BOSS","M","?","?","M","$","R","E","M","T","E","R","E","AVR","?","R","BOSS","M","?","?","?","?","E","M","R","T","?","R","?","M","$","R","BOSS","R","??","M","M","T","?","$","M"],"items_purchased_type":["Relic","Relic","Card","Card","Card","Relic","Relic","Relic","Relic"],"build_version":"2020-12-13","purchased_purges":4,"victory":false,"max_hp_per_floor":[66,66,66,61,62,62,65,65,65,65,65,65,66,66,66,66,66,66,66,66,66,66,66,66,66,66,66,66,67,67,67,67,67,67,70,52,52,52,54,54,57,57,57,57,57,57,60,60,60,60,60,60,86,87,87,87,87,87,87,87],"card_choices":[{"not_picked":["animator:Pride","animator:RoryMercury"],"picked":"animator:LeleiLaLalena","floor":1.0},{"not_picked":["animator:LeleiLaLalena","animator:TukaLunaMarceau"],"picked":"animator:Fredrika","floor":2.0},{"not_picked":["animator:Ara","animator:NagisaMomoe"],"picked":"animator:Guy","floor":5.0},{"not_picked":["animator:Viivi","animator:ChaikaBohdan"],"picked":"animator:Layla","floor":6.0},{"not_picked":["animator:Millim","animator:TukaLunaMarceau"],"picked":"animator:KyokoSakura","floor":8.0},{"not_picked":["animator:Shalltear","animator:SilverFang"],"picked":"animator:YuiTsuruno","floor":10.0},{"not_picked":["animator:Mitsurugi","animator:Arpeggio"],"picked":"animator:Chris","floor":11.0},{"not_picked":["animator:AcuraAkari","animator:Viivi"],"picked":"animator:AcuraShin","floor":13.0},{"not_picked":["animator:PandorasActor","animator:Laby"],"picked":"animator:Kazuma","floor":14.0},{"not_picked":["animator:Albedo","animator:Greed"],"picked":"animator:Elesis","floor":16.0},{"not_picked":["animator:Pride","animator:Benimaru"],"picked":"animator:Souei","floor":18.0},{"not_picked":["animator:Benimaru","animator:Aqua"],"picked":"animator:Viivi","floor":20.0},{"not_picked":["animator:Gillette+1","animator:Souei"],"picked":"animator:ElricEdward+1","floor":21.0},{"not_picked":["animator:Gillette","animator:AcuraAkari"],"picked":"animator:Fredrika","floor":24.0},{"not_picked":["animator:MamiTomoe+1","animator:Sonic"],"picked":"animator:Viivi","floor":25.0},{"not_picked":["animator:SayakaMiki","animator:HomuraAkemi"],"picked":"animator:Hans","floor":27.0},{"not_picked":["animator:IrohaTamaki","animator:YunYun"],"picked":"animator:Add","floor":29.0},{"not_picked":["animator:Gluttony","animator:RoyMustang"],"picked":"animator:WinryRockbell","floor":31.0},{"not_picked":["animator:PinaCoLada","animator:Greed"],"picked":"animator:MadokaKaname","floor":33.0},{"not_picked":["animator:Sonic+1","animator:YuiTsuruno"],"picked":"animator:Fredrika","floor":35.0},{"not_picked":["animator:Benimaru+1","animator:Cocytus+1"],"picked":"animator:Megumin","floor":36.0},{"not_picked":["animator:KotoriKanbe","animator:Cirno"],"picked":"animator:Zero","floor":37.0},{"not_picked":["animator:KotoriKanbe","animator:QuestionMark"],"picked":"animator:Shimakaze","floor":37.0},{"not_picked":["animator:Patchouli","animator:MisakiNakahara"],"picked":"animator:QuestionMark","floor":37.0},{"not_picked":["animator:Mitsurugi+1","animator:SuzuneAmano"],"picked":"animator:ChaikaBohdan","floor":39},{"not_picked":["infinitespire:Menacing","infinitespire:Fortify"],"picked":"infinitespire:Oblivion","floor":39},{"not_picked":["animator:Cocytus","animator:IrohaTamaki"],"picked":"animator:YunYun+1","floor":40},{"not_picked":["animator:Add","animator:Ain"],"picked":"animator:Elsword","floor":41},{"not_picked":["animator:Aqua","animator:Raven","animator:ElricEdward+1"],"picked":"SKIP","floor":46},{"not_picked":["animator:MaesHughes+1","animator:ChaikaBohdan"],"picked":"animator:RoryMercury+1","floor":47},{"not_picked":["animator:MaesHughes","animator:Benimaru"],"picked":"animator:Ara+1","floor":54},{"not_picked":["animator:Layla","animator:ChaikaBohdan"],"picked":"animator:AcuraTooru","floor":55}],"player_experience":423827,"relics_obtained":[{"floor":6.0,"key":"CloakClasp"},{"floor":8.0,"key":"Toy Ornithopter"},{"floor":9.0,"key":"Mercury Hourglass"},{"floor":10.0,"key":"Regal Pillow"},{"floor":20.0,"key":"Elementarium:GoldenMirage"},{"floor":21.0,"key":"wanderingMiniBosses:CarrionFlame"},{"floor":24.0,"key":"Potion Belt"},{"floor":27.0,"key":"Tiny Chest"},{"floor":29.0,"key":"WingedGreaves"},{"floor":36.0,"key":"infinitespire:Lychee Nut"},{"floor":38.0,"key":"Paper Crane"},{"floor":39,"key":"GuppysTail"},{"floor":40,"key":"BelialBook"},{"floor":43,"key":"PillsDrop"},{"floor":53,"key":"animator:TheEgnaroPiece"},{"floor":56,"key":"animator:AncientMedallion"},{"floor":57,"key":"animator:AncientMedallion"}],"event_choices":[{"damage_healed":0.0,"max_hp_gain":0.0,"max_hp_loss":5.0,"gold_gain":0.0,"event_name":"Menagerie:BigGameHunter","player_choice":"Take","floor":4.0,"gold_loss":0.0,"damage_taken":0.0,"relics_obtained":["Menagerie:HuntersKnife"]},{"damage_healed":0.0,"max_hp_gain":3.0,"max_hp_loss":0.0,"gold_gain":0.0,"cards_transformed":["animator:Strike"],"event_name":"Menagerie:CloudVision","player_choice":"Vigor","floor":7.0,"gold_loss":0.0,"damage_taken":0.0,"cards_obtained":["animator:Megumin"]},{"damage_healed":0.0,"max_hp_gain":0.0,"max_hp_loss":0.0,"gold_gain":0.0,"event_name":"Elementarium:GoldenStatues","player_choice":"Fight","floor":20.0,"gold_loss":0.0,"damage_taken":0.0},{"damage_healed":0.0,"max_hp_gain":0.0,"max_hp_loss":0.0,"gold_gain":0.0,"event_name":"Mysterious Sphere","player_choice":"Fight","floor":36.0,"gold_loss":0.0,"damage_taken":0.0},{"damage_healed":0.0,"max_hp_gain":0.0,"max_hp_loss":0.0,"gold_gain":0.0,"event_name":"SensoryStone","player_choice":"Memory 3","floor":37.0,"gold_loss":0.0,"damage_taken":10.0}],"is_beta":false,"boss_relics":[{"not_picked":["Empty Cage","Runic Dome"],"picked":"Fusion Hammer"},{"not_picked":["Pandora\u0027s Box","animator:CursedBlade"],"picked":"Sozu"}],"items_purged_floors":[3,22,30,44],"is_endless":false,"potions_floor_spawned":[1,5,6,8,14,16,18,24,27,29,35,36,46,47,54],"killed_by":"animator:TRIPLE_LAGAVULIN","ascension_level":9}}