{"host":"2k96kai96havp3pq","time":1608336019,"event":{"mods":["BaseMod","Colored Map","Colored Powertips","Downfall","Hermit","Minty Spire (QoL Compilation)","Relic Stats","Replay The Spire","StSLib","The Cursed","The Hierophant","The Servant 0.9.4"],"gold_per_floor":[110,130,149,166,20,20,54,54,102,102,116,116,40,56,56,56,56],"floor_reached":16,"playtime":450,"items_purged":[],"score":102,"play_id":"121d94b8-8e49-481d-8fd2-f6f8fc906cb6","local_time":"20201218180019","is_ascension_mode":false,"campfire_choices":[{"data":"Spot Weakness","floor":6,"key":"SMITH"},{"floor":10,"key":"REST"},{"floor":12,"key":"REST"},{"data":"Cleave","floor":15,"key":"SMITH"}],"circlet_count":0,"master_deck":["Strike_R","Strike_R","Strike_R","Strike_R","Strike_R","Defend_R","Defend_R","Defend_R","Defend_R","Bash","Body Slam+1","Spot Weakness+1","ReplayTheSpireMod:Corrosion Curse","Heavy Blade+1","Exhume","Cleave+1","Clothesline"],"relics":["Burning Blood","NeowsBlessing","Whetstone","HornCleat","Blood Vial","Replay:Rubber Ducky"],"acts_visited":["Exordium"],"potions_floor_usage":[7],"damage_taken":[{"damage":0,"enemies":"Cultist","floor":1,"turns":1},{"damage":0,"enemies":"2 Louse","floor":2,"turns":1},{"damage":0,"enemies":"Small Slimes","floor":3,"turns":1},{"damage":9,"enemies":"Exordium Thugs","floor":4,"turns":4},{"damage":57,"enemies":"Gremlin Nob","floor":7,"turns":6},{"damage":11,"enemies":"Lots of Slimes","floor":11,"turns":4},{"damage":2,"enemies":"2 Fungi Beasts","floor":14,"turns":3},{"damage":63,"enemies":"Slime Boss","floor":16,"turns":9}],"seed_played":"-5668109453943861559","potions_obtained":[{"floor":2,"key":"Reflective Coating"}],"is_trial":false,"path_per_floor":["M","M","M","M","$","R","E","$","T","R","M","R","?","M","R","B"],"character_chosen":"IRONCLAD","items_purchased":["Whetstone"],"campfire_rested":2,"item_purchase_floors":[5],"current_hp_per_floor":[80,80,80,77,77,77,26,26,26,50,47,71,71,77,77,16,16],"gold":56,"neow_bonus":"THREE_ENEMY_KILL","is_daily":false,"chose_seed":false,"campfire_upgraded":2,"win_rate":0.0,"timestamp":1608336019,"path_taken":["M","M","M","M","$","R","E","?","T","R","M","R","?","M","R","BOSS"],"items_purchased_type":["Relic"],"build_version":"2020-12-13","purchased_purges":0,"victory":false,"max_hp_per_floor":[80,80,80,80,80,80,80,80,80,80,80,80,80,80,80,80,80],"relic_stats":{"Blood Vial":6,"counters":[8,29],"Whetstone":["Heavy Blade","Body Slam"],"obtain_stats":[{"Blood Vial":9,"HornCleat":7,"NeowsBlessing":0,"Whetstone":5,"Burning Blood":0,"Replay:Rubber Ducky":13},{"Blood Vial":5,"HornCleat":5,"NeowsBlessing":0,"Whetstone":4,"Burning Blood":0,"Replay:Rubber Ducky":6},{"Blood Vial":13,"HornCleat":13,"NeowsBlessing":0,"Whetstone":7,"Burning Blood":0,"Replay:Rubber Ducky":17}],"Burning Blood":24},"card_choices":[{"not_picked":["Run Through","Replay:Undeath\u0027s Touch"],"picked":"Body Slam","floor":1},{"not_picked":["Rage","Hemokinesis"],"picked":"Spot Weakness","floor":2},{"not_picked":["Havoc","Thunderclap"],"picked":"ReplayTheSpireMod:Corrosion Curse","floor":3},{"not_picked":["Power Through","True Grit"],"picked":"Heavy Blade","floor":4},{"not_picked":["Anger","Warcry"],"picked":"Exhume","floor":7},{"not_picked":["Defy Death","Body Slam"],"picked":"Cleave","floor":11},{"not_picked":["Fire Breathing","Dark Embrace"],"picked":"Clothesline","floor":14}],"player_experience":353789,"relics_obtained":[{"floor":7,"key":"HornCleat"},{"floor":9,"key":"Blood Vial"}],"event_choices":[{"damage_healed":0,"gold_gain":0,"player_choice":"Paid Gold","damage_taken":0,"relics_obtained":["Replay:Rubber Ducky"],"max_hp_gain":0,"max_hp_loss":0,"event_name":"WeMeetAgain","floor":13,"gold_loss":76}],"is_beta":false,"boss_relics":[],"items_purged_floors":[],"is_endless":false,"potions_floor_spawned":[2],"killed_by":"Slime Boss","ascension_level":0}}