{"host":"1hv1kueuvc4r3rdp","time":1608394174,"event":{"mods":["AchievementEnabler","BaseMod","DeckTracker","Highlight Path","Minty Spire (QoL Compilation)","Permanent Neow","StSLib"],"gold_per_floor":[210,210,229,239,250,285,341,341,341,2,33,33,33,52,52,52,52],"floor_reached":16,"playtime":591,"items_purged":[],"score":171,"play_id":"26f93fc3-61a1-47fc-a965-abef8a9ef7ae","local_time":"20201219100934","is_ascension_mode":true,"campfire_choices":[{"floor":8,"key":"REST"},{"floor":12,"key":"REST"},{"data":"Dagger Spray","floor":15,"key":"SMITH"}],"circlet_count":0,"master_deck":["AscendersBane","Strike_G","Strike_G","Strike_G","Strike_G","Strike_G","Defend_G","Defend_G","Defend_G+1","Defend_G+1","Defend_G","Survivor","Neutralize","Backstab","Dagger Spray+1","Infinite Blades","Adrenaline","PiercingWail"],"relics":["Ring of the Snake","Letter Opener","Blue Candle","Sling","Vajra","Tingsha"],"acts_visited":["Exordium"],"potions_floor_usage":[6,16],"damage_taken":[{"damage":1,"enemies":"Jaw Worm","floor":1,"turns":7},{"damage":0,"enemies":"Small Slimes","floor":3,"turns":3},{"damage":0,"enemies":"2 Louse","floor":4,"turns":2},{"damage":0,"enemies":"Looter","floor":5,"turns":4},{"damage":33,"enemies":"Lagavulin","floor":6,"turns":8},{"damage":9,"enemies":"3 Sentries","floor":11,"turns":5},{"damage":12,"enemies":"Exordium Wildlife","floor":14,"turns":3},{"damage":40,"enemies":"Slime Boss","floor":16,"turns":8}],"seed_played":"1497771319954636392","potions_obtained":[{"floor":3,"key":"SteroidPotion"},{"floor":14,"key":"EssenceOfSteel"}],"is_trial":false,"path_per_floor":["M","?","M","M","M","E","?","R","T","$","E","R","?","M","R","B"],"character_chosen":"THE_SILENT","items_purchased":["Infinite Blades","Sling","Vajra"],"campfire_rested":2,"item_purchase_floors":[10,10,10],"current_hp_per_floor":[62,48,48,48,48,15,15,36,36,36,27,48,48,36,36,0,0],"gold":52,"neow_bonus":"HUNDRED_GOLD","is_daily":false,"chose_seed":false,"campfire_upgraded":1,"win_rate":0.0,"timestamp":1608394174,"path_taken":["M","?","M","M","M","E","?","R","T","$","E","R","?","M","R","BOSS"],"items_purchased_type":["Card","Relic","Relic"],"build_version":"2020-12-13","purchased_purges":0,"victory":false,"max_hp_per_floor":[70,70,70,70,70,70,70,70,70,70,70,70,70,70,70,70,70],"card_choices":[{"not_picked":["Poisoned Stab","Deadly Poison"],"picked":"Backstab","floor":1},{"not_picked":["Underhanded Strike","Flechettes","Cloak And Dagger"],"picked":"SKIP","floor":3},{"not_picked":["Blur","Deflect"],"picked":"Dagger Spray","floor":4},{"not_picked":["Blur","Bane","Concentrate"],"picked":"SKIP","floor":5},{"not_picked":["Deadly Poison","Tactician","Distraction"],"picked":"SKIP","floor":6},{"not_picked":["Dodge and Roll","Calculated Gamble"],"picked":"Adrenaline","floor":11},{"not_picked":["Deadly Poison","Outmaneuver"],"picked":"PiercingWail","floor":14}],"player_experience":1060284,"relics_obtained":[{"floor":6,"key":"Letter Opener"},{"floor":9,"key":"Blue Candle"},{"floor":11,"key":"Tingsha"}],"event_choices":[{"damage_healed":0,"gold_gain":0,"player_choice":"Entered Light","damage_taken":14,"max_hp_gain":0,"max_hp_loss":0,"event_name":"Shining Light","floor":2,"gold_loss":0,"cards_upgraded":["Defend_G","Defend_G"]},{"damage_healed":0,"gold_gain":56,"player_choice":"Gained Gold","damage_taken":0,"max_hp_gain":0,"max_hp_loss":0,"event_name":"Golden Wing","floor":7,"gold_loss":0},{"damage_healed":0,"gold_gain":0,"player_choice":"Ignored","damage_taken":0,"max_hp_gain":0,"max_hp_loss":0,"event_name":"Golden Idol","floor":13,"gold_loss":0}],"is_beta":false,"boss_relics":[],"items_purged_floors":[],"is_endless":false,"potions_floor_spawned":[3,14],"killed_by":"Slime Boss","ascension_level":11}}