{"host":"xln8clu5n7caxmc3","time":1608407136,"event":{"mods":["AchievementEnabler","BaseMod","Better Altar","Better Match","Better Note","Better Sensory Stone","Better Skull","Better Third Choice","BetterRewards","Colored Map","Colored Powertips","Downfall","Hubris","Infinite Spire","Minty Spire (QoL Compilation)","Quick Restart","Replay The Spire","StSLib","The Jungle"],"gold_per_floor":[99,126,156,45,75,83,83],"floor_reached":6,"playtime":1371,"items_purged":[],"score":38,"play_id":"1a987c40-8941-4717-95c1-387703f89199","local_time":"20201219204536","is_ascension_mode":true,"campfire_choices":[],"circlet_count":0,"master_deck":["Strike_G","Strike_G","Strike_G","Strike_G","Strike_G","Defend_G","Defend_G","Defend_G","Defend_G","Defend_G","Survivor","Neutralize","Accuracy","Backstab","hubris:SlightOfHand","Replay:SS_forest_6","Prepared","Footwork","ReplayTheSpireMod:Speed Training","Accuracy","ReplayTheSpireMod:Shiv Toss","Venomology"],"relics":["Ring of the Snake","Replay:Bandana","Bag of Preparation"],"acts_visited":["Exordium"],"potions_floor_usage":[6],"damage_taken":[{"damage":0,"enemies":"Cultist","floor":1,"turns":1},{"damage":0,"enemies":"2 Louse","floor":2,"turns":3},{"damage":8,"enemies":"Small Slimes","floor":3,"turns":4},{"damage":17,"enemies":"Exordium Wildlife","floor":5,"turns":6},{"damage":17,"enemies":"Lagavulin","floor":6,"turns":11}],"seed_played":"1638773925111077992","potions_obtained":[{"floor":3,"key":"FearPotion"},{"floor":5,"key":"PowerPotion"}],"is_trial":false,"path_per_floor":["M","M","M","$","M","E"],"character_chosen":"THE_SILENT","items_purchased":["Replay:Bandana","Accuracy","Cloak And Dagger","Accuracy","ReplayTheSpireMod:Shiv Toss"],"campfire_rested":0,"item_purchase_floors":[0,0,0,4,4],"current_hp_per_floor":[56,56,56,56,47,30,30],"gold":83,"neow_bonus":"","is_daily":false,"chose_seed":false,"campfire_upgraded":0,"win_rate":0.0,"timestamp":1608407136,"path_taken":["M","M","?","$","M","E"],"items_purchased_type":["Relic","Card","Card","Card","Card"],"build_version":"2020-12-13","purchased_purges":0,"victory":false,"max_hp_per_floor":[70,70,70,70,70,70,70],"card_choices":[{"not_picked":["Dodge and Roll","Flying Knee"],"picked":"Prepared","floor":1},{"not_picked":["Flying Knee","Quick Slash"],"picked":"Footwork","floor":2},{"not_picked":["Poisoned Stab","Draining Mist"],"picked":"ReplayTheSpireMod:Speed Training","floor":3},{"not_picked":["Blade Dance","Well Laid Plans"],"picked":"Venomology","floor":5}],"player_experience":88219,"relics_obtained":[],"event_choices":[],"is_beta":false,"boss_relics":[],"items_purged_floors":[],"is_endless":false,"potions_floor_spawned":[3,5],"killed_by":"Lagavulin","ascension_level":1}}