{"host":"og6lam4kt3nibbw0","time":1608351230,"event":{"mods":["AchievementEnabler","BaseMod","Colored Map","DeckTracker","Highlight Path","Keyboard Shortcuts","Minty Spire (QoL Compilation)","Permanent Neow","Quick Restart","StSLib","SuperFastMode"],"gold_per_floor":[14,64,22,42,53,53,83,97,120,120,120,132,132,31,31,107,107,122,138,138,153,153,153,153,0,26,43,43,62,94,9,9,9,9],"floor_reached":33,"playtime":1221,"items_purged":[],"score":530,"play_id":"1fd60a2a-04cc-44eb-a3d9-d917730fb0cf","local_time":"20201219131350","is_ascension_mode":true,"campfire_choices":[{"data":"Zap","floor":6.0,"key":"SMITH"},{"floor":10.0,"key":"REST"},{"floor":15.0,"key":"REST"},{"data":"Coolheaded","floor":23.0,"key":"SMITH"},{"floor":28.0,"key":"REST"},{"floor":32.0,"key":"REST"}],"circlet_count":0,"master_deck":["AscendersBane","Zap+1","Dualcast","Defragment","Static Discharge","Sweeping Beam","Hologram","Coolheaded+1","Leap","Rebound+1","Finesse","Biased Cognition","Cold Snap","Chaos","Machine Learning","Genetic Algorithm","Auto Shields","Biased Cognition","Stack","Turbo","Writhe","Doom and Gloom+1","Core Surge","Defragment+1","Glacier"],"relics":["Cracked Core","Incense Burner","Nunchaku","Vajra","Pandora\u0027s Box","Juzu Bracelet","Darkstone Periapt","Akabeko","PreservedInsect","Whetstone","HornCleat"],"acts_visited":["Exordium","TheCity"],"potions_floor_usage":[33],"damage_taken":[{"damage":0.0,"enemies":"2 Louse","floor":1.0,"turns":4.0},{"damage":0.0,"enemies":"Cultist","floor":4.0,"turns":3.0},{"damage":11.0,"enemies":"Small Slimes","floor":5.0,"turns":4.0},{"damage":40.0,"enemies":"3 Sentries","floor":7.0,"turns":5.0},{"damage":0.0,"enemies":"2 Fungi Beasts","floor":8.0,"turns":3.0},{"damage":4.0,"enemies":"Large Slime","floor":12.0,"turns":5.0},{"damage":39.0,"enemies":"Slime Boss","floor":16.0,"turns":11.0},{"damage":0.0,"enemies":"Shell Parasite","floor":18.0,"turns":6.0},{"damage":22.0,"enemies":"3 Byrds","floor":19.0,"turns":4.0},{"damage":11.0,"enemies":"Centurion and Healer","floor":21.0,"turns":6.0},{"damage":3.0,"enemies":"3 Cultists","floor":27.0,"turns":4.0},{"damage":17.0,"enemies":"Snake Plant","floor":29.0,"turns":4.0},{"damage":9.0,"enemies":"Slavers","floor":30.0,"turns":3.0},{"damage":63,"enemies":"Champ","floor":33,"turns":12}],"seed_played":"428119650378202570","potions_obtained":[{"floor":1.0,"key":"PotionOfCapacity"},{"floor":4.0,"key":"Dexterity Potion"},{"floor":7.0,"key":"DuplicationPotion"},{"floor":27.0,"key":"Energy Potion"},{"floor":29.0,"key":"EssenceOfDarkness"},{"floor":30.0,"key":"DistilledChaos"}],"is_trial":false,"path_per_floor":["M","?","$","M","M","R","E","M","T","R","?","M","?","$","R","B",null,"M","M","?","M","T","R","?","$","T","M","R","M","E","?","R","B"],"character_chosen":"DEFECT","items_purchased":["Static Discharge","Finesse","Core Surge"],"campfire_rested":4,"item_purchase_floors":[3,14,25],"current_hp_per_floor":[64,64,64,64,53,53,13,13,13,34,27,23,23,23,44,5,55,55,33,33,22,22,22,22,22,22,19,40,23,14,14,35,0,0],"gold":9,"neow_bonus":"ONE_RARE_RELIC","is_daily":false,"chose_seed":false,"campfire_upgraded":2,"win_rate":0.0,"timestamp":1608351230,"path_taken":["M","?","?","M","M","R","E","M","T","R","?","M","?","$","R","BOSS","M","M","?","M","?","R","?","$","T","M","R","M","E","?","R","BOSS"],"items_purchased_type":["Card","Card","Card"],"build_version":"2020-12-13","purchased_purges":0,"victory":false,"max_hp_per_floor":[71,71,71,71,71,71,71,71,71,71,71,71,71,71,71,71,71,71,71,71,71,71,71,71,71,71,71,71,71,71,71,71,71,71],"card_choices":[{"not_picked":["Streamline","Rebound"],"picked":"Defragment","floor":1.0},{"not_picked":["Redo","Stack"],"picked":"Sweeping Beam","floor":4.0},{"not_picked":["Barrage","Reprogram"],"picked":"Hologram","floor":5.0},{"not_picked":["Redo","Skim"],"picked":"Coolheaded","floor":7.0},{"not_picked":["Ball Lightning","Steam"],"picked":"Leap","floor":8.0},{"not_picked":["Recycle","Barrage"],"picked":"Rebound","floor":12.0},{"not_picked":["Creative AI","Core Surge"],"picked":"Biased Cognition","floor":16.0},{"not_picked":["Ball Lightning","Conserve Battery"],"picked":"Stack","floor":18.0},{"not_picked":["Recycle","Cold Snap+1"],"picked":"Turbo","floor":19.0},{"not_picked":["Coolheaded","Conserve Battery"],"picked":"Doom and Gloom","floor":21.0},{"not_picked":["Streamline","Steam Power"],"picked":"Defragment+1","floor":27.0},{"not_picked":["Ball Lightning+1","Rainbow"],"picked":"Glacier","floor":29.0},{"not_picked":["Barrage","Machine Learning","Steam"],"picked":"SKIP","floor":30.0}],"player_experience":794974,"relics_obtained":[{"floor":7.0,"key":"Nunchaku"},{"floor":9.0,"key":"Vajra"},{"floor":22.0,"key":"Darkstone Periapt"},{"floor":26.0,"key":"PreservedInsect"},{"floor":30.0,"key":"Whetstone"}],"event_choices":[{"damage_healed":0.0,"max_hp_gain":0.0,"max_hp_loss":0.0,"gold_gain":50.0,"event_name":"Golden Shrine","player_choice":"Pray","floor":2.0,"gold_loss":0.0,"damage_taken":0.0},{"cards_removed":["Defend_B"],"damage_healed":0.0,"max_hp_gain":0.0,"max_hp_loss":0.0,"gold_gain":0.0,"event_name":"Golden Wing","player_choice":"Card Removal","floor":11.0,"gold_loss":0.0,"damage_taken":7.0},{"damage_healed":0.0,"max_hp_gain":0.0,"max_hp_loss":0.0,"gold_gain":0.0,"event_name":"Liars Game","player_choice":"Ignored","floor":13.0,"gold_loss":0.0,"damage_taken":0.0},{"damage_healed":0.0,"max_hp_gain":0.0,"max_hp_loss":0.0,"gold_gain":0.0,"event_name":"The Mausoleum","player_choice":"Opened","floor":20.0,"gold_loss":0.0,"damage_taken":0.0,"relics_obtained":["Juzu Bracelet"],"cards_obtained":["Writhe"]},{"cards_removed":["Rebound"],"damage_healed":0.0,"max_hp_gain":0.0,"max_hp_loss":0.0,"gold_gain":0.0,"event_name":"WeMeetAgain","player_choice":"Gave Card","floor":24.0,"gold_loss":0.0,"damage_taken":0.0,"relics_obtained":["Akabeko"]},{"damage_healed":0.0,"max_hp_gain":0.0,"max_hp_loss":0.0,"gold_gain":0.0,"event_name":"Addict","player_choice":"Obtained Relic","floor":31.0,"gold_loss":85.0,"damage_taken":0.0,"relics_obtained":["HornCleat"]}],"is_beta":false,"boss_relics":[{"not_picked":["Runic Pyramid","Inserter"],"picked":"Pandora\u0027s Box"}],"items_purged_floors":[],"is_endless":false,"potions_floor_spawned":[1,4,7,27,29,30],"killed_by":"Champ","ascension_level":20}}