{"host":"og6lam4kt3nibbw0","time":1608337929,"event":{"mods":["AchievementEnabler","BaseMod","Colored Map","DeckTracker","Highlight Path","Keyboard Shortcuts","Minty Spire (QoL Compilation)","Permanent Neow","Quick Restart","StSLib","SuperFastMode"],"gold_per_floor":[10,10,23,44,44,44,68,92,92,92,105,180,180,203,203,301,301,320,320,339,339,359,359,14,14,14,14,32,62,152,166,166,166,166],"floor_reached":33,"playtime":921,"items_purged":["Strike_B"],"score":518,"play_id":"9556635a-53f8-469a-970b-2bed6ee913b2","local_time":"20201219093209","is_ascension_mode":true,"campfire_choices":[{"data":"Zap","floor":6,"key":"SMITH"},{"data":"Seek","floor":13,"key":"SMITH"},{"data":"Undo","floor":15,"key":"SMITH"},{"data":"Sweeping Beam","floor":23,"key":"SMITH"},{"data":"Seek","floor":25,"key":"SMITH"},{"floor":32,"key":"RECALL"}],"circlet_count":0,"master_deck":["AscendersBane","Strike_B","Defend_B","Defend_B","Zap+1","Dualcast","Gash","Undo+1","Gash","Seek+1","Sweeping Beam+1","Rebound","Seek+1","Reprogram"],"relics":["Cracked Core","Bloody Idol","Blue Candle","Busted Crown","Lee\u0027s Waffle","HornCleat","Torii"],"acts_visited":["Exordium","TheCity"],"potions_floor_usage":[16,16,17,24,33],"damage_taken":[{"damage":10,"enemies":"Small Slimes","floor":1,"turns":3},{"damage":2,"enemies":"Jaw Worm","floor":3,"turns":3},{"damage":1,"enemies":"Cultist","floor":4,"turns":3},{"damage":0,"enemies":"3 Louse","floor":7,"turns":4},{"damage":1,"enemies":"Exordium Wildlife","floor":8,"turns":3},{"damage":7,"enemies":"Lots of Slimes","floor":11,"turns":2},{"damage":11,"enemies":"Looter","floor":14,"turns":3},{"damage":21,"enemies":"Slime Boss","floor":16,"turns":6},{"damage":16,"enemies":"Shell Parasite","floor":18,"turns":4},{"damage":12,"enemies":"2 Thieves","floor":20,"turns":4},{"damage":17,"enemies":"Centurion and Healer","floor":22,"turns":5},{"damage":1,"enemies":"3 Cultists","floor":28,"turns":4},{"damage":20,"enemies":"Book of Stabbing","floor":29,"turns":5},{"damage":0,"enemies":"Snecko","floor":31,"turns":4},{"damage":66,"enemies":"Automaton","floor":33,"turns":8}],"seed_played":"5609483041546157279","potions_obtained":[{"floor":3,"key":"SmokeBomb"},{"floor":4,"key":"Regen Potion"},{"floor":5,"key":"Regen Potion"},{"floor":11,"key":"CultistPotion"},{"floor":16,"key":"Fruit Juice"},{"floor":20,"key":"PotionOfCapacity"},{"floor":22,"key":"FocusPotion"},{"floor":31,"key":"Strength Potion"}],"is_trial":false,"path_per_floor":["M","?","M","M","?","R","M","M","T","?","M","?","R","M","R","B",null,"M","?","M","?","M","R","$","R","T","?","M","E","?","M","R","B"],"character_chosen":"DEFECT","items_purchased":["Lee\u0027s Waffle","Fruit Juice"],"campfire_rested":0,"item_purchase_floors":[24,24],"current_hp_per_floor":[54,54,52,51,51,51,51,50,50,50,43,32,32,21,21,15,57,41,41,29,29,12,12,81,81,81,81,81,66,59,64,64,0,0],"gold":166,"neow_bonus":"REMOVE_TWO","is_daily":false,"chose_seed":false,"campfire_upgraded":5,"win_rate":0.0,"timestamp":1608337929,"path_taken":["M","?","M","M","?","R","M","?","T","?","M","?","R","M","R","BOSS","M","?","?","?","M","R","$","R","T","?","M","E","?","M","R","BOSS"],"items_purchased_type":["Relic","Potion"],"build_version":"2020-12-13","purchased_purges":1,"victory":false,"max_hp_per_floor":[71,64,64,64,64,64,64,64,64,64,64,64,64,64,64,64,69,69,69,69,69,69,69,81,81,81,81,81,81,81,81,81,81,81],"card_choices":[{"not_picked":["Hologram","Consume"],"picked":"Gash","floor":1},{"not_picked":["White Noise","Hologram"],"picked":"Undo","floor":3},{"not_picked":["Ball Lightning","Steam"],"picked":"Gash","floor":4},{"not_picked":["Cold Snap","Rip and Tear"],"picked":"Seek","floor":7},{"not_picked":["Chaos","Undo"],"picked":"Sweeping Beam","floor":8},{"not_picked":["Chaos","Barrage","Sweeping Beam"],"picked":"SKIP","floor":11},{"not_picked":["Steam","Streamline"],"picked":"Rebound","floor":14},{"not_picked":["Core Surge","Fission"],"picked":"Seek","floor":16},{"not_picked":["Force Field"],"picked":"SKIP","floor":18},{"not_picked":["Ball Lightning"],"picked":"SKIP","floor":20},{"not_picked":["Barrage"],"picked":"SKIP","floor":22},{"not_picked":["Doom and Gloom"],"picked":"SKIP","floor":28},{"not_picked":[],"picked":"Reprogram","floor":29},{"not_picked":["Reprogram"],"picked":"SKIP","floor":31}],"player_experience":791414,"relics_obtained":[{"floor":9,"key":"Blue Candle"},{"floor":26,"key":"HornCleat"},{"floor":29,"key":"Torii"}],"event_choices":[{"damage_healed":0,"gold_gain":0,"player_choice":"Lose Max HP","damage_taken":0,"relics_obtained":["Golden Idol"],"max_hp_gain":0,"max_hp_loss":7,"event_name":"Golden Idol","floor":2,"gold_loss":0},{"damage_healed":0,"gold_gain":0,"player_choice":"Got Potions","damage_taken":0,"max_hp_gain":0,"max_hp_loss":0,"event_name":"Lab","floor":5,"gold_loss":0},{"cards_removed":["Defend_B"],"damage_healed":0,"gold_gain":0,"player_choice":"Forget","damage_taken":0,"max_hp_gain":0,"max_hp_loss":0,"event_name":"Living Wall","floor":10,"gold_loss":0},{"damage_healed":0,"gold_gain":75,"player_choice":"Gather Gold","damage_taken":11,"max_hp_gain":0,"max_hp_loss":0,"event_name":"World of Goop","floor":12,"gold_loss":0},{"cards_removed":["Strike_B"],"damage_healed":0,"gold_gain":0,"player_choice":"Offered Basic","damage_taken":0,"max_hp_gain":0,"max_hp_loss":0,"event_name":"Bonfire Elementals","floor":19,"gold_loss":0},{"damage_healed":0,"gold_gain":0,"player_choice":"Ignored","damage_taken":0,"max_hp_gain":0,"max_hp_loss":0,"event_name":"Vampires","floor":21,"gold_loss":0},{"damage_healed":0,"gold_gain":0,"player_choice":"Gave Idol","damage_taken":0,"relics_obtained":["Bloody Idol"],"max_hp_gain":0,"max_hp_loss":0,"event_name":"Forgotten Altar","floor":27,"relics_lost":["Golden Idol"],"gold_loss":0},{"damage_healed":0,"gold_gain":90,"player_choice":"GOLD ","damage_taken":12,"max_hp_gain":0,"max_hp_loss":0,"event_name":"Knowing Skull","floor":30,"potions_obtained":[],"gold_loss":0,"cards_obtained":[]}],"is_beta":false,"boss_relics":[{"not_picked":["Ectoplasm","Fusion Hammer"],"picked":"Busted Crown"}],"items_purged_floors":[24],"is_endless":false,"potions_floor_spawned":[3,4,11,16,20,22,31],"killed_by":"Automaton","ascension_level":20}}