{"host":"x7jew6kw6hhmneul","time":1608347277,"event":{"mods":["Act Like it!","Ascension Reborn","BaseMod","Colored Powertips","FoggyMod","Gensokyo","GifTheSpireLib","HololiveMod","Hubris","Jedi Mod","KomeijiMod","Luminous","Minty Spire (QoL Compilation)","MostiFishMod","Quick Restart","Remilia（蕾米莉亚）","Replay The Spire","RumiaBox-露米娅的神秘盒子","Ryuuou龙王","SIMod","SOS（斯巴达之子）","Spicy Shops","Spire Birthday Party","StSLib","Waifu the Spire","WarShipGirlsR/战舰少女R mod","Yuri Mod","Yuyuko","vexMod","【遗物卡牌】REMEMod"],"gold_per_floor":[115,115,115,115,115,156,177,24,24,49,74,115,161,195,195,343,343,384,384,192,224,274,355,355,355,407,438,413,413,109,109,109,273,273,312,62,62,119,119,0,89,89,138,138,183,183,183,230,230,256],"floor_reached":51,"playtime":1631,"items_purged":[],"score":926,"play_id":"369ebd92-0cd9-4c36-9753-0520b6c21782","local_time":"20201219110757","is_ascension_mode":true,"campfire_choices":[{"floor":15,"key":"REST"},{"data":"1","floor":42,"key":"LIFT"},{"data":"2","floor":47,"key":"LIFT"},{"data":"3","floor":49,"key":"LIFT"}],"circlet_count":0,"master_deck":["yuri:yuriStrike","yuri:yuriStrike","yuri:yuriStrike","yuri:yuriStrike","yuri:yuriStrike","yuri:yuriDefend+1","yuri:yuriDefend","yuri:yuriDefend","yuri:yuriDefend","yuri:yuriDefend","yuri:Oolong","yuri:yuriStab+1","MostiFishMod:Neptune","MostiFishMod:TheEndOfMoonlight+1","MostiFishMod:SparklingWater+1","MostiFishMod:NightSea","Juggernaut+1","yuri:ThrowBook+1","Ball Lightning","Hololive_CallCivia","Cleave","Streamline","SeekerWire+1","Anxiousness+1","PartyCana","RushToSky","Dodge and Roll","DiffusionOfMisfortune+1","Apotheosis","yuri:Parry","Necronomicurse","yuri:MultiDip","yuri:GlitchedStrike","yuri:DisableStrike","Deep Breath","yuri:Spin","MostiFishMod:Mottled","Straight","yuri:BookRed","yuri:MultiDip","yuri:ThrowBook","RocketKickup+1","rmod:intelligenceanalysis","yuri:DisableStrike","Finesse","yuri:Skip","yuri:HeavierStrike","GasuOrimono+1"],"relics":["yuri:yuriKnife","DaveBox","REME_ComplimentaryCards","MoonlightInvasionPlan","Question Card","PrismaticShard","Golden Idol","Replay:Bottled Steam","Hololive_LightStick","Blue Doll","Thread and Needle","Replay:Bandana","ImportantClient","ExusiaiGun","vexMod:RedPlottingStone","vexMod:BarristanHead","Whetstone","Necronomicon","Girya","vexMod:CursedCompass","War Paint","Bird Faced Urn","jedi:gremlinknob","Replay:Wax Seal","hubris:Towel","Replay:Bottled Eggs"],"acts_visited":["Exordium","TheCity","TheBeyond"],"potions_floor_usage":[16,16],"damage_taken":[{"damage":0,"enemies":"Small Slimes","floor":1,"turns":3},{"damage":14,"enemies":"3 Sentries","floor":6,"turns":4},{"damage":0,"enemies":"Jaw Worm","floor":7,"turns":1},{"damage":0,"enemies":"2 Louse","floor":10,"turns":1},{"damage":0,"enemies":"Exordium Thugs","floor":11,"turns":1},{"damage":11,"enemies":"Lagavulin","floor":12,"turns":4},{"damage":0,"enemies":"Red Slaver","floor":14,"turns":2},{"damage":7,"enemies":"The Guardian","floor":16,"turns":5},{"damage":0,"enemies":"3 Byrds","floor":18,"turns":1},{"damage":0,"enemies":"2 Thieves","floor":21,"turns":1},{"damage":0,"enemies":"Snecko","floor":22,"turns":2},{"damage":3,"enemies":"Book of Stabbing","floor":23,"turns":2},{"damage":0,"enemies":"Centurion and Healer","floor":27,"turns":1},{"damage":0,"enemies":"hubris:MusketHawk","floor":33,"turns":1},{"damage":0,"enemies":"Orb Walker","floor":35,"turns":2},{"damage":0,"enemies":"3 Shapes","floor":38,"turns":1},{"damage":0,"enemies":"Writhing Mass","floor":41,"turns":1},{"damage":0,"enemies":"3 Darklings","floor":45,"turns":1},{"damage":0,"enemies":"Nemesis","floor":48,"turns":1},{"damage":20,"enemies":"Time Eater","floor":50,"turns":2}],"seed_played":"-2097064050308954399","potions_obtained":[{"floor":7,"key":"Strength Potion"},{"floor":10,"key":"Fire Potion"},{"floor":22,"key":"Venom Potion"},{"floor":33,"key":"BlessingOfTheForge"}],"is_trial":false,"path_per_floor":["M","?","?","?","?","E","M","$","T","M","M","E","T","M","R","B",null,"M","?","?","M","M","E","?","T","T","M","?","?","$","?","R","B",null,"M","$","?","M","?","$","M","R","T","?","M","?","R","E","R","B",null],"character_chosen":"YURI","items_purchased":["Hololive_LightStick","yuri:MultiDip","yuri:GlitchedStrike","Girya","War Paint","yuri:BookRed","yuri:MultiDip","yuri:ThrowBook","jedi:gremlinknob","yuri:DisableStrike"],"campfire_rested":1,"item_purchase_floors":[8,30,30,30,36,36,36,36,40,40],"current_hp_per_floor":[88,70,70,70,81,67,67,67,67,67,67,60,60,64,81,78,81,81,81,81,81,81,78,78,78,78,78,78,62,62,62,81,81,81,81,81,81,81,81,81,81,81,81,81,81,81,81,81,81,61],"gold":256,"neow_bonus":"TEN_PERCENT_HP_BONUS","is_daily":false,"chose_seed":false,"campfire_upgraded":0,"win_rate":0.0,"timestamp":1608347277,"path_taken":["M","?","?","?","?","E","?","?","T","?","?","E","?","?","R","BOSS","M","?","?","?","?","E","?","?","T","?","?","?","?","?","R","BOSS","M","$","?","?","?","?","?","R","T","?","?","?","R","E","R","BOSS"],"items_purchased_type":["Relic","Card","Card","Relic","Relic","Card","Card","Card","Relic","Card"],"build_version":"2020-12-13","purchased_purges":0,"victory":true,"max_hp_per_floor":[88,88,88,81,81,81,81,81,81,81,81,81,81,81,81,81,81,81,81,81,81,81,81,81,81,81,81,81,81,81,81,81,81,81,81,81,81,81,81,81,81,81,81,81,81,81,81,81,81,81],"card_choices":[{"not_picked":["yuri:Skip","yuri:MPose"],"picked":"yuri:ThrowBook","floor":1},{"not_picked":["Sweeping Beam","yuri:ReactiveMadness","Fission"],"picked":"Ball Lightning","floor":6},{"not_picked":["Hologram","Concentrate","FlurryOfBlows"],"picked":"Hololive_CallCivia","floor":7},{"not_picked":["yuri:BookPurple","SeishiRoten+1","REME_TheoryOfElimination"],"picked":"Cleave","floor":10},{"not_picked":["FateConcerto","Spear of Papilio","Auto Shields"],"picked":"Streamline","floor":11},{"not_picked":["Butterflies Rainbow","Smile","Celebrities"],"picked":"SeekerWire+1","floor":12},{"not_picked":["Become Phantom","MissingPower","yuri:Stare"],"picked":"Anxiousness","floor":14},{"not_picked":["yuri:Torment","CowboySkills","Hololive_FlareMind"],"picked":"PartyCana","floor":16},{"not_picked":["Hololive_CallRoboco+1","Rupture","MostiFishMod:Clarity+1"],"picked":"RushToSky","floor":18},{"not_picked":["BloodPact","GemstoneDetection","The Forgotten Winter"],"picked":"Dodge and Roll","floor":21},{"not_picked":["City of Death","ShyakuBuku","KillingWithKindness"],"picked":"DiffusionOfMisfortune+1","floor":22},{"not_picked":["Batlization+1","Limit Break","Hololive_CallMinatoAqua+1","Run Through"],"picked":"SKIP","floor":23},{"not_picked":["Lunch","CutThroughFate","KimairaNoYoku"],"picked":"yuri:Parry","floor":27},{"not_picked":["Luminous:Arcane_Rage_Luminous","ReplayTheSpireMod:Fabricate Wheel","jedi:bloodyhammer"],"picked":"MostiFishMod:Mottled","floor":33},{"not_picked":["jedi:BurstLightning","Spear of Papilio+1","Warpath"],"picked":"Straight","floor":35},{"not_picked":["Airhike+1","rmod:unsinkable+1","Reflex+1"],"picked":"RocketKickup+1","floor":38},{"not_picked":["ReplayTheSpireMod:System Scan+1","Steam","Ghostdom Sakura"],"picked":"rmod:intelligenceanalysis","floor":39},{"not_picked":["Maim","Hololive_CallAmaneKanata+1","CheerUp"],"picked":"Finesse","floor":41},{"not_picked":["Consecrate+1","Honesty","KillingWithKindness"],"picked":"yuri:HeavierStrike","floor":45},{"not_picked":["MostiFishMod:DawningShadow","Backflip+1","Warpath+1"],"picked":"GasuOrimono+1","floor":48}],"player_experience":131106,"relics_obtained":[{"floor":1,"key":"Question Card"},{"floor":1,"key":"PrismaticShard"},{"floor":6,"key":"Replay:Bottled Steam"},{"floor":9,"key":"Blue Doll"},{"floor":12,"key":"Thread and Needle"},{"floor":13,"key":"Replay:Bandana"},{"floor":16,"key":"ImportantClient"},{"floor":23,"key":"vexMod:RedPlottingStone"},{"floor":25,"key":"vexMod:BarristanHead"},{"floor":26,"key":"Whetstone"},{"floor":29,"key":"Necronomicon"},{"floor":39,"key":"Bird Faced Urn"},{"floor":43,"key":"Replay:Wax Seal"},{"floor":48,"key":"Replay:Bottled Eggs"}],"event_choices":[{"damage_healed":0,"gold_gain":0,"player_choice":"Entered Light","damage_taken":18,"max_hp_gain":0,"max_hp_loss":0,"event_name":"Shining Light","floor":2,"gold_loss":0,"cards_upgraded":["MostiFishMod:TheEndOfMoonlight","MostiFishMod:FantasySummer"]},{"damage_healed":0,"gold_gain":0,"player_choice":"Grow","damage_taken":0,"max_hp_gain":0,"max_hp_loss":0,"event_name":"Living Wall","floor":3,"gold_loss":0,"cards_upgraded":["yuri:yuriStab"]},{"damage_healed":0,"gold_gain":0,"player_choice":"Lose Max HP","damage_taken":0,"relics_obtained":["Golden Idol"],"max_hp_gain":0,"max_hp_loss":7,"event_name":"Golden Idol","floor":4,"gold_loss":0},{"damage_healed":0,"gold_gain":0,"player_choice":"Ignored","damage_taken":0,"max_hp_gain":0,"max_hp_loss":0,"event_name":"Ghosts","floor":19,"gold_loss":0},{"damage_healed":0,"gold_gain":0,"player_choice":"Obtained Book","damage_taken":16,"max_hp_gain":0,"max_hp_loss":0,"event_name":"Cursed Tome","floor":29,"gold_loss":0},{"damage_healed":0,"gold_gain":0,"player_choice":"3 cards matched","damage_taken":0,"max_hp_gain":0,"max_hp_loss":0,"event_name":"Match and Keep!","floor":31,"gold_loss":0,"cards_obtained":["yuri:DisableStrike","Deep Breath","yuri:Spin"]},{"damage_healed":0,"gold_gain":0,"player_choice":"Ignored","damage_taken":0,"max_hp_gain":0,"max_hp_loss":0,"event_name":"SecretPortal","floor":37,"gold_loss":0},{"damage_healed":0,"gold_gain":0,"player_choice":"1 cards matched","damage_taken":0,"max_hp_gain":0,"max_hp_loss":0,"event_name":"Match and Keep!","floor":44,"gold_loss":0,"cards_obtained":["yuri:Skip"]}],"is_beta":false,"boss_relics":[{"not_picked":["EE1DDrone","hubris:RunicObelisk"],"picked":"ExusiaiGun"},{"not_picked":["GuanYuAspect","REME_DemonsWealth"],"picked":"vexMod:CursedCompass"}],"items_purged_floors":[],"is_endless":false,"potions_floor_spawned":[7,10,12,14,22,33,35,38,41],"ascension_level":0}}