{"host":"gcgybqvjrjs283ro","time":1608368371,"event":{"mods":["Aspiration","BaseMod","Beaked The Cultist","Downfall","GifTheSpireLib","Glutton Mod","Hermit","Hubris","Infinite Spire","Jorbs\u0027s Wanderer Trilogy","Minty Spire (QoL Compilation)","READ ME - Snecko Mod","Replay The Spire","Shade Mod","StSLib","The Animator","The Construct","The Cursed","The Disciple","The Jungle","The Mystic","The Necromancer","The Runesmith","vexMod"],"gold_per_floor":[111,123,135,179,204,232,267,129,159,199,228,240,13,29,44,144,144,144,40,315,326,341,359,359,359,385,310,310,326,338,350,363,458,458,458,458,470,488,588,602,683,683,683,683],"floor_reached":43,"playtime":4328,"items_purged":[],"score":587,"play_id":"091dea95-b271-4794-8dbd-092216cb9d2d","local_time":"20201219095931","is_ascension_mode":false,"campfire_choices":[{"floor":1,"key":"RECALL"},{"floor":3,"key":"REST"},{"floor":8,"key":"REST"},{"data":"hexamod:EmpoweringStance","floor":18,"key":"SMITH"},{"data":"hexamod:VolcanoVisage","floor":25,"key":"SMITH"},{"data":"hexamod:EtherealExpedition","floor":27,"key":"SMITH"},{"floor":42,"key":"REST"}],"circlet_count":0,"master_deck":["hexamod:Strike","hexamod:Strike","hexamod:Strike","hexamod:Defend","hexamod:Defend","hexamod:Defend","hexamod:Defend","hexamod:Sear","hexamod:Float","hexamod:InspiringFlames","hexamod:HauntingEcho","hexamod:RainOfEmbers","hexamod:HeatShield","hexamod:SpectersWail","hexamod:VolcanoVisage+1","infinitespire:Oblivion","hexamod:EmpoweringStance+1","hexamod:FourthSeal","hexamod:GhostflameBarrier","hexamod:NightmareStrike","hexamod:FifthSeal","hexamod:ThirdSeal","expansioncontent:LastStand","Regret","hexamod:SwordOfDarkness+1","hexamod:AdvancingGuard+1","hexamod:RainOfEmbers","hexamod:EtherealExpedition+1","hexamod:Firestarter+1","hexamod:Incineration+1","hexamod:EtherealExpedition","hexamod:Rewind+1","hexamod:TimeOfNeed","hexamod:RadiantFlame+1","hexamod:FirstSeal","hexamod:GhostOfSpirePresent+1","hexamod:SecondSeal","hexamod:GhostflameInferno","hexamod:SixthSeal","hexamod:FirstSeal","hexamod:BacktrackSmack+1","hexamod:EmpoweredFlame","hexamod:ExtraCrispy+1","hexamod:RainOfEmbers+1","hexamod:NightmareStrike+1","hexamod:SpectersWail"],"relics":["hexamod:SpiritBrand","MawBank","ReplayTheSpireMod:Shallot","hubris:FruitBowl","infinitespire:WardingShard","downfall:HeartBlessingRed","downfall:HeartBlessingBlue","Bag of Marbles","aspiration:Nostalgia","hermit:Momento","vexMod:CursedCompass","InkBottle","Gambling Chip","downfall:HeartBlessingGreen","aspiration:ChemicalBlood","aspiration:RitualDagger","Replay:Wax Seal","Potion Belt","vexMod:InvisibilityCloak"],"acts_visited":["Exordium","theJungle:Jungle","TheBeyond"],"potions_floor_usage":[13,16,21,21,22,23,23,26,31,31,32,32,33,33,33,37,38,38,39,39,39,40,40,43,43,43,43,43],"damage_taken":[{"damage":35,"enemies":"3 Sentries","floor":4,"turns":11},{"damage":0,"enemies":"Cultist","floor":5,"turns":5},{"damage":0,"enemies":"Small Slimes","floor":6,"turns":3},{"damage":2,"enemies":"Jaw Worm","floor":9,"turns":3},{"damage":0,"enemies":"Gremlin Nob","floor":10,"turns":4},{"damage":0,"enemies":"Blue Slaver","floor":11,"turns":3},{"damage":8,"enemies":"downfall:FleeingMerchant","floor":13,"turns":4},{"damage":0,"enemies":"Red Slaver","floor":14,"turns":4},{"damage":0,"enemies":"3 Louse","floor":15,"turns":2},{"damage":0,"enemies":"downfall:Silent","floor":16,"turns":6},{"damage":0,"enemies":"downfall:FleeingMerchant","floor":19,"turns":4},{"damage":4,"enemies":"theJungle:Flameango_and_Byrd","floor":21,"turns":4},{"damage":0,"enemies":"Shell Parasite","floor":22,"turns":3},{"damage":6,"enemies":"theJungle:2_Flameangoes","floor":23,"turns":5},{"damage":4,"enemies":"Nightmare","floor":26,"turns":8},{"damage":0,"enemies":"theJungle:2_Snecko_Cultists","floor":29,"turns":1},{"damage":10,"enemies":"theJungle:Snecko_Cultist_And_Trap","floor":30,"turns":5},{"damage":13,"enemies":"Snake Plant","floor":31,"turns":3},{"damage":0,"enemies":"theJungle:Lyon","floor":32,"turns":3},{"damage":26,"enemies":"downfall:Watcher","floor":33,"turns":7},{"damage":33,"enemies":"3 Darklings","floor":37,"turns":5},{"damage":19,"enemies":"Orb Walker","floor":38,"turns":3},{"damage":55,"enemies":"downfall:LadyInBlue","floor":39,"turns":9},{"damage":46,"enemies":"Transient","floor":40,"turns":5},{"damage":105,"enemies":"Nightmare","floor":43,"turns":7}],"seed_played":"-4770038501032264732","potions_obtained":[{"floor":6,"key":"champ:CounterPotion"},{"floor":9,"key":"Fire Potion"},{"floor":11,"key":"Fire Potion"},{"floor":15,"key":"Reflective Coating"},{"floor":19,"key":"construct:ShiftPotion"},{"floor":21,"key":"Cursed Concoction"},{"floor":21,"key":"Energy Potion"},{"floor":22,"key":"sneckomod:MuddlingPotion"},{"floor":23,"key":"hexamod:DoubleChargePotion"},{"floor":26,"key":"construct:ShiftPotion"},{"floor":29,"key":"Toxic Potion"},{"floor":31,"key":"PowerPotion"},{"floor":31,"key":"Fire Potion"},{"floor":32,"key":"PowerPotion"},{"floor":32,"key":"Slimebound:ThreeZeroPotion"},{"floor":33,"key":"PowerPotion"},{"floor":37,"key":"hexamod:EctoCoolerPotion"},{"floor":38,"key":"AttackPotion"},{"floor":39,"key":"Dexterity Potion"},{"floor":40,"key":"SneckoOil"}],"is_trial":false,"path_per_floor":["R","$","R","E","M","M","T","R","M","E","M","?","$","M","M","B",null,"R","$","?","M","M","M","T","R","NM","R","AVR","M","M","M","M","B",null,"R","AVR","M","M","?","M","T","R","NM"],"character_chosen":"THE_SPIRIT","items_purchased":["ReplayTheSpireMod:Shallot","hubris:FruitBowl","hexamod:FourthSeal","aspiration:Nostalgia","expansioncontent:LastStand"],"campfire_rested":3,"item_purchase_floors":[2,2,13,13,19],"current_hp_per_floor":[70,35,56,21,21,21,21,61,59,59,59,38,30,30,30,30,85,85,85,85,81,81,75,75,75,71,71,71,71,61,48,48,29,85,85,85,59,47,85,72,72,85,0,0],"gold":683,"neow_bonus":"RANDOM_COMMON_RELIC","is_daily":false,"chose_seed":false,"campfire_upgraded":3,"win_rate":0.0,"timestamp":1608368371,"path_taken":["R","?","R","E","M","M","T","R","M","E","M","?","?","M","M","BOSS","R","?","?","M","M","M","T","R","NM","R","AVR","?","M","M","M","BOSS","R","AVR","?","M","?","M","T","R","NM"],"items_purchased_type":["Relic","Relic","Card","Relic","Card"],"build_version":"2020-12-13","purchased_purges":0,"victory":false,"max_hp_per_floor":[70,70,70,70,70,70,70,85,85,85,85,85,85,85,85,85,85,85,85,85,85,85,85,85,85,85,85,85,85,85,85,85,85,85,85,85,85,85,85,85,85,85,85,85],"card_choices":[{"not_picked":["hexamod:NightmareStrike","hexamod:FastForward"],"picked":"hexamod:InspiringFlames","floor":4},{"not_picked":["hexamod:StepThrough","hexamod:HeatCrush"],"picked":"hexamod:HauntingEcho","floor":5},{"not_picked":["hexamod:SwordOfDarkness","hexamod:Firestarter"],"picked":"hexamod:RainOfEmbers","floor":6},{"not_picked":["hexamod:NightmareStrike","hexamod:RainOfEmbers"],"picked":"hexamod:HeatShield","floor":9},{"not_picked":["hexamod:NightmareGuise","hexamod:SwordOfDarkness"],"picked":"hexamod:SpectersWail","floor":10},{"not_picked":["hexamod:GhostShield","hexamod:EmpoweredFlame"],"picked":"hexamod:VolcanoVisage","floor":11},{"not_picked":["infinitespire:DeathsTouch","infinitespire:Menacing"],"picked":"infinitespire:Oblivion","floor":12},{"not_picked":["hexamod:NightmareGuise","hexamod:SwordOfDarkness"],"picked":"hexamod:EmpoweringStance","floor":13},{"not_picked":["hexamod:DynamicBlow","hexamod:SpectralAdrenaline"],"picked":"hexamod:GhostflameBarrier","floor":14},{"not_picked":["hexamod:ShieldOfDarkness","hexamod:GhostShield"],"picked":"hexamod:NightmareStrike","floor":15},{"not_picked":["hexamod:EmpoweringStance","hexamod:UnleashSpirits"],"picked":"hexamod:FifthSeal","floor":16},{"not_picked":["hexamod:RainOfEmbers","hexamod:HeatShield"],"picked":"hexamod:ThirdSeal","floor":19},{"not_picked":["hexamod:Again","hexamod:SpectersWail"],"picked":"hexamod:SwordOfDarkness+1","floor":21},{"not_picked":["hexamod:RainOfEmbers+1","hexamod:SpectersWail"],"picked":"hexamod:AdvancingGuard+1","floor":21},{"not_picked":["hexamod:SwordOfDarkness","hexamod:RetreatToShadows"],"picked":"hexamod:RainOfEmbers","floor":22},{"not_picked":["hexamod:UnleashSpirits","hexamod:Firestarter"],"picked":"hexamod:EtherealExpedition","floor":22},{"not_picked":["hexamod:HauntingEcho","hexamod:SecondSeal"],"picked":"hexamod:Firestarter+1","floor":23},{"not_picked":["hexamod:InspiringFlames+1","hexamod:RainOfEmbers"],"picked":"hexamod:Incineration+1","floor":23},{"not_picked":["hexamod:NightmareGuise","hexamod:AdvancingGuard"],"picked":"hexamod:EtherealExpedition","floor":26},{"not_picked":["hexamod:SwordOfDarkness","hexamod:NightmareGuise"],"picked":"hexamod:Rewind","floor":29},{"not_picked":["hexamod:NightmareStrike","hexamod:ChargedBarrage+1"],"picked":"hexamod:TimeOfNeed","floor":30},{"not_picked":["hexamod:PhantomFireball+1","hexamod:InspiringFlames"],"picked":"hexamod:RadiantFlame+1","floor":31},{"not_picked":["hexamod:ThirdSeal","hexamod:SecondSeal"],"picked":"hexamod:FirstSeal","floor":32},{"not_picked":["hexamod:Hexaguard","hexamod:InspiringFlames+1"],"picked":"hexamod:GhostOfSpirePresent+1","floor":32},{"not_picked":["hexamod:ThirdSeal","hexamod:FourthSeal"],"picked":"hexamod:SecondSeal","floor":33},{"not_picked":["hexamod:FifthSeal","hexamod:TimeWarp"],"picked":"hexamod:GhostflameInferno","floor":33},{"not_picked":["hexamod:ThirdSeal","hexamod:FourthSeal"],"picked":"hexamod:FirstSeal","floor":37},{"not_picked":["hexamod:SpectralAdrenaline+1","hexamod:NightmareStrike+1"],"picked":"hexamod:BacktrackSmack+1","floor":37},{"not_picked":["hexamod:NightmareGuise+1","hexamod:Firestarter+1"],"picked":"hexamod:EmpoweredFlame","floor":37},{"not_picked":["hexamod:ShieldOfDarkness+1","hexamod:CatchUp"],"picked":"hexamod:ExtraCrispy+1","floor":38},{"not_picked":["hexamod:FifthSeal","hexamod:ShieldOfDarkness"],"picked":"hexamod:RainOfEmbers+1","floor":39},{"not_picked":["hexamod:GhostflameBarrier","hexamod:GhostShield"],"picked":"hexamod:NightmareStrike+1","floor":39},{"not_picked":["hexamod:ThermalTransfer","hexamod:AdvancingGuard"],"picked":"hexamod:SpectersWail","floor":40}],"player_experience":155082,"relics_obtained":[{"floor":4,"key":"infinitespire:WardingShard"},{"floor":10,"key":"Bag of Marbles"},{"floor":24,"key":"InkBottle"},{"floor":26,"key":"Gambling Chip"},{"floor":39,"key":"Potion Belt"},{"floor":41,"key":"vexMod:InvisibilityCloak"}],"event_choices":[],"is_beta":false,"boss_relics":[{"not_picked":["Coffee Dripper","aspiration:RunesmithSkillbook"],"picked":"vexMod:CursedCompass"},{"not_picked":["Replay:Grab Bag","ReplayTheSpireMod:SealedPack"],"picked":"aspiration:RitualDagger"}],"items_purged_floors":[],"is_endless":true,"potions_floor_spawned":[6,9,11,15,21,29,30,32,40],"killed_by":"Nightmare","ascension_level":0}}