{"host":"yo9wwslrag05lh37","time":1608403210,"event":{"mods":["AchievementEnabler","BaseMod","Block Reminder","Colored Map","Colored Powertips","GifTheSpireLib","HexUI Lib","Highlight Path","Minty Spire (QoL Compilation)","Rare Cards Sparkle","Relic Stats","StSLib","everything is the same but u backflip on backflip"],"gold_per_floor":[218,229,241,241,133,161,161,187,187,187,210,226,226,23,23,95,95,109,109,129,139,139,139,171,171,171,171,190,202,231,231,231],"floor_reached":31,"playtime":976,"items_purged":[],"score":666,"play_id":"3aba288d-3496-4c9c-926b-12c66c540fab","local_time":"20201219194010","is_ascension_mode":true,"campfire_choices":[{"floor":7,"key":"REST"},{"floor":13,"key":"REST"},{"data":"Defragment","floor":15,"key":"SMITH"},{"data":"Defragment","floor":23,"key":"SMITH"},{"floor":25,"key":"REST"},{"floor":27,"key":"REST"}],"circlet_count":0,"master_deck":["AscendersBane","Strike_B+1","Defend_B+1","Defend_B+1","Defend_B+1","Zap","Dualcast","Conserve Battery","Defragment+1","Defragment+1","Cold Snap","Coolheaded+1","Electrodynamics","Lockon","Echo Form+1","Fusion+1","Melter+1","Self Repair+1","Compile Driver+1","Defragment+1","Tempest+1","Static Discharge+1","Amplify+1","Self Repair+1"],"relics":["Cracked Core","Bag of Marbles","Du-Vu Doll","Frozen Egg 2","Runic Capacitor","Astrolabe","War Paint","Letter Opener","Lantern"],"acts_visited":["Exordium","TheCity"],"potions_floor_usage":[6,16,18,30],"damage_taken":[{"damage":4,"enemies":"Jaw Worm","floor":1,"turns":4},{"damage":0,"enemies":"2 Louse","floor":2,"turns":3},{"damage":2,"enemies":"Small Slimes","floor":3,"turns":3},{"damage":50,"enemies":"Gremlin Nob","floor":6,"turns":5},{"damage":10,"enemies":"Lagavulin","floor":8,"turns":9},{"damage":6,"enemies":"Looter","floor":12,"turns":3},{"damage":0,"enemies":"Slime Boss","floor":16,"turns":6},{"damage":3,"enemies":"3 Byrds","floor":18,"turns":2},{"damage":17,"enemies":"Shell Parasite","floor":20,"turns":8},{"damage":16,"enemies":"Snecko","floor":21,"turns":5},{"damage":56,"enemies":"Slavers","floor":24,"turns":3},{"damage":5,"enemies":"Chosen and Byrds","floor":28,"turns":3},{"damage":46,"enemies":"Shelled Parasite and Fungi","floor":29,"turns":5},{"damage":18,"enemies":"Gremlin Leader","floor":30,"turns":4},{"damage":15,"enemies":"Centurion and Healer","floor":31,"turns":2}],"seed_played":"-120665617837421802","potions_obtained":[{"floor":1,"key":"Dexterity Potion"},{"floor":3,"key":"Explosive Potion"},{"floor":8,"key":"SteroidPotion"},{"floor":20,"key":"LiquidMemories"},{"floor":24,"key":"SteroidPotion"},{"floor":28,"key":"Fire Potion"},{"floor":29,"key":"Regen Potion"}],"is_trial":false,"path_per_floor":["M","M","M","?","$","E","R","E","T","?","T","M","R","$","R","B",null,"M","?","M","M","?","R","E","R","T","R","M","M","E","M"],"character_chosen":"DEFECT","items_purchased":["Cold Snap","Fire Potion","Runic Capacitor","Lockon"],"campfire_rested":4,"item_purchase_floors":[5,5,14,14],"current_hp_per_floor":[60,60,58,51,51,1,22,12,12,12,12,6,27,27,27,27,60,67,67,60,64,64,64,18,39,39,60,65,19,13,0,0],"gold":231,"neow_bonus":"HUNDRED_GOLD","is_daily":false,"chose_seed":false,"campfire_upgraded":2,"win_rate":0.0,"timestamp":1608403210,"path_taken":["M","M","M","?","$","E","R","E","T","?","?","M","R","$","R","BOSS","M","?","M","M","?","R","E","R","T","R","M","M","E","M"],"items_purchased_type":["Card","Potion","Relic","Card"],"build_version":"2020-12-13","purchased_purges":0,"victory":false,"max_hp_per_floor":[71,71,71,71,71,71,71,71,71,71,71,71,71,71,71,71,71,71,71,71,71,71,71,71,71,71,71,71,71,71,71,71],"relic_stats":{"counters":[15,65],"Astrolabe":["Fusion","Melter","Self Repair"],"Letter Opener":[15],"War Paint":["Coolheaded","Amplify"],"obtain_stats":[{"Du-Vu Doll":8,"Lantern":30,"Astrolabe":17,"Bag of Marbles":6,"Runic Capacitor":14,"Letter Opener":26,"Frozen Egg 2":9,"War Paint":24,"Cracked Core":0},{"Du-Vu Doll":5,"Lantern":14,"Astrolabe":7,"Bag of Marbles":4,"Runic Capacitor":6,"Letter Opener":11,"Frozen Egg 2":5,"War Paint":11,"Cracked Core":0},{"Du-Vu Doll":24,"Lantern":63,"Astrolabe":33,"Bag of Marbles":15,"Runic Capacitor":27,"Letter Opener":51,"Frozen Egg 2":24,"War Paint":51,"Cracked Core":0}]},"card_choices":[{"not_picked":["Compile Driver","Rebound"],"picked":"Conserve Battery","floor":1},{"not_picked":["Stack","Static Discharge"],"picked":"Defragment","floor":2},{"not_picked":["Skim","Sweeping Beam"],"picked":"Defragment","floor":3},{"not_picked":["Heatsinks","Amplify"],"picked":"Coolheaded","floor":6},{"not_picked":["Sweeping Beam","Chaos"],"picked":"Electrodynamics","floor":8},{"not_picked":["Sweeping Beam","Cold Snap","Coolheaded"],"picked":"SKIP","floor":12},{"not_picked":["Rainbow","Electrodynamics+1"],"picked":"Echo Form+1","floor":16},{"not_picked":["Go for the Eyes","Streamline+1"],"picked":"Compile Driver+1","floor":18},{"not_picked":["Redo","Cold Snap"],"picked":"Defragment+1","floor":20},{"not_picked":["Conserve Battery+1","Go for the Eyes"],"picked":"Tempest+1","floor":21},{"not_picked":["Coolheaded","Stack+1"],"picked":"Amplify","floor":24},{"not_picked":["Conserve Battery","BootSequence","Redo"],"picked":"SKIP","floor":28},{"not_picked":["Sweeping Beam","Gash","Tempest"],"picked":"SKIP","floor":29},{"not_picked":["Machine Learning+1","Streamline"],"picked":"Self Repair+1","floor":30}],"player_experience":1344765,"relics_obtained":[{"floor":6,"key":"Bag of Marbles"},{"floor":8,"key":"Du-Vu Doll"},{"floor":9,"key":"Frozen Egg 2"},{"floor":24,"key":"War Paint"},{"floor":26,"key":"Letter Opener"},{"floor":30,"key":"Lantern"}],"event_choices":[{"cards_removed":["Strike_B"],"damage_healed":0,"gold_gain":0,"player_choice":"Card Removal","damage_taken":7,"max_hp_gain":0,"max_hp_loss":0,"event_name":"Golden Wing","floor":4,"gold_loss":0},{"damage_healed":0,"gold_gain":0,"player_choice":"Fled","damage_taken":0,"max_hp_gain":0,"max_hp_loss":0,"event_name":"Scrap Ooze","floor":10,"gold_loss":0},{"damage_healed":0,"gold_gain":0,"player_choice":"Simplicity","damage_taken":0,"max_hp_gain":0,"max_hp_loss":0,"event_name":"Back to Basics","floor":19,"gold_loss":0,"cards_upgraded":["Strike_B","Defend_B","Defend_B","Defend_B"]},{"damage_healed":0,"gold_gain":0,"player_choice":"Read","damage_taken":0,"max_hp_gain":0,"max_hp_loss":0,"event_name":"The Library","floor":22,"gold_loss":0,"cards_obtained":["Static Discharge"]}],"is_beta":false,"boss_relics":[{"not_picked":["SacredBark","Tiny House"],"picked":"Astrolabe"}],"items_purged_floors":[],"is_endless":false,"potions_floor_spawned":[1,3,8,20,24,28,29],"killed_by":"Centurion and Healer","ascension_level":20}}