{"host":"y8hg8nbtd8qkv7tj","time":1608353102,"event":{"mods":["AchievementEnabler","Aspiration","BaseMod","BetterRewards","CapriCore","Colored Map","Downfall","Friendly Minions","GifTheSpireLib","GungeonMod","Hubris","Lobotomy","Minty Spire (QoL Compilation)","Replay The Spire","StSLib","The Animator","The Bladedancer","The Death Knight"],"gold_per_floor":[100,100,113,123,134,134,134,167,167,194,209,224,238,248,260,379,379,379,379,379,397,397,92,103,130,144,162,162,182,193,210,228,240,337,337,337,349,369,36,47,79,79,79,91,102,86,98,116,133,149,110,110],"floor_reached":51,"playtime":4871,"items_purged":[],"score":765,"play_id":"f73144b9-30b7-4f01-b511-83f5c61c7c08","local_time":"20201218234502","daily_mods":["Vintage","Time Dilation","Flight","DeadlyEvents","Elite Swarm","downfall:ExchangeController"],"is_ascension_mode":true,"campfire_choices":[{"floor":6,"key":"REST"},{"floor":20,"key":"REST"},{"floor":22,"key":"REST"}],"circlet_count":0,"master_deck":["ApocalypseBird","PunishingBird","LongBird","BigBird","Demon Form","Wraith Form v2","Echo Form","DevaForm","sneckomod:SerpentMind","Guardian:ConstructionForm","Slimebound:DuplicatedForm+1","DemoMod:GunslingerForm","SpecialBullet","SpecialBullet","SpecialBullet","SpecialBullet","SpecialBullet","SpecialBullet","ControlCode","SecurityCode","TrainingCode","InformationCode","VoidDream","OldLady","ParadiseLost","Wellcheers","ShyLook","DisciplinaryCode","Mercenary","SomewhereSpear+1","Panache+1","RedShoes","HereticApostle","QueenBee","Freischutz","Funeral","CentralCode","SingingMachine","BodiesMountain","QueenOfHatred","Bloodbath","LaLuna","BlackSwan","WelfareCode","HappyTeddy","BlackArmy","Scorched","DespairKnight","hubris:DuctTapeCard","WhiteNight","ExtractionCode","GreedKing"],"relics":["CogitoBucket","downfall:NeowBlessing_Player","Replay:WaspNest","Ancient Tea Set","Guardian:PocketSentry","Girya","Pet Ghost","Toy Ornithopter","TungstenRod","AspirationHeart","Happy Flower","Bird Faced Urn","Blue Doll","Potion Belt","aspiration:PoetsPen_weak","Twilight","Iron Hammer","TreeSap","Boot","hubris:DeckOfHolding","ReplayTheSpireMod:TigerMarble","aspiration:SeaSaltIceCream","aspiration:Nostalgia","sneckomod:SneckoSoul","Strawberry","AtMidnight","Pen Nib","FleshIdol","Replay:Rubber Ducky","hubris:CuriousFeather","Pondfish Scales","Molten Egg 2","hubris:Backtick","Lantern","aspiration:Lifesprig","DemoMod:DecoyRelic","DemoMod:PinkGuonStone","HornCleat","hubris:ToyBattleship","Shuriken","Pear","DemoMod:PoisonVial","hubris:Metronome","Vajra","hubris:DuctTape","DemoMod:WhiteGuonStone"],"acts_visited":["Exordium","TheCity","TheBeyond"],"potions_floor_usage":[],"damage_taken":[{"damage":24,"enemies":"Small Slimes","floor":3,"turns":4},{"damage":15,"enemies":"2 Louse","floor":4,"turns":3},{"damage":39,"enemies":"Jaw Worm","floor":5,"turns":4},{"damage":25,"enemies":"Replay:BlueRogue","floor":8,"turns":5},{"damage":36,"enemies":"Lagavulin","floor":10,"turns":7},{"damage":30,"enemies":"2 Fungi Beasts","floor":11,"turns":3},{"damage":5,"enemies":"Blue Slaver","floor":12,"turns":3},{"damage":14,"enemies":"Exordium Wildlife","floor":13,"turns":4},{"damage":41,"enemies":"Large Slime","floor":14,"turns":5},{"damage":11,"enemies":"Blue Slaver","floor":15,"turns":2},{"damage":47,"enemies":"downfall:Watcher","floor":16,"turns":7},{"damage":173,"enemies":"3 Byrds","floor":19,"turns":12},{"damage":42,"enemies":"3 Byrds","floor":21,"turns":7},{"damage":5,"enemies":"downfall:FleeingMerchant","floor":23,"turns":4},{"damage":2,"enemies":"Chosen","floor":24,"turns":3},{"damage":15,"enemies":"Snake Plant","floor":26,"turns":3},{"damage":11,"enemies":"Sentry and Sphere","floor":27,"turns":3},{"damage":85,"enemies":"Chosen and Byrds","floor":29,"turns":6},{"damage":0,"enemies":"Snecko","floor":30,"turns":1},{"damage":0,"enemies":"Cultist and Chosen","floor":31,"turns":2},{"damage":0,"enemies":"Sentry and Sphere","floor":32,"turns":1},{"damage":0,"enemies":"Centurion and Healer","floor":33,"turns":1},{"damage":13,"enemies":"downfall:Ironclad","floor":34,"turns":3},{"damage":0,"enemies":"Orb Walker","floor":37,"turns":1},{"damage":10,"enemies":"3 Shapes","floor":38,"turns":1},{"damage":4,"enemies":"Jaw Worm Horde","floor":40,"turns":3},{"damage":0,"enemies":"Nemesis","floor":41,"turns":1},{"damage":4,"enemies":"3 Darklings","floor":44,"turns":2},{"damage":32,"enemies":"4 Shapes","floor":45,"turns":2},{"damage":0,"enemies":"Jaw Worm Horde","floor":46,"turns":3},{"damage":22,"enemies":"Writhing Mass","floor":47,"turns":3},{"damage":0,"enemies":"Spire Growth","floor":48,"turns":2},{"damage":26,"enemies":"Transient","floor":49,"turns":5},{"damage":0,"enemies":"4 Shapes","floor":50,"turns":1},{"damage":560,"enemies":"downfall:Silent","floor":51,"turns":6}],"seed_played":"-4338313856938209062","potions_obtained":[{"floor":16,"key":"Dexterity Potion"},{"floor":34,"key":"Block Potion"}],"is_trial":true,"path_per_floor":["R","?","M","M","M","R","T","E","R","E","M","M","M","M","M","B",null,"R_BF","M","R","M","R","$","M","T","M","M","R","M","M","M","M","M","B",null,"R","M","M","?","M","E","T","R","M","M","M","M","M","M","M","B"],"character_chosen":"Angela","items_purchased":["Boot","Panache+1"],"campfire_rested":3,"item_purchase_floors":[23,23],"current_hp_per_floor":[170,170,154,147,116,167,167,150,150,126,117,127,125,92,96,80,300,300,151,241,215,300,150,154,154,151,163,163,107,119,135,147,162,182,293,293,297,297,334,345,345,345,345,345,337,358,359,371,375,375,0,0],"gold":110,"neow_bonus":"","is_daily":false,"chose_seed":false,"campfire_upgraded":0,"win_rate":0.0,"timestamp":1608353102,"path_taken":["R","?","M","M","M","R","T","E","R","E","M","M","M","M","M","BOSS","R_BF","M","R","M","R","$","M","T","M","M","R","M","M","M","M","M","BOSS","R","M","M","?","M","E","T","R","M","M","M","M","M","M","M","BOSS"],"items_purchased_type":["Relic","Card"],"build_version":"2020-12-13","purchased_purges":0,"victory":false,"max_hp_per_floor":[170,170,170,170,170,170,170,170,170,174,184,188,192,192,196,200,300,300,300,300,300,300,150,154,154,158,169,169,173,177,181,185,189,193,293,293,297,297,334,345,345,345,345,345,359,363,367,371,375,379,379,379],"card_choices":[{"not_picked":["ShyLook","MHz"],"picked":"VoidDream","floor":3},{"not_picked":["CherryBlossoms","BeautyBeast"],"picked":"BigBird","floor":4},{"not_picked":["GalaxyChild","SpiderBud"],"picked":"OldLady","floor":5},{"not_picked":["DaCapo","Adoration"],"picked":"SKIP","floor":8},{"not_picked":["Adoration"],"picked":"ParadiseLost","floor":10},{"not_picked":["Bloodbath","Laetitia"],"picked":"Wellcheers","floor":10},{"not_picked":["WallGazer","LittleHelper"],"picked":"ShyLook","floor":12},{"not_picked":["WallGazer","UniverseFragment"],"picked":"LongBird","floor":13},{"not_picked":["OSAHOGD","Scorched"],"picked":"PunishingBird","floor":15},{"not_picked":["Justitia"],"picked":"Adoration","floor":16},{"not_picked":["FairyFestival","Scorched"],"picked":"Mercenary","floor":16},{"not_picked":["MagicBullet"],"picked":"SomewhereSpear+1","floor":19},{"not_picked":["Christmas"],"picked":"Tough+1","floor":23},{"not_picked":["BeautyBeast","Porccubus"],"picked":"RedShoes","floor":24},{"not_picked":["CENSORED","HeroicMonk"],"picked":"OSAHOGD","floor":26},{"not_picked":["Alriune","FairyFestival"],"picked":"QueenBee","floor":27},{"not_picked":["MHz","HappyTeddy"],"picked":"Freischutz","floor":29},{"not_picked":["CherryBlossoms","GalaxyChild"],"picked":"Funeral","floor":30},{"not_picked":["CherryBlossoms","Variant"],"picked":"SingingMachine","floor":31},{"not_picked":["BigBadWolf","BlackSwan"],"picked":"BodiesMountain","floor":32},{"not_picked":["BeautyBeast","LittlePrince"],"picked":"QueenOfHatred","floor":33},{"not_picked":["BigBadWolf","WallGazer"],"picked":"Bloodbath","floor":34},{"not_picked":["UniverseFragment","LittlePrince"],"picked":"LaLuna","floor":37},{"not_picked":["MeatLantern","LittleHelper"],"picked":"BlackSwan","floor":40},{"not_picked":["SoundOfStar","Pinks"],"picked":"SKIP","floor":41},{"not_picked":["Scorched","Alriune"],"picked":"HappyTeddy","floor":45},{"not_picked":["Scarecrow","DespairKnight"],"picked":"BlackArmy","floor":46},{"not_picked":["Variant","GalaxyChild"],"picked":"Scorched","floor":47},{"not_picked":["GreedKing","MeatLantern"],"picked":"DespairKnight","floor":48},{"not_picked":["Yin","BeautyBeast"],"picked":"WhiteNight","floor":49},{"not_picked":["BigBadWolf","Porccubus"],"picked":"GreedKing","floor":50}],"player_experience":63393,"relics_obtained":[{"floor":3,"key":"Replay:WaspNest"},{"floor":4,"key":"Ancient Tea Set"},{"floor":5,"key":"Guardian:PocketSentry"},{"floor":7,"key":"Girya"},{"floor":8,"key":"Pet Ghost"},{"floor":10,"key":"Toy Ornithopter"},{"floor":11,"key":"TungstenRod"},{"floor":12,"key":"Happy Flower"},{"floor":13,"key":"Bird Faced Urn"},{"floor":14,"key":"Blue Doll"},{"floor":15,"key":"Potion Belt"},{"floor":19,"key":"Twilight"},{"floor":21,"key":"Iron Hammer"},{"floor":24,"key":"hubris:DeckOfHolding"},{"floor":25,"key":"ReplayTheSpireMod:TigerMarble"},{"floor":26,"key":"aspiration:SeaSaltIceCream"},{"floor":27,"key":"Strawberry"},{"floor":29,"key":"AtMidnight"},{"floor":29,"key":"Pen Nib"},{"floor":30,"key":"Replay:Rubber Ducky"},{"floor":31,"key":"hubris:CuriousFeather"},{"floor":32,"key":"Pondfish Scales"},{"floor":33,"key":"Molten Egg 2"},{"floor":37,"key":"aspiration:Lifesprig"},{"floor":38,"key":"DemoMod:DecoyRelic"},{"floor":40,"key":"DemoMod:PinkGuonStone"},{"floor":41,"key":"HornCleat"},{"floor":42,"key":"DemoMod:WeirdEgg"},{"floor":44,"key":"Shuriken"},{"floor":45,"key":"Pear"},{"floor":46,"key":"DemoMod:PoisonVial"},{"floor":47,"key":"hubris:Metronome"},{"floor":48,"key":"Vajra"},{"floor":49,"key":"hubris:DuctTape"},{"floor":50,"key":"DemoMod:WhiteGuonStone"}],"event_choices":[],"is_beta":false,"boss_relics":[{"not_picked":["Black Star","Replay:Grab Bag"],"picked":"aspiration:PoetsPen_weak"},{"not_picked":["ReplayTheSpireMod:DimensionalGlitch","sneckomod:SneckoTalon"],"picked":"hubris:Backtick"}],"items_purged_floors":[],"is_endless":false,"potions_floor_spawned":[16,34],"killed_by":"downfall:Silent","ascension_level":2}}