{"host":"niv6bi8ufjzyofbf","time":1608390301,"event":{"mods":["Act Like it!","BaseMod","CapriCore","Colored Powertips","Conspire","Downfall","Gensokyo","Hermit","Mad Scientist","Marisa£®ÏF”Í°°ƒß¿Ì…≥£©","Minty Spire (QoL Compilation)","Prisma Mod","Quick Restart","Rare Cards Sparkle","Reimu£®≤©¿ˆ¡È√Œ£©","Replay The Spire","Ryuuou¡˙Õı","Shop Mod","Spicy Shops","StSLib","SuperFastMode","The Cursed","The Servant 0.9.4","°æ“≈ŒÔø®≈∆°øREMEMod"],"gold_per_floor":[109,21949,21983,21995,21023,21023,21055,21071,21071,21027,21038,21055,19678,19678,19678,19781,19781,19801,18672,18587,18587,17569,17378,17370,17340,17340,17234,16868,16762,16528,16322,16322,15682,15682,15178,15058,13679,13679,12112,12112,12222,12110,12136,12136,12163,12163,12224,12224,12224,11562],"floor_reached":51,"playtime":2990,"items_purged":["PrismaMod:ChloeCommonDefend","PrismaMod:ChloeCommonDefend","PrismaMod:ChloeCommonDefend","PrismaMod:ChloeCommonDefend","ReplayTheSpireMod:Brewmster","PrismaMod:ChloeCommonDefend","PrismaMod:ChloeCommonAttack","PrismaMod:ChloeCommonAttack"],"score":1083,"play_id":"a0ee7423-3753-4be8-a7fb-c20b6b0d60ad","local_time":"20201219230501","is_ascension_mode":true,"campfire_choices":[{"data":"PrismaMod:ChloeCaladbolg","floor":6.0,"key":"SMITH"},{"data":"EscapeVelocity","floor":15.0,"key":"SMITH"},{"data":"PrismaMod:ChloeGaeBolg","floor":32,"key":"SMITH"},{"data":"Secret Technique","floor":40,"key":"SMITH"},{"floor":49,"key":"DIG"}],"circlet_count":0,"master_deck":["PrismaMod:ChloeCommonAttack+1","PrismaMod:ChloeCommonAttack+1","PrismaMod:ChloeCommonAttack","PrismaMod:ChloeCheapAttack+1","PrismaMod:ChloeCheapDefend","Secret Technique+1","PrismaMod:ChloeRuleBreaker","PrismaMod:ChloeRuleBreaker","PrismaMod:ChloeCaladbolg+1","PrismaMod:ChloeMaid+1","PrismaMod:ChloeGaeBolg+1","PrismaMod:ChloeDiscardRecovery+1","EscapeVelocity+1","EscapeVelocity+1","PrismaMod:ChloeReshuffleDiscard+1","PrismaMod:ChloeAnyRareTrace+1","PrismaMod:ChloeMordred+1","PrismaMod:ChloeUncommonAOEAttack","PrismaMod:ChloeChristmas+1","PrismaMod:ChloeExcalibur","PrismaMod:ChloeAnyRareTrace+1","PrismaMod:ChloeGaeBolg+1","Parasite","PrismaMod:ChloeCarnivalAttack","Master of Strategy+1"],"relics":["PrismaMod:PrismaTraceOn","REME_ComplimentaryCards","MerchantsRug","Garlic","Gremlin Horn","Blue Candle","Ice Cream","Toxic Egg 2","Bronze Scales","Ancient Tea Set","Medical Kit","Tea:ReiMu","Bottled Lightning","Lee\u0027s Waffle","Letter Opener","Pen Nib","ReplayTheSpireMod:TigerMarble","Bottled Tornado","DollysMirror","REME_DuelDisc","Darkstone Periapt","Iron Hammer","Vajra","REME_OnlineShoppingPlatform","Question Card","Chemical X","Strange Spoon","Whetstone","Snack Pack","Happy Flower","Art of War","ReplayTheSpireMod:Shallot","Kunai","SlaversCollar","REME_ArchaeologicalTools","Mercury Hourglass","Frozen Eye","RuthlessExorcism:ReiMu","Replay:Accelerometer","REME_CardOfGreed","REME_LimitBreaker","Replay:PocketPolymizer","Toolbox","BargainBundle","Replay:Baseball","Bottled Flame","Pear","Orichalcum","conspire:Dentures"],"acts_visited":["Exordium","TheCity","TheBeyond"],"potions_floor_usage":[23,23,23,23,23,23,23,23,23,23,23,24,25,25,27,27,27,27,27,27,28,28,28,28,28,28,28,28,28,28,28,28,28,28,28,28,28,28,28,28,29,29,29,29,29,29,30,30,30,30,30,30,30,30,30,30,30,30,30,31,31,31,31,31,31,31,31,31,31,31,33,33,33,33,33,33,33,33,33,33,33,33,33,33,33,33,33,33,33,33,33,33,33,33,33,33,33,33,33,33,33,33,33,33,33,33,33,35,35,35,35,35,35,35,35,35,35,35,35,35,35,35,35,35,35,35,35,35,35,35,35,35,35,36,36,36,36,36,36,36,42,42,42,42,42,42,42,50,50,50,50,50,50,50,50,50,50,50,50,50,50,50,50,50,50,50,50,50,50,50,50,50,50,50,50,50,50,50,50,50,50],"damage_taken":[{"damage":0.0,"enemies":"Cultist","floor":1.0,"turns":2.0},{"damage":0.0,"enemies":"conspire:MimicChest","floor":3.0,"turns":3.0},{"damage":7.0,"enemies":"conspire:RoseBush","floor":4.0,"turns":2.0},{"damage":22.0,"enemies":"3 Sentries","floor":7.0,"turns":5.0},{"damage":8.0,"enemies":"Jaw Worm","floor":8.0,"turns":4.0},{"damage":7.0,"enemies":"Looter","floor":11.0,"turns":2.0},{"damage":26.0,"enemies":"Exordium Wildlife","floor":12.0,"turns":2.0},{"damage":45.0,"enemies":"The Guardian","floor":16.0,"turns":7.0},{"damage":0.0,"enemies":"2 Thieves","floor":18.0,"turns":1.0},{"damage":0,"enemies":"Slavers","floor":23,"turns":1},{"damage":18,"enemies":"conspire:FuzzyDice","floor":24,"turns":2},{"damage":0,"enemies":"3 Cultists","floor":25,"turns":2},{"damage":0,"enemies":"Snake Plant","floor":27,"turns":2},{"damage":0,"enemies":"conspire:SneckoGhost","floor":28,"turns":1},{"damage":0,"enemies":"Sentry and Sphere","floor":29,"turns":1},{"damage":14,"enemies":"Replay:Snechameleon","floor":30,"turns":2},{"damage":0,"enemies":"Centurion and Healer","floor":31,"turns":1},{"damage":0,"enemies":"Champ","floor":33,"turns":2},{"damage":0,"enemies":"3 Darklings","floor":35,"turns":1},{"damage":3,"enemies":"Orb Walker","floor":36,"turns":3},{"damage":0,"enemies":"R_Hoarder","floor":41,"turns":1},{"damage":18,"enemies":"Writhing Mass","floor":42,"turns":3},{"damage":6,"enemies":"4 Shapes","floor":45,"turns":1},{"damage":1,"enemies":"Maw","floor":47,"turns":3},{"damage":0,"enemies":"Awakened One","floor":50,"turns":3}],"seed_played":"-1115072437756649710","potions_obtained":[{"floor":3.0,"key":"Energy Potion"},{"floor":7.0,"key":"Energy Potion"},{"floor":12.0,"key":"ZuzhouPotion:ReiMu"},{"floor":16.0,"key":"DuplicationPotion"}],"is_trial":false,"path_per_floor":["M","$","?","M","$","R","E","M","T","?","M","M","$","?","R","B",null,"M","$","?","?","$","E","M","M","T","M","E","M","E","M","R","B",null,"M","M","$","?","$","R","E","M","T","?","M","?","M","?","R","B",null],"character_chosen":"CHLOE","items_purchased":["Energy Potion","MerchantsRug","Slimebound:ThreeZeroPotion","Fire Potion","Garlic","Gremlin Horn","Blue Candle","Secret Technique","Toxic Egg 2","Bronze Scales","Ancient Tea Set","Swift Potion","Medical Kit","PrismaMod:ChloeCaladbolg","Lee\u0027s Waffle","Letter Opener","Pen Nib","ReplayTheSpireMod:TigerMarble","Bottled Tornado","DollysMirror","PrismaMod:ChloeDoubleRelicSpeed","Darkstone Periapt","Iron Hammer","Vajra","REME_OnlineShoppingPlatform","ReplayTheSpireMod:Brewmster","Chemical X","Strange Spoon","Whetstone","Snack Pack","Happy Flower","REME_ArchaeologicalTools","Mercury Hourglass","Frozen Eye","RuthlessExorcism:ReiMu","Replay:Accelerometer","REME_CardOfGreed","REME_LimitBreaker","Replay:PocketPolymizer","Toolbox","BargainBundle","Replay:Baseball","Bottled Flame"],"campfire_rested":0,"item_purchase_floors":[2,2,2,2,2,2,2,2,5,5,5,5,5,5,13,13,13,13,13,13,13,19,19,19,19,19,22,22,22,22,22,37,37,37,37,37,37,39,39,39,39,39,39],"current_hp_per_floor":[75,75,75,68,68,68,46,38,38,38,31,5,82,82,82,38,83,83,83,83,83,83,83,68,68,68,68,70,72,68,72,72,93,94,94,94,94,94,94,94,104,94,94,94,92,92,97,97,97,110],"gold":11562,"neow_bonus":"UPGRADE_CARD","is_daily":false,"chose_seed":false,"campfire_upgraded":4,"win_rate":0.0,"timestamp":1608390301,"path_taken":["M","?","?","M","$","R","E","M","T","?","M","?","$","?","R","BOSS","M","$","?","?","$","E","M","?","T","M","E","M","E","M","R","BOSS","M","M","$","?","$","R","E","M","T","?","?","?","M","?","R","BOSS"],"items_purchased_type":["Potion","Relic","Potion","Potion","Relic","Relic","Relic","Card","Relic","Relic","Relic","Potion","Relic","Card","Relic","Relic","Relic","Relic","Relic","Relic","Card","Relic","Relic","Relic","Relic","Card","Relic","Relic","Relic","Relic","Relic","Relic","Relic","Relic","Relic","Relic","Relic","Relic","Relic","Relic","Relic","Relic","Relic"],"build_version":"2020-12-13","purchased_purges":8,"victory":true,"max_hp_per_floor":[75,75,75,75,75,75,75,75,75,75,75,75,82,82,82,83,83,83,83,83,83,83,83,84,84,84,84,84,84,84,84,84,94,94,94,94,94,94,94,94,104,110,110,110,110,110,110,110,110,110],"card_choices":[{"not_picked":["PrismaMod:ChloeCheapAttack","PrismaMod:ChloeCheapDefendTwo","PrismaMod:ChloeEyeOfTheEuryale"],"picked":"SKIP","floor":1.0},{"not_picked":["PrismaMod:ChloeExhaustOne","PrismaMod:ChloeUncommonDefend"],"picked":"PrismaMod:ChloeRuleBreaker","floor":3.0},{"not_picked":["PrismaMod:ChloeCheapDefendTwo","PrismaMod:ChloeCheapAttackTwo"],"picked":"PrismaMod:ChloeRuleBreaker","floor":4.0},{"not_picked":["PrismaMod:ChloeCaladbolg","PrismaMod:ChloeDiscardRecovery+1"],"picked":"PrismaMod:ChloeMaid+1","floor":7.0},{"not_picked":["PrismaMod:ChloeCheapDefendTwo+1","PrismaMod:ChloeCommonAOEAttack"],"picked":"PrismaMod:ChloeGaeBolg","floor":8.0},{"not_picked":["PrismaMod:ChloeExhaustOne+1","PrismaMod:ChloeMaid+1"],"picked":"PrismaMod:ChloeDiscardRecovery+1","floor":11.0},{"not_picked":["PrismaMod:ChloeCheapAttack","PrismaMod:ChloeCheapDefend+1","PrismaMod:ChloeMaid+1"],"picked":"SKIP","floor":12.0},{"not_picked":["PrismaMod:ChloeDevil","PrismaMod:ChloeAnySkillTrace+1"],"picked":"PrismaMod:ChloeReshuffleDiscard+1","floor":16.0},{"not_picked":["PrismaMod:ChloeExhaustOne+1","PrismaMod:ChloeCommonAOEAttack","PrismaMod:ChloeUncommonAOEAttack"],"picked":"SKIP","floor":18.0},{"not_picked":["PrismaMod:ChloeExhaustThree+1","PrismaMod:ChloeMaid+1","PrismaMod:ChloeCarnivalDefend+1","PrismaMod:ChloeUncommonDefend+1"],"picked":"SKIP","floor":23},{"not_picked":["PrismaMod:ChloeMaid+1","PrismaMod:ChloeRuleBreaker+1","PrismaMod:ChloeCommonAOEAttack"],"picked":"PrismaMod:ChloeUncommonAOEAttack","floor":24},{"not_picked":["PrismaMod:ChloeCheapAttackTwo","PrismaMod:ChloeExhaustTwo+1","PrismaMod:ChloeCheapAttack","PrismaMod:ChloeRhongomyniad"],"picked":"SKIP","floor":25},{"not_picked":["PrismaMod:ChloeCheapAttack","PrismaMod:ChloeDiscardRecovery+1","PrismaMod:ChloeRhongomyniad","PrismaMod:ChloeRuleBreaker"],"picked":"SKIP","floor":27},{"not_picked":["PrismaMod:ChloeUncommonAOEAttack","PrismaMod:ChloeDoubleRelicSpeed","PrismaMod:ChloeHalloween+1","PrismaMod:ChloeCheapDefendTwo+1"],"picked":"SKIP","floor":28},{"not_picked":["PrismaMod:ChloeUncommonAttack","PrismaMod:ChloeUncommonAOEAttack","PrismaMod:ChloeCheapAttackTwo+1"],"picked":"PrismaMod:ChloeChristmas+1","floor":29},{"not_picked":["PrismaMod:ChloeRitsuka+1","PrismaMod:ChloeDevil","PrismaMod:ChloeDiscardRecovery+1","PrismaMod:ChloeCommonAOEAttack"],"picked":"SKIP","floor":30},{"not_picked":["PrismaMod:ChloeCheapDefend+1","PrismaMod:ChloeCheapAttackTwo+1","PrismaMod:ChloeUncommonAttack"],"picked":"PrismaMod:ChloeExcalibur","floor":31},{"not_picked":["PrismaMod:ChloeExhaustThree+1","PrismaMod:ChloeAnyCommonTrace+1","PrismaMod:ChloeUnlimitedBladeWorks+1"],"picked":"PrismaMod:ChloeAnyRareTrace+1","floor":33},{"not_picked":["PrismaMod:ChloeExhaustOne+1","PrismaMod:ChloeCheapAttackTwo","PrismaMod:ChloeEyeOfTheEuryale","PrismaMod:ChloeCheapDefendTwo+1"],"picked":"SKIP","floor":35},{"not_picked":["PrismaMod:ChloeCheapDefend+1","PrismaMod:ChloeCheapDefendTwo+1","PrismaMod:ChloeCheapAttack+1","PrismaMod:ChloeUncommonDefend+1"],"picked":"SKIP","floor":36},{"not_picked":["PrismaMod:ChloeUncommonDefend+1","PrismaMod:ChloeExhaustOne+1","PrismaMod:ChloeCheapDefendTwo+1"],"picked":"PrismaMod:ChloeGaeBolg+1","floor":41},{"not_picked":["PrismaMod:ChloeExhaustOne+1","PrismaMod:ChloeDiscardRecovery+1","PrismaMod:ChloeEyeOfTheEuryale","PrismaMod:ChloeCheapAttackTwo"],"picked":"SKIP","floor":42},{"not_picked":["PrismaMod:ChloeCheapDefend+1","PrismaMod:ChloeCheapAttack+1","PrismaMod:ChloeRuleBreaker+1"],"picked":"PrismaMod:ChloeCarnivalAttack","floor":45},{"not_picked":["PrismaMod:ChloeMaid+1","PrismaMod:ChloeRitsuka+1","PrismaMod:ChloeCheapAttack","PrismaMod:ChloeCheapDefendTwo+1"],"picked":"SKIP","floor":47},{"not_picked":["Transmutation+1","expansioncontent:DefensiveMode","Replay:SS_forest_2"],"picked":"Master of Strategy+1","floor":48}],"player_experience":620301,"relics_obtained":[{"floor":3.0,"key":"Ice Cream"},{"floor":7.0,"key":"Tea:ReiMu"},{"floor":9.0,"key":"Bottled Lightning"},{"floor":23,"key":"Art of War"},{"floor":28,"key":"ReplayTheSpireMod:Shallot"},{"floor":30,"key":"Kunai"},{"floor":41,"key":"Pear"},{"floor":43,"key":"Orichalcum"},{"floor":49,"key":"conspire:Dentures"}],"event_choices":[{"damage_healed":0.0,"max_hp_gain":0.0,"max_hp_loss":0.0,"gold_gain":0.0,"event_name":"World of Goop","player_choice":"Left Gold","floor":10.0,"gold_loss":44.0,"damage_taken":0.0},{"damage_healed":0.0,"max_hp_gain":0.0,"max_hp_loss":0.0,"gold_gain":0.0,"event_name":"Living Wall","player_choice":"Grow","floor":14.0,"gold_loss":0.0,"damage_taken":0.0,"cards_upgraded":["EscapeVelocity"]},{"damage_healed":0.0,"max_hp_gain":0.0,"max_hp_loss":0.0,"gold_gain":0.0,"event_name":"Addict","player_choice":"Obtained Relic","floor":20.0,"gold_loss":85.0,"damage_taken":0.0,"relics_obtained":["Question Card"]},{"damage_healed":0,"gold_gain":0,"player_choice":"2 cards matched","damage_taken":0,"max_hp_gain":0,"max_hp_loss":0,"event_name":"Match and Keep!","floor":21,"gold_loss":0,"cards_obtained":["PrismaMod:ChloeAnyRareTrace","PrismaMod:ChloeMordred"]},{"cards_removed":["PrismaMod:ChloeDoubleRelicSpeed"],"damage_healed":0,"gold_gain":0,"player_choice":"Removed Power","damage_taken":0,"max_hp_gain":0,"max_hp_loss":0,"event_name":"Falling","floor":38,"gold_loss":0},{"damage_healed":0,"gold_gain":0,"player_choice":"Ignored","damage_taken":0,"max_hp_gain":0,"max_hp_loss":0,"event_name":"SecretPortal","floor":44,"gold_loss":0},{"damage_healed":0,"gold_gain":0,"player_choice":"Leave","damage_taken":0,"max_hp_gain":0,"max_hp_loss":0,"event_name":"conspire:Investor","floor":46,"gold_loss":0},{"damage_healed":0,"gold_gain":0,"player_choice":"Memory 1","damage_taken":0,"max_hp_gain":0,"max_hp_loss":0,"event_name":"SensoryStone","floor":48,"gold_loss":0}],"is_beta":false,"boss_relics":[{"not_picked":["Fusion Hammer","Astrolabe"],"picked":"REME_DuelDisc"},{"not_picked":["Snecko Eye","Replay:Drink Me"],"picked":"SlaversCollar"}],"items_purged_floors":[2,5,13,19,22,37,39,39],"is_endless":false,"potions_floor_spawned":[3,7,12,16,23,24,25,28,41,42,45],"ascension_level":1}}