{"host":"79pwvnyrdes6uj7k","time":1608411840,"event":{"mods":["2.2 Compatiblity","Astrologer","BaseMod","Beaked The Cultist","Colored Powertips","Downfall","Exacting","Friendly Minions","HexUI Lib","Highlight Path","Hubris","Infinite Spire","Mad Scientist","Mimic Mod","Minty Spire (QoL Compilation)","Random Character Button","Replay The Spire","Reworked Bosses","Shop Mod","Somnambulant","StSLib","The Cursed","The Disciple","The Factory","The Judge","The Jungle","The Poker Player","The Runesmith","TheHeartMod"],"gold_per_floor":[199,209,243,295,220,230,230,282,457,457,457,472,51,69,69,69,69],"floor_reached":16,"playtime":923,"items_purged":[],"score":100,"play_id":"e5bcf149-f793-4803-9e43-fc89afef4813","local_time":"20201219150400","is_ascension_mode":false,"campfire_choices":[{"floor":1,"key":"RECALL"},{"floor":5,"key":"REST"},{"floor":10,"key":"REST"}],"circlet_count":0,"master_deck":["Slimebound:Strike_Slimebound","Slimebound:Strike_Slimebound","Slimebound:Strike_Slimebound","Slimebound:Tackle","Slimebound:Defend_Slimebound","Slimebound:Defend_Slimebound","Slimebound:Defend_Slimebound","Slimebound:Defend_Slimebound","Slimebound:Split","Slimebound:CorrosiveSpit","Slimebound:ForwardTackle","Slimebound:Gluttony","ReplayTheSpireMod:Splinters","Slimebound:FlameTackle","Slimebound:LeadByExample","Slimebound:LeechingTouch","Doubt","Slimebound:MassFeed","Slimebound:RollThrough","Slimebound:SpikyOuterGoop","Slimebound:FinishingTackle+1","Slimebound:ComboTackle+1","Slimebound:Schlurp"],"relics":["Replay:Wanted Poster","ReplayTheSpireMod:Lightbulb","infinitespire:CheckeredPen","downfall:HeartBlessingRed","Garlic","Replay:Mystery Machine","Slimebound:GreedOozeRelic","Molten Egg 2"],"acts_visited":["Exordium"],"potions_floor_usage":[15,16],"damage_taken":[{"damage":7,"enemies":"Cultist","floor":2,"turns":4},{"damage":48,"enemies":"3 Sentries","floor":3,"turns":6},{"damage":7,"enemies":"Jaw Worm","floor":6,"turns":2},{"damage":6,"enemies":"2 Louse","floor":12,"turns":1},{"damage":18,"enemies":"downfall:FleeingMerchant","floor":13,"turns":4},{"damage":19,"enemies":"Large Slime","floor":14,"turns":3},{"damage":0,"enemies":"Exordium Thugs","floor":15,"turns":1},{"damage":7,"enemies":"downfall:Defect","floor":16,"turns":3}],"seed_played":"1504118687618715957","potions_obtained":[{"floor":3,"key":"SmokeBomb"},{"floor":12,"key":"EssenceOfSteel"}],"is_trial":false,"path_per_floor":["R","M","E","?","R","M","T","T","?","R","?","M","$","M","M","B"],"character_chosen":"SLIMEBOUND","items_purchased":["Slimebound:SpikyOuterGoop","Molten Egg 2","Slimebound:FinishingTackle+1","Slimebound:ComboTackle+1"],"campfire_rested":2,"item_purchase_floors":[13,13,13,13],"current_hp_per_floor":[60,57,13,13,31,28,28,28,28,46,46,40,26,7,7,0,0],"gold":69,"neow_bonus":"BOSS_RELIC","is_daily":false,"chose_seed":false,"campfire_upgraded":0,"win_rate":0.0,"timestamp":1608411840,"path_taken":["R","M","E","?","R","M","T","?","?","R","?","?","$","M","M","BOSS"],"items_purchased_type":["Card","Relic","Card","Card"],"build_version":"2020-12-13","purchased_purges":0,"victory":false,"max_hp_per_floor":[60,60,60,60,60,60,60,60,60,60,60,60,60,60,60,60,60],"card_choices":[{"not_picked":["Slimebound:FinishingTackle","Slimebound:FirmFortitude"],"picked":"Slimebound:ForwardTackle","floor":2},{"not_picked":["Slimebound:FirmFortitude","Slimebound:AcidTongue"],"picked":"Slimebound:Gluttony","floor":3},{"not_picked":["Slimebound:LeechEnergy","Slimebound:DisruptingSlam"],"picked":"Slimebound:FlameTackle","floor":4},{"not_picked":["Slimebound:SamplingLick","Slimebound:MegaLick"],"picked":"Slimebound:LeadByExample","floor":4},{"not_picked":["Slimebound:SplitLeeching","Slimebound:SplitMire"],"picked":"Slimebound:LeechingTouch","floor":6},{"not_picked":["Slimebound:Schlurp","Slimebound:RollThrough"],"picked":"Slimebound:MassFeed","floor":12},{"not_picked":["Slimebound:GoopTackle","Slimebound:DouseInSlime"],"picked":"Slimebound:RollThrough","floor":13},{"not_picked":["Slimebound:SplitBruiser","Slimebound:SamplingLick"],"picked":"Slimebound:Schlurp","floor":14}],"player_experience":308105,"relics_obtained":[{"floor":3,"key":"ReplayTheSpireMod:Lightbulb"},{"floor":4,"key":"infinitespire:CheckeredPen"},{"floor":7,"key":"Garlic"},{"floor":8,"key":"Replay:Mystery Machine"}],"event_choices":[],"is_beta":false,"boss_relics":[],"items_purged_floors":[],"is_endless":false,"potions_floor_spawned":[3,12],"killed_by":"downfall:Defect","ascension_level":0}}