{"host":"hgkb2zpbo2dcws21","time":1608384026,"event":{"mods":["AchievementEnabler","BaseMod","Colored Map","Colored Powertips","Custom Start","DeckTracker","KOR Keyword Fix","Minty Spire (QoL Compilation)","StSLib","SuperFastMode"],"gold_per_floor":[115,126,126,126,138,138,148,148,202,227,227,227,227,77,77,151,151,166,181,194,6,21,21,49,49,72,72,72,107,107,41,41,41,41],"floor_reached":33,"playtime":623,"items_purged":["Strike_R"],"score":562,"play_id":"5a7af461-d9ab-4c35-a7aa-d7a663a05540","local_time":"20201219222026","is_ascension_mode":true,"campfire_choices":[{"data":"Blood for Blood","floor":6.0,"key":"SMITH"},{"data":"Barricade","floor":8.0,"key":"SMITH"},{"data":"Shrug It Off","floor":11.0,"key":"SMITH"},{"floor":13.0,"key":"REST"},{"data":"Evolve","floor":15.0,"key":"SMITH"},{"floor":23.0,"key":"REST"},{"data":"Offering","floor":27,"key":"SMITH"},{"floor":30,"key":"REST"},{"data":"Shockwave","floor":32,"key":"SMITH"}],"circlet_count":0,"master_deck":["AscendersBane","Strike_R","Strike_R","Defend_R","Defend_R","Defend_R","Bash","Carnage+1","Blood for Blood+1","Headbutt+1","Barricade+1","Shrug It Off+1","Evolve+1","Offering+1","Shockwave+1","Wild Strike"],"relics":["Burning Blood","Nunchaku","Pen Nib","Mark of Pain","Membership Card","Ancient Tea Set","Happy Flower","Kunai","Akabeko"],"acts_visited":["Exordium","TheCity"],"potions_floor_usage":[24,33,33],"damage_taken":[{"damage":7.0,"enemies":"Jaw Worm","floor":1.0,"turns":2.0},{"damage":16.0,"enemies":"Small Slimes","floor":2.0,"turns":3.0},{"damage":1.0,"enemies":"Cultist","floor":5.0,"turns":3.0},{"damage":0.0,"enemies":"Large Slime","floor":7.0,"turns":4.0},{"damage":35.0,"enemies":"3 Sentries","floor":10.0,"turns":7.0},{"damage":27.0,"enemies":"Hexaghost","floor":16.0,"turns":8.0},{"damage":28.0,"enemies":"2 Thieves","floor":18.0,"turns":3.0},{"damage":25.0,"enemies":"3 Byrds","floor":19.0,"turns":5.0},{"damage":7.0,"enemies":"3 Cultists","floor":20.0,"turns":4.0},{"damage":7.0,"enemies":"Cultist and Chosen","floor":22.0,"turns":4.0},{"damage":11,"enemies":"Book of Stabbing","floor":24,"turns":4},{"damage":25,"enemies":"Slavers","floor":29,"turns":4},{"damage":45,"enemies":"Collector","floor":33,"turns":7}],"seed_played":"1217784939177069649","potions_obtained":[{"floor":5.0,"key":"EssenceOfSteel"},{"floor":7.0,"key":"BloodPotion"},{"floor":10.0,"key":"Energy Potion"},{"floor":20.0,"key":"DuplicationPotion"},{"floor":24,"key":"SkillPotion"}],"is_trial":false,"path_per_floor":["M","M","?","?","M","R","M","R","T","E","R","?","R","$","R","B",null,"M","M","M","$","M","R","E","?","T","R","?","E","R","?","R","B"],"character_chosen":"IRONCLAD","items_purchased":["Evolve","Membership Card","Shockwave"],"campfire_rested":3,"item_purchase_floors":[14,21,21],"current_hp_per_floor":[67,57,37,37,42,42,48,48,48,19,19,19,39,39,39,18,56,34,15,27,27,26,46,41,41,41,41,41,22,42,42,42,0,0],"gold":41,"neow_bonus":"TRANSFORM_TWO_CARDS","is_daily":false,"chose_seed":false,"campfire_upgraded":6,"win_rate":0.0,"timestamp":1608384026,"path_taken":["M","M","?","?","?","R","M","R","T","E","R","?","R","$","R","BOSS","M","?","M","$","M","R","E","?","T","R","?","E","R","?","R","BOSS"],"items_purchased_type":["Card","Relic","Card"],"build_version":"2020-12-13","purchased_purges":1,"victory":false,"max_hp_per_floor":[68,68,68,68,68,68,68,68,68,68,68,68,68,68,68,68,68,68,68,68,68,68,68,68,68,68,68,68,68,68,68,68,68,68],"card_choices":[{"not_picked":["Perfected Strike","Body Slam"],"picked":"Headbutt","floor":1.0},{"not_picked":["Clash","Twin Strike","Metallicize"],"picked":"SKIP","floor":2.0},{"not_picked":["Perfected Strike","Searing Blow","Armaments"],"picked":"SKIP","floor":5.0},{"not_picked":["Headbutt","Heavy Blade"],"picked":"Barricade","floor":7.0},{"not_picked":["Headbutt","Pummel"],"picked":"Shrug It Off","floor":10.0},{"not_picked":["Bludgeon","Impervious"],"picked":"Offering","floor":16.0},{"not_picked":["Infernal Blade","Clothesline","Spot Weakness"],"picked":"SKIP","floor":18.0},{"not_picked":["True Grit","Sword Boomerang","Warcry"],"picked":"SKIP","floor":19.0},{"not_picked":["Clash","Disarm+1","Havoc"],"picked":"SKIP","floor":20.0},{"not_picked":["Havoc","Pummel"],"picked":"Wild Strike","floor":22.0},{"not_picked":["Sword Boomerang+1","True Grit","Pummel"],"picked":"SKIP","floor":24},{"not_picked":["Limit Break","Combust","Brutality"],"picked":"SKIP","floor":29}],"player_experience":1086618,"relics_obtained":[{"floor":9.0,"key":"Nunchaku"},{"floor":10.0,"key":"Pen Nib"},{"floor":24,"key":"Ancient Tea Set"},{"floor":26,"key":"Happy Flower"},{"floor":29,"key":"Kunai"}],"event_choices":[{"damage_healed":0.0,"max_hp_gain":0.0,"max_hp_loss":0.0,"gold_gain":0.0,"event_name":"Shining Light","player_choice":"Entered Light","floor":3.0,"gold_loss":0.0,"damage_taken":20.0,"cards_upgraded":["Headbutt","Carnage"]},{"cards_removed":["Strike_R"],"damage_healed":0.0,"max_hp_gain":0.0,"max_hp_loss":0.0,"gold_gain":0.0,"event_name":"Wheel of Change","player_choice":"Card Removal","floor":4.0,"gold_loss":0.0,"damage_taken":0.0},{"damage_healed":0.0,"max_hp_gain":0.0,"max_hp_loss":0.0,"gold_gain":0.0,"event_name":"Match and Keep!","player_choice":"0 cards matched","floor":12.0,"gold_loss":0.0,"damage_taken":0.0,"cards_obtained":[]},{"damage_healed":0,"gold_gain":0,"player_choice":"Ignored","damage_taken":0,"max_hp_gain":0,"max_hp_loss":0,"event_name":"Ghosts","floor":28,"gold_loss":0},{"damage_healed":0,"gold_gain":0,"player_choice":"Paid Gold","damage_taken":0,"relics_obtained":["Akabeko"],"max_hp_gain":0,"max_hp_loss":0,"event_name":"WeMeetAgain","floor":31,"gold_loss":66}],"is_beta":false,"boss_relics":[{"not_picked":["Cursed Key","Runic Pyramid"],"picked":"Mark of Pain"}],"items_purged_floors":[14],"is_endless":false,"potions_floor_spawned":[5,7,10,20,22,24,29],"killed_by":"Collector","ascension_level":20}}