{"host":"axuns55dzq466eei","time":1608380466,"event":{"mods":["BaseMod","Colored Map","Keyboard Shortcuts","Minty Spire (QoL Compilation)","StSLib","SuperFastMode"],"gold_per_floor":[111,111,122,197,197,197,217,217,217,233,233,64,64,88,88,161,161,178,78,78,78,78,78,93,93,119,152,166,39,39,49,49,126,126,141,190,206,218,231,265,265,265,265,281,331,345,345,355,355,355,355],"floor_reached":50,"playtime":1140,"items_purged":["Strike_G","Defend_G","Underhanded Strike"],"score":1035,"play_id":"322723e7-08cc-47f3-ba2b-f87422fd4a06","local_time":"20201219212106","is_ascension_mode":true,"campfire_choices":[{"data":"A Thousand Cuts","floor":6.0,"key":"SMITH"},{"data":"Tactician","floor":8.0,"key":"SMITH"},{"data":"Prepared","floor":11.0,"key":"SMITH"},{"data":"Accuracy","floor":15.0,"key":"SMITH"},{"data":"Blade Dance","floor":23.0,"key":"SMITH"},{"data":"Cloak And Dagger","floor":25.0,"key":"SMITH"},{"data":"Acrobatics","floor":30.0,"key":"SMITH"},{"data":"Well Laid Plans","floor":32.0,"key":"SMITH"},{"floor":42.0,"key":"RECALL"},{"floor":47.0,"key":"REST"},{"data":"Accuracy","floor":49,"key":"SMITH"}],"circlet_count":0,"master_deck":["AscendersBane","Defend_G","Defend_G","Survivor","Neutralize","A Thousand Cuts+1","Tactician+1","Dagger Throw","Prepared+1","Blade Dance+1","Accuracy+1","Corpse Explosion","Cloak And Dagger+1","Acrobatics+1","Footwork","Well Laid Plans+1","Adrenaline","Accuracy+1","Leg Sweep","Finisher","Backflip+1"],"relics":["Ring of the Snake","Matryoshka","Regal Pillow","Bag of Preparation","Empty Cage","Anchor","Smiling Mask","Happy Flower","HoveringKite","Ginger","Omamori"],"acts_visited":["Exordium","TheCity","TheBeyond"],"potions_floor_usage":[],"damage_taken":[{"damage":5.0,"enemies":"Small Slimes","floor":1.0,"turns":4.0},{"damage":0.0,"enemies":"Cultist","floor":3.0,"turns":4.0},{"damage":3.0,"enemies":"2 Louse","floor":7.0,"turns":3.0},{"damage":3.0,"enemies":"Gremlin Gang","floor":10.0,"turns":2.0},{"damage":28.0,"enemies":"Hexaghost","floor":16.0,"turns":9.0},{"damage":0.0,"enemies":"3 Byrds","floor":18.0,"turns":2.0},{"damage":0.0,"enemies":"2 Thieves","floor":24.0,"turns":3.0},{"damage":12.0,"enemies":"Slavers","floor":27.0,"turns":2.0},{"damage":11.0,"enemies":"Snake Plant","floor":28.0,"turns":3.0},{"damage":0.0,"enemies":"Centurion and Healer","floor":31.0,"turns":3.0},{"damage":8.0,"enemies":"Automaton","floor":33.0,"turns":4.0},{"damage":0.0,"enemies":"Orb Walker","floor":35.0,"turns":1.0},{"damage":0.0,"enemies":"2 Orb Walkers","floor":36.0,"turns":2.0},{"damage":0.0,"enemies":"3 Darklings","floor":37.0,"turns":2.0},{"damage":17.0,"enemies":"Sphere and 2 Shapes","floor":38.0,"turns":4.0},{"damage":0.0,"enemies":"Jaw Worm Horde","floor":39.0,"turns":2.0},{"damage":17.0,"enemies":"Nemesis","floor":40.0,"turns":5.0},{"damage":16.0,"enemies":"Spire Growth","floor":44.0,"turns":4.0},{"damage":0.0,"enemies":"4 Shapes","floor":46.0,"turns":2.0},{"damage":0,"enemies":"Maw","floor":48,"turns":4},{"damage":39,"enemies":"Time Eater","floor":50,"turns":5}],"seed_played":"9206776478407110248","potions_obtained":[{"floor":1.0,"key":"Dexterity Potion"},{"floor":7.0,"key":"Explosive Potion"},{"floor":16.0,"key":"LiquidBronze"},{"floor":18.0,"key":"SteroidPotion"},{"floor":27.0,"key":"GamblersBrew"}],"is_trial":false,"path_per_floor":["M","?","M","?","?","R","M","R","T","M","R","$","?","T","R","B",null,"M","$","?","$","?","R","M","R","T","E","M","$","R","M","R","B",null,"M","?","M","M","M","E","?","R","T","M","?","M","R","M","R","B"],"character_chosen":"THE_SILENT","items_purchased":["Blade Dance","Accuracy","Well Laid Plans"],"campfire_rested":1,"item_purchase_floors":[12,12,29],"current_hp_per_floor":[39,39,39,28,66,66,63,63,63,60,60,60,53,53,53,25,56,56,56,56,56,56,56,56,56,56,44,33,33,33,33,33,25,56,56,56,56,39,39,22,17,17,17,1,1,1,35,35,35,0,0],"gold":355,"neow_bonus":"TRANSFORM_TWO_CARDS","is_daily":false,"chose_seed":false,"campfire_upgraded":9,"win_rate":0.0,"timestamp":1608380466,"path_taken":["M","?","?","?","?","R","M","R","T","?","R","$","?","?","R","BOSS","M","$","?","?","?","R","M","R","T","E","M","?","R","M","R","BOSS","M","?","M","M","M","E","?","R","T","M","?","?","R","M","R","BOSS"],"items_purchased_type":["Card","Card","Card"],"build_version":"2020-12-13","purchased_purges":3,"victory":false,"max_hp_per_floor":[66,66,66,66,66,66,66,66,66,66,66,66,66,66,66,66,66,66,66,66,66,66,66,66,66,66,66,66,66,66,66,66,66,66,66,66,66,66,66,66,66,66,66,66,66,66,66,66,66,66,66],"card_choices":[{"not_picked":["Calculated Gamble","Dagger Throw"],"picked":"Underhanded Strike","floor":1.0},{"not_picked":["Dagger Throw","Distraction"],"picked":"Tactician","floor":3.0},{"not_picked":["Bouncing Flask","PiercingWail"],"picked":"Dagger Throw","floor":7.0},{"not_picked":["Dagger Spray","Outmaneuver"],"picked":"Prepared","floor":10.0},{"not_picked":["Tools of the Trade","Malaise"],"picked":"Corpse Explosion","floor":16.0},{"not_picked":["Bane","Deadly Poison","Poisoned Stab"],"picked":"SKIP","floor":18.0},{"not_picked":["Predator","Expertise"],"picked":"Cloak And Dagger","floor":24.0},{"not_picked":["Dagger Throw","Bouncing Flask"],"picked":"Acrobatics","floor":27.0},{"not_picked":["Slice","PiercingWail"],"picked":"Footwork","floor":28.0},{"not_picked":["Poisoned Stab","Flying Knee+1","Sucker Punch"],"picked":"SKIP","floor":31.0},{"not_picked":["Glass Knife","Night Terror"],"picked":"Adrenaline","floor":33.0},{"not_picked":["Endless Agony+1","Slice"],"picked":"Accuracy","floor":35.0},{"not_picked":["Flechettes","Underhanded Strike+1"],"picked":"Leg Sweep","floor":36.0},{"not_picked":["PiercingWail","Dodge and Roll","Sucker Punch"],"picked":"SKIP","floor":37.0},{"not_picked":["Sucker Punch","Dagger Spray","Slice"],"picked":"SKIP","floor":38.0},{"not_picked":["Backstab","Riddle With Holes","Well Laid Plans"],"picked":"SKIP","floor":39.0},{"not_picked":["Deadly Poison","Wraith Form v2"],"picked":"Finisher","floor":40.0},{"not_picked":["Flying Knee","Sucker Punch"],"picked":"Backflip+1","floor":44.0},{"not_picked":["Quick Slash","Outmaneuver+1","Catalyst"],"picked":"SKIP","floor":46.0},{"not_picked":["Infinite Blades","Poisoned Stab","Blade Dance"],"picked":"SKIP","floor":48}],"player_experience":1038501,"relics_obtained":[{"floor":9.0,"key":"Matryoshka"},{"floor":14.0,"key":"Regal Pillow"},{"floor":14.0,"key":"Bag of Preparation"},{"floor":26.0,"key":"Anchor"},{"floor":26.0,"key":"Smiling Mask"},{"floor":27.0,"key":"Happy Flower"},{"floor":36.0,"key":"Ginger"},{"floor":40.0,"key":"Omamori"}],"event_choices":[{"cards_removed":["Strike_G"],"damage_healed":0.0,"max_hp_gain":0.0,"max_hp_loss":0.0,"gold_gain":0.0,"event_name":"Purifier","player_choice":"Purged","floor":2.0,"gold_loss":0.0,"damage_taken":0.0},{"damage_healed":0.0,"max_hp_gain":0.0,"max_hp_loss":0.0,"gold_gain":75.0,"event_name":"World of Goop","player_choice":"Gather Gold","floor":4.0,"gold_loss":0.0,"damage_taken":11.0},{"cards_removed":["Infinite Blades"],"damage_healed":38.0,"max_hp_gain":0.0,"max_hp_loss":0.0,"gold_gain":0.0,"event_name":"Bonfire Elementals","player_choice":"Offered Uncommon","floor":5.0,"gold_loss":0.0,"damage_taken":0.0},{"cards_removed":["Strike_G"],"damage_healed":0.0,"max_hp_gain":0.0,"max_hp_loss":0.0,"gold_gain":0.0,"event_name":"Golden Wing","player_choice":"Card Removal","floor":13.0,"gold_loss":0.0,"damage_taken":7.0},{"damage_healed":0.0,"max_hp_gain":0.0,"max_hp_loss":0.0,"gold_gain":0.0,"event_name":"Lab","player_choice":"Got Potions","floor":20.0,"gold_loss":0.0,"damage_taken":0.0},{"damage_healed":0.0,"max_hp_gain":0.0,"max_hp_loss":0.0,"gold_gain":0.0,"event_name":"Vampires","player_choice":"Ignored","floor":22.0,"gold_loss":0.0,"damage_taken":0.0},{"damage_healed":0.0,"max_hp_gain":0.0,"max_hp_loss":0.0,"gold_gain":0.0,"event_name":"Mysterious Sphere","player_choice":"Fight","floor":36.0,"gold_loss":0.0,"damage_taken":0.0},{"damage_healed":0.0,"max_hp_gain":0.0,"max_hp_loss":0.0,"gold_gain":0.0,"event_name":"SensoryStone","player_choice":"Memory 2","floor":41.0,"gold_loss":0.0,"damage_taken":5.0},{"damage_healed":0.0,"max_hp_gain":0.0,"max_hp_loss":0.0,"gold_gain":50.0,"event_name":"Golden Shrine","player_choice":"Pray","floor":45.0,"gold_loss":0.0,"damage_taken":0.0}],"is_beta":false,"boss_relics":[{"not_picked":["Snecko Eye","Cursed Key"],"picked":"Empty Cage"},{"not_picked":["Ring of the Serpent","Busted Crown"],"picked":"HoveringKite"}],"items_purged_floors":[12,19,29],"is_endless":false,"potions_floor_spawned":[1,7,16,18,27,31,33,39,44,48],"killed_by":"Time Eater","ascension_level":20}}