{"host":"fa96ppy4vc5r7pma","time":1608371252,"event":{"mods":["BaseMod","Best Route Mod","Bestiary","Block Reminder","Colored Map","Dota2Spire","Ekko","GungeonMod","Hermit","Highlight Path","Hubris","Minty Spire (QoL Compilation)","Permanent Neow","Quick Restart","Random Character Button","Relic Stats","Replay The Spire","StSLib","The Bladedancer","The Blue Laboratory","The Servant 0.9.4"],"gold_per_floor":[109,120,130,130,130,130,130],"floor_reached":6,"playtime":431,"items_purged":[],"score":36,"play_id":"1de9d2e9-818f-42d3-9ca8-388551fd19af","local_time":"20201219044732","is_ascension_mode":false,"campfire_choices":[],"circlet_count":0,"master_deck":["DemoMod:Strike_Huntress","DemoMod:Strike_Huntress","DemoMod:Strike_Huntress","DemoMod:Defend_Huntress","DemoMod:Defend_Huntress","DemoMod:Defend_Huntress","DemoMod:Defend_Huntress","DemoMod:Roll","DemoMod:ManualReload","DemoMod:RustySidearm","DemoMod:CrossBow","DemoMod:JK47","DemoMod:DoubleSwitch","DemoMod:TripleGun","DemoMod:ManualReload","Specialist"],"relics":["DemoMod:Dog","DemoMod:RedGuonStone","hubris:EvacipatedBox"],"acts_visited":["Exordium"],"potions_floor_usage":[],"damage_taken":[{"damage":1,"enemies":"Jaw Worm","floor":1,"turns":5},{"damage":11,"enemies":"Cultist","floor":2,"turns":7},{"damage":0,"enemies":"Small Slimes","floor":3,"turns":2},{"damage":45,"enemies":"Lagavulin","floor":6,"turns":6}],"seed_played":"6059978144980674930","potions_obtained":[{"floor":1,"key":"blueLaboratory:PhilterOfMotion"}],"is_trial":false,"path_per_floor":["M","M","M","?","$","E"],"character_chosen":"HUNTRESS","items_purchased":["DemoMod:RedGuonStone","hubris:EvacipatedBox"],"campfire_rested":0,"item_purchase_floors":[5,5],"current_hp_per_floor":[76,65,65,65,36,0,0],"gold":130,"neow_bonus":"TEN_PERCENT_HP_BONUS","is_daily":false,"chose_seed":false,"campfire_upgraded":0,"win_rate":0.0,"timestamp":1608371252,"path_taken":["M","M","M","?","?","E"],"items_purchased_type":["Relic","Relic"],"build_version":"2020-12-13","purchased_purges":0,"victory":false,"max_hp_per_floor":[77,77,77,77,77,77,77],"relic_stats":{"counters":[4,20],"obtain_stats":[{"DemoMod:Dog":0,"DemoMod:RedGuonStone":5,"DemoMod:GlassGuonStoneRelic":1,"hubris:EvacipatedBox":5},{"DemoMod:Dog":0,"DemoMod:RedGuonStone":3,"DemoMod:GlassGuonStoneRelic":1,"hubris:EvacipatedBox":3},{"DemoMod:Dog":0,"DemoMod:RedGuonStone":14,"DemoMod:GlassGuonStoneRelic":5,"hubris:EvacipatedBox":14}]},"card_choices":[{"not_picked":["DemoMod:ZorGun","DemoMod:Polaris"],"picked":"DemoMod:JK47","floor":1},{"not_picked":["DemoMod:Unmoved","DemoMod:FortunesFavor"],"picked":"DemoMod:DoubleSwitch","floor":2},{"not_picked":["DemoMod:Camera","DemoMod:BoxingGlove"],"picked":"DemoMod:TripleGun","floor":3}],"player_experience":101603,"relics_obtained":[],"event_choices":[{"damage_healed":0,"gold_gain":0,"player_choice":"2 cards matched","damage_taken":0,"max_hp_gain":0,"max_hp_loss":0,"event_name":"Match and Keep!","floor":4,"gold_loss":0,"cards_obtained":["DemoMod:ManualReload","Specialist"]}],"is_beta":false,"boss_relics":[],"items_purged_floors":[],"is_endless":false,"potions_floor_spawned":[1],"killed_by":"Lagavulin","ascension_level":0}}