{"host":"q9718omregw4er46","time":1608405259,"event":{"mods":["BaseMod","Bestiary","Colored Powertips","Minty Spire (QoL Compilation)","Quick Restart","Relic Stats"],"gold_per_floor":[110,35,47,59,69,69,102,102,153,193,216,243,285,297,309,398,410,435,461,486,105,121,148,148,168,168,168,168],"floor_reached":27,"playtime":1191,"items_purged":["Strike_B"],"score":664,"play_id":"0f05e22b-beb0-4cc2-b0e5-b1ca6b6a2437","local_time":"20201220001419","is_ascension_mode":true,"campfire_choices":[{"data":"Ball Lightning","floor":6,"key":"SMITH"},{"data":"Cold Snap","floor":8,"key":"SMITH"},{"data":"Seek","floor":15,"key":"SMITH"},{"data":"Self Repair","floor":24,"key":"SMITH"}],"circlet_count":0,"master_deck":["AscendersBane","Strike_B","Strike_B","Defend_B","Defend_B","Defend_B","Defend_B","Zap","Dualcast","Cold Snap+1","Steam","Ball Lightning+1","Go for the Eyes+1","Seek+1","Compile Driver+1","Seek","Self Repair+1","Chill+1","Glacier+1","Recycle"],"relics":["Cracked Core","DataDisk","Molten Egg 2","MawBank","Strawberry","Thread and Needle","Runic Pyramid","Prayer Wheel","Toy Ornithopter"],"acts_visited":["Exordium","TheCity"],"potions_floor_usage":[7,10,16,23],"damage_taken":[{"damage":3,"enemies":"Small Slimes","floor":1,"turns":2},{"damage":12,"enemies":"Jaw Worm","floor":3,"turns":3},{"damage":0,"enemies":"Cultist","floor":4,"turns":3},{"damage":1,"enemies":"Exordium Wildlife","floor":5,"turns":4},{"damage":0,"enemies":"Lagavulin","floor":7,"turns":6},{"damage":18,"enemies":"3 Sentries","floor":10,"turns":7},{"damage":0,"enemies":"Large Slime","floor":11,"turns":3},{"damage":0,"enemies":"Blue Slaver","floor":12,"turns":2},{"damage":5,"enemies":"Gremlin Nob","floor":13,"turns":3},{"damage":0,"enemies":"Slime Boss","floor":16,"turns":5},{"damage":0,"enemies":"Spheric Guardian","floor":18,"turns":4},{"damage":3,"enemies":"Chosen","floor":19,"turns":5},{"damage":34,"enemies":"Snecko","floor":20,"turns":7},{"damage":8,"enemies":"Snake Plant","floor":22,"turns":4},{"damage":2,"enemies":"Book of Stabbing","floor":23,"turns":6},{"damage":12,"enemies":"3 Cultists","floor":25,"turns":8},{"damage":42,"enemies":"Gremlin Leader","floor":27,"turns":9}],"seed_played":"616664937247634342","potions_obtained":[{"floor":1,"key":"EssenceOfSteel"},{"floor":4,"key":"SteroidPotion"},{"floor":5,"key":"PowerPotion"},{"floor":12,"key":"Fire Potion"},{"floor":16,"key":"LiquidBronze"},{"floor":20,"key":"SneckoOil"}],"is_trial":false,"path_per_floor":["M","?","M","M","M","R","E","R","T","E","M","M","E","?","R","B",null,"M","M","M","$","M","E","R","M","T","E"],"character_chosen":"DEFECT","items_purchased":["Prayer Wheel"],"campfire_rested":0,"item_purchase_floors":[21],"current_hp_per_floor":[61,61,49,49,48,48,48,48,48,37,37,37,32,37,37,37,72,72,69,42,42,34,39,39,37,37,0,0],"gold":168,"neow_bonus":"RANDOM_COMMON_RELIC","is_daily":false,"chose_seed":false,"campfire_upgraded":4,"win_rate":0.0,"timestamp":1608405259,"path_taken":["M","?","M","M","M","R","E","R","T","E","M","M","E","?","R","BOSS","M","M","M","$","M","E","R","M","T","E"],"items_purchased_type":["Relic"],"build_version":"2020-12-13","purchased_purges":1,"victory":false,"max_hp_per_floor":[71,71,71,71,71,71,71,71,71,78,78,78,78,83,83,83,83,83,83,83,83,83,83,83,83,83,83,83],"relic_stats":{"counters":[17,81],"Prayer Wheel":2,"MawBank":144,"obtain_stats":[{"DataDisk":0,"Strawberry":10,"Molten Egg 2":7,"Thread and Needle":13,"Prayer Wheel":21,"Cracked Core":0,"MawBank":9,"Toy Ornithopter":23,"Runic Pyramid":17},{"DataDisk":0,"Strawberry":6,"Molten Egg 2":5,"Thread and Needle":9,"Prayer Wheel":13,"Cracked Core":0,"MawBank":5,"Toy Ornithopter":15,"Runic Pyramid":10},{"DataDisk":0,"Strawberry":25,"Molten Egg 2":18,"Thread and Needle":33,"Prayer Wheel":54,"Cracked Core":0,"MawBank":18,"Toy Ornithopter":64,"Runic Pyramid":38}],"Toy Ornithopter":0},"card_choices":[{"not_picked":["Blizzard","Gash","Aggregate"],"picked":"SKIP","floor":1},{"not_picked":["Rip and Tear","Steam"],"picked":"Cold Snap","floor":3},{"not_picked":["Rip and Tear","Consume"],"picked":"Steam","floor":4},{"not_picked":["Conserve Battery","Consume"],"picked":"Ball Lightning","floor":5},{"not_picked":["Sweeping Beam+1","Redo"],"picked":"Go for the Eyes+1","floor":7},{"not_picked":["Rebound+1","White Noise"],"picked":"Seek","floor":10},{"not_picked":["Barrage+1","Coolheaded"],"picked":"Compile Driver+1","floor":11},{"not_picked":["Reinforced Body","Auto Shields","Ball Lightning+1"],"picked":"SKIP","floor":12},{"not_picked":["Streamline+1","Beam Cell+1","Blizzard+1"],"picked":"SKIP","floor":13},{"not_picked":["Rainbow","Reboot"],"picked":"Seek","floor":16},{"not_picked":["Stack","Compile Driver+1","Blizzard+1"],"picked":"SKIP","floor":18},{"not_picked":["Steam","Go for the Eyes+1"],"picked":"Self Repair","floor":19},{"not_picked":["Go for the Eyes+1","Creative AI"],"picked":"Chill+1","floor":20},{"not_picked":["Compile Driver+1","Rebound+1"],"picked":"Glacier+1","floor":22},{"not_picked":["Rebound+1","Blizzard+1","Reprogram"],"picked":"SKIP","floor":22},{"not_picked":["Beam Cell+1","Scrape+1","Barrage+1"],"picked":"SKIP","floor":23},{"not_picked":["Skim","Rebound+1"],"picked":"Recycle","floor":25},{"not_picked":["Stack","Beam Cell+1","Coolheaded"],"picked":"SKIP","floor":25}],"player_experience":1063916,"relics_obtained":[{"floor":7,"key":"Molten Egg 2"},{"floor":9,"key":"MawBank"},{"floor":10,"key":"Strawberry"},{"floor":13,"key":"Thread and Needle"},{"floor":23,"key":"Toy Ornithopter"}],"event_choices":[{"cards_removed":["Strike_B"],"damage_healed":0,"gold_gain":0,"player_choice":"Card Removal","damage_taken":0,"max_hp_gain":0,"max_hp_loss":0,"event_name":"The Cleric","floor":2,"gold_loss":75},{"damage_healed":0,"gold_gain":0,"player_choice":"Donut","damage_taken":0,"max_hp_gain":5,"max_hp_loss":0,"event_name":"Big Fish","floor":14,"gold_loss":0}],"is_beta":false,"boss_relics":[{"not_picked":["Tiny House","Calling Bell"],"picked":"Runic Pyramid"}],"items_purged_floors":[21],"is_endless":false,"potions_floor_spawned":[1,4,5,12,16,20],"killed_by":"Gremlin Leader","ascension_level":20}}