{"host":"nox","time":1608368305,"event":{"mods":["Aspiration","BaseMod","Better Third Choice","Colored Powertips","Conspire","Hubris","Infinite Spire","Minty Spire (QoL Compilation)","Quick Restart","Rare Cards Sparkle","Replay The Spire","Shop Mod","Spikes Relics","StSLib","SuperFastMode","The Alterego","vexMod"],"gold_per_floor":[109,127,52,65,80,105,105,121,146,179,179,253,253,253,253,356,356,370,370,386,403,465,465,564,583,583,583,171,184,184,184,184,285,285,302,318,278,278,290,290,321,321,375,375,390,407,407,417,417,417,417],"floor_reached":50,"playtime":2433,"items_purged":["Strike_B"],"score":657,"play_id":"ff6ab4cb-3d6e-4b07-94b0-004bb7bfeab9","local_time":"20201219155825","is_ascension_mode":false,"campfire_choices":[{"data":"Dualcast","floor":7.0,"key":"SMITH"},{"data":"Zap","floor":13.0,"key":"SMITH"},{"data":"Regret","floor":15.0,"key":"PURGE"},{"floor":23.0,"key":"REST"},{"data":"Loop","floor":27.0,"key":"SMITH"},{"floor":30.0,"key":"REST"},{"data":"Consume","floor":32.0,"key":"SMITH"},{"floor":40.0,"key":"REST"},{"floor":47,"key":"REST"},{"floor":49,"key":"REST"}],"circlet_count":0,"master_deck":["Zap+1","Dualcast+1","Ball Lightning","Conserve Battery","Echo Form","Conserve Battery","Thunder Strike","Biased Cognition","Stack","Consume+1","Redo","BasicCrystalCard","Stack","Double Energy+1","Loop+1","Reinforced Body+1","Loop+1","FIFO Queue","Multi-Cast","Loop+1","Gash","Leap","Leap","Madness","Madness","Hologram"],"relics":["Cracked Core","Replay:WaspNest","aspiration:TomeofQuesting","conspire:GlowingRock","Replay:Towering Pillar of Hats","Rawhide","Vajra","MerchantsRug","infinitespire:CursedDice","aspiration:RunicSpoon","hubris:Icosahedron","ShockBauble","MiniBlackHole"],"acts_visited":["Exordium","TheCity","TheBeyond"],"potions_floor_usage":[],"damage_taken":[{"damage":2.0,"enemies":"2 Louse","floor":1.0,"turns":2.0},{"damage":6.0,"enemies":"Jaw Worm","floor":2.0,"turns":3.0},{"damage":3.0,"enemies":"Small Slimes","floor":4.0,"turns":3.0},{"damage":5.0,"enemies":"Looter","floor":5.0,"turns":3.0},{"damage":6.0,"enemies":"3 Sentries","floor":6.0,"turns":5.0},{"damage":5.0,"enemies":"3 Louse","floor":8.0,"turns":3.0},{"damage":3.0,"enemies":"Lagavulin","floor":10.0,"turns":6.0},{"damage":5.0,"enemies":"Slime Boss","floor":16.0,"turns":8.0},{"damage":5.0,"enemies":"3 Byrds","floor":18.0,"turns":4.0},{"damage":1.0,"enemies":"conspire:FuzzyDice","floor":20.0,"turns":5.0},{"damage":13.0,"enemies":"conspire:HollyBat","floor":21.0,"turns":6.0},{"damage":7.0,"enemies":"Snake Plant","floor":25.0,"turns":4.0},{"damage":31.0,"enemies":"Snecko","floor":29.0,"turns":6.0},{"damage":25.0,"enemies":"Pondfish","floor":33.0,"turns":7.0},{"damage":40.0,"enemies":"3 Darklings","floor":35.0,"turns":4.0},{"damage":11.0,"enemies":"Orb Walker","floor":36.0,"turns":5.0},{"damage":45.0,"enemies":"4 Shapes","floor":39.0,"turns":5.0},{"damage":1.0,"enemies":"R_Hoarder","floor":41.0,"turns":8.0},{"damage":44.0,"enemies":"Spire Growth","floor":45.0,"turns":6.0},{"damage":8.0,"enemies":"Jaw Worm Horde","floor":46.0,"turns":4.0},{"damage":8,"enemies":"Sphere and 2 Shapes","floor":48,"turns":6},{"damage":85,"enemies":"conspire:OrnateMirror","floor":50,"turns":10}],"seed_played":"-1335690815879041350","potions_obtained":[{"floor":2.0,"key":"Reflective Coating"},{"floor":10.0,"key":"Fire Potion"},{"floor":16.0,"key":"LifebloodPotion"},{"floor":18.0,"key":"BlessingOfTheForge"},{"floor":19.0,"key":"GamblersBrew"},{"floor":21.0,"key":"infinitespire:BlackPotion"},{"floor":22.0,"key":"Doom Potion"},{"floor":33.0,"key":"Dexterity Potion"},{"floor":39.0,"key":"Dexterity Potion"}],"is_trial":false,"path_per_floor":["M","M","$","M","M","E","R","M","T","E","?","T","R","?","R","B",null,"M","?","M","M","?","R","?","M","T","R","$","M","R","?","R","B",null,"M","M","$","?","M","R","E","?","T","?","M","M","R","M","R","B"],"character_chosen":"DEFECT","items_purchased":["MerchantsRug","FIFO Queue","infinitespire:CursedDice","Leap"],"campfire_rested":5,"item_purchase_floors":[28,28,28,37],"current_hp_per_floor":[80,74,74,71,66,60,60,55,55,52,52,52,52,52,52,47,82,77,77,76,63,43,67,67,60,60,60,60,29,53,53,53,28,82,42,31,31,31,49,73,72,62,62,62,18,10,34,26,50,0,0],"gold":417,"neow_bonus":"TEN_PERCENT_HP_BONUS","is_daily":false,"chose_seed":false,"campfire_upgraded":4,"win_rate":0.0,"timestamp":1608368305,"path_taken":["M","M","$","M","M","E","R","M","T","E","?","?","R","?","R","BOSS","M","?","M","M","?","R","?","M","T","R","$","M","R","?","R","BOSS","M","M","$","?","M","R","E","?","T","?","?","M","R","M","R","BOSS"],"items_purchased_type":["Relic","Card","Relic","Card"],"build_version":"2020-11-17","purchased_purges":1,"victory":false,"max_hp_per_floor":[82,82,82,82,82,82,82,82,82,82,82,82,82,82,82,82,82,82,82,82,82,82,82,82,82,82,82,82,82,82,82,82,82,82,82,82,82,82,82,82,82,82,82,82,82,82,82,82,82,82,82],"card_choices":[{"not_picked":["Crystallizer","Beam Cell","DiskWipe"],"picked":"SKIP","floor":1.0},{"not_picked":["Sunder","Doom and Gloom"],"picked":"Ball Lightning","floor":2.0},{"not_picked":["Turbo","Panic Button","Blizzard"],"picked":"SKIP","floor":4.0},{"not_picked":["Leap","Static Discharge"],"picked":"Conserve Battery","floor":5.0},{"not_picked":["Beam Cell","Turbo"],"picked":"Echo Form","floor":6.0},{"not_picked":["Consume","Coolheaded","Self Repair"],"picked":"SKIP","floor":8.0},{"not_picked":["Go for the Eyes","Rebound","Sunder"],"picked":"SKIP","floor":10.0},{"not_picked":["Machine Learning","Multi-Cast"],"picked":"Thunder Strike","floor":16.0},{"not_picked":["Go for the Eyes","Turbo"],"picked":"Loop+1","floor":18.0},{"not_picked":["Rebound","Turbo","Redo+1"],"picked":"SKIP","floor":20.0},{"not_picked":["Recycle+1","Redo","ReplaySort+1"],"picked":"SKIP","floor":21.0},{"not_picked":["ReplayGash","hubris:Ukulele"],"picked":"Reinforced Body+1","floor":22.0},{"not_picked":["Hologram","Ball Lightning"],"picked":"Loop","floor":25.0},{"not_picked":["BasicCrystalCard","Hello World","ReplayTheSpireMod:GoodbyeWorld"],"picked":"SKIP","floor":29.0},{"not_picked":["Machine Learning","hubris:Prefetch"],"picked":"Multi-Cast","floor":33.0},{"not_picked":["BasicCrystalCard","Leap+1"],"picked":"Loop+1","floor":35.0},{"not_picked":["Stack","Beam Cell"],"picked":"Gash","floor":36.0},{"not_picked":["Genetic Algorithm","hubris:PowerSurge+1","ReplayTheSpireMod:Repulse"],"picked":"SKIP","floor":39.0},{"not_picked":["Compile Driver+1","Coolheaded+1","Beam Cell+1"],"picked":"SKIP","floor":41.0},{"not_picked":["Coolheaded","Crystallizer","Force Field+1"],"picked":"SKIP","floor":45.0},{"not_picked":["Turbo+1","Rip and Tear"],"picked":"Hologram","floor":46},{"not_picked":["Ball Lightning","ReplayTheSpireMod:System Scan","ReplaySolidLightProjector"],"picked":"SKIP","floor":48}],"player_experience":191594,"relics_obtained":[{"floor":6.0,"key":"Replay:WaspNest"},{"floor":9.0,"key":"aspiration:TomeofQuesting"},{"floor":10.0,"key":"conspire:GlowingRock"},{"floor":12.0,"key":"Rawhide"},{"floor":22.0,"key":"Vajra"},{"floor":41.0,"key":"ShockBauble"},{"floor":43.0,"key":"MiniBlackHole"}],"event_choices":[{"damage_healed":0.0,"max_hp_gain":0.0,"max_hp_loss":0.0,"gold_gain":0.0,"event_name":"Big Fish","player_choice":"Box","floor":11.0,"gold_loss":0.0,"damage_taken":0.0,"relics_obtained":["Replay:Towering Pillar of Hats"],"cards_obtained":["Regret"]},{"damage_healed":0.0,"max_hp_gain":0.0,"max_hp_loss":0.0,"gold_gain":99.0,"event_name":"betterThird:BetterNest","player_choice":"Steal","floor":24.0,"gold_loss":0.0,"damage_taken":0.0},{"damage_healed":0.0,"max_hp_gain":0.0,"max_hp_loss":0.0,"gold_gain":0.0,"event_name":"Ghosts","player_choice":"Ignored","floor":31.0,"gold_loss":0.0,"damage_taken":0.0},{"damage_healed":0.0,"max_hp_gain":0.0,"max_hp_loss":0.0,"gold_gain":0.0,"event_name":"Winding Halls","player_choice":"Embrace Madness","floor":42.0,"gold_loss":0.0,"damage_taken":10.0,"cards_obtained":["Madness","Madness"]},{"damage_healed":0.0,"max_hp_gain":0.0,"max_hp_loss":0.0,"gold_gain":0.0,"event_name":"Upgrade Shrine","player_choice":"Upgraded","floor":44.0,"gold_loss":0.0,"damage_taken":0.0,"cards_upgraded":["Double Energy"]}],"is_beta":true,"boss_relics":[{"not_picked":["aspiration:Stellarator","ReplayTheSpireMod:DimensionalGlitch"],"picked":"Pandora\u0027s Box"},{"not_picked":["Black Star","aspiration:PoetsPen_weak"],"picked":"aspiration:RunicSpoon"}],"items_purged_floors":[3],"is_endless":false,"potions_floor_spawned":[2,10,16,18,21,33,35,39],"killed_by":"conspire:OrnateMirror","ascension_level":0}}