{"host":"gbop6m4qugddaz18","time":1608352629,"event":{"mods":["2.2 Compatiblity","BaseMod","Better Third Choice","Block Reminder","Downfall","GifTheSpireLib","Highlight Path","Minty Spire (QoL Compilation)","Replay The Spire","StSLib"],"gold_per_floor":[18,18,38,49,64,64,97,97,144,179,179,209,227,239,239,335,335,348,348,438,449,449,480,480,514,514,24,24,39,54,74,74,175,175,189,189,199,211,226,226,243,268,319,346,346,346,365,382,382,382,382,382,77,105,105,105],"floor_reached":55,"playtime":5188,"items_purged":[],"score":664,"play_id":"60b03267-009b-41b3-9a41-4fb9bc372b96","local_time":"20201218233709","is_ascension_mode":true,"campfire_choices":[{"data":"Blade Dance","floor":6,"key":"SMITH"},{"floor":11,"key":"REST"},{"floor":15,"key":"REST"},{"floor":24,"key":"REST"},{"floor":28,"key":"REST"},{"floor":32,"key":"REST"},{"floor":40,"key":"REST"},{"floor":46,"key":"RECALL"},{"data":"Accuracy","floor":49,"key":"SMITH"},{"data":"After Image","floor":52,"key":"SMITH"}],"circlet_count":0,"master_deck":["Strike_G","Strike_G","Strike_G+1","Strike_G","Strike_G+1","Defend_G","Defend_G+1","Defend_G","Defend_G","Survivor","Neutralize","Blade Dance+1","Leg Sweep","ReplayTheSpireMod:Scrap Shanks","Escape Plan","Sucker Punch","Cloak And Dagger","Heel Hook","Accuracy+1","Dagger Throw","Discovery+1","Caltrops","Sucker Punch+1","ReplayTheSpireMod:Scrap Shanks","Caltrops","Blade Dance+1","Deflect","Blade Dance","Adrenaline","Dash","expansioncontent:BronzeBeam","Dagger Throw","Infinite Blades+1","ReplayTheSpireMod:The Works+1","Fluid Movement+1","After Image+1","Caltrops+1","Hidden Blade","Accuracy","Accuracy","Infinite Blades"],"relics":["Ring of the Snake","Replay:Towering Pillar of Hats","Sundial","Toy Ornithopter","Happy Flower","Odd Mushroom","Black Star","Replay:Bottled Snecko","Tiny Chest","Strawberry","Ornamental Fan","Art of War","Shuriken","DollysMirror","Replay:Bronze Core","Garlic","Omamori","Bird Faced Urn","Bottled Tornado","Mummified Hand","Centennial Puzzle","Blue Candle"],"acts_visited":["Exordium","TheCity","TheBeyond","TheEnding"],"potions_floor_usage":[10,16,16,21,25,25,30,35,38,42,42,42,48,55],"damage_taken":[{"damage":0,"enemies":"Cultist","floor":1,"turns":4},{"damage":3,"enemies":"2 Louse","floor":3,"turns":3},{"damage":0,"enemies":"Small Slimes","floor":4,"turns":3},{"damage":5,"enemies":"Looter","floor":5,"turns":4},{"damage":12,"enemies":"3 Sentries","floor":7,"turns":11},{"damage":11,"enemies":"Gremlin Nob","floor":10,"turns":4},{"damage":19,"enemies":"The Mushroom Lair","floor":12,"turns":4},{"damage":1,"enemies":"2 Fungi Beasts","floor":13,"turns":4},{"damage":0,"enemies":"Exordium Thugs","floor":14,"turns":4},{"damage":1,"enemies":"Slime Boss","floor":16,"turns":10},{"damage":19,"enemies":"Spheric Guardian","floor":18,"turns":4},{"damage":0,"enemies":"Chosen","floor":21,"turns":6},{"damage":28,"enemies":"Gremlin Leader","floor":23,"turns":9},{"damage":12,"enemies":"Book of Stabbing","floor":25,"turns":5},{"damage":11,"enemies":"Snecko","floor":29,"turns":5},{"damage":9,"enemies":"Cultist and Chosen","floor":30,"turns":6},{"damage":13,"enemies":"Chosen and Byrds","floor":31,"turns":4},{"damage":7,"enemies":"Champ","floor":33,"turns":8},{"damage":15,"enemies":"3 Shapes","floor":35,"turns":4},{"damage":1,"enemies":"Orb Walker","floor":37,"turns":4},{"damage":15,"enemies":"3 Darklings","floor":38,"turns":4},{"damage":19,"enemies":"4 Shapes","floor":39,"turns":13},{"damage":0,"enemies":"Maw","floor":41,"turns":6},{"damage":18,"enemies":"Giant Head","floor":42,"turns":6},{"damage":11,"enemies":"Nemesis","floor":44,"turns":9},{"damage":0,"enemies":"Jaw Worm Horde","floor":47,"turns":4},{"damage":11,"enemies":"4 Shapes","floor":48,"turns":5},{"damage":20,"enemies":"Donu and Deca","floor":50,"turns":7},{"damage":40,"enemies":"Shield and Spear","floor":54,"turns":4},{"damage":81,"enemies":"The Heart","floor":55,"turns":6}],"seed_played":"-6449777947606807167","potions_obtained":[{"floor":3,"key":"Poison Potion"},{"floor":4,"key":"SpeedPotion"},{"floor":12,"key":"GhostInAJar"},{"floor":14,"key":"BlessingOfTheForge"},{"floor":16,"key":"Weak Potion"},{"floor":23,"key":"DistilledChaos"},{"floor":29,"key":"Energy Potion"},{"floor":31,"key":"Explosive Potion"},{"floor":33,"key":"SpeedPotion"},{"floor":37,"key":"Toxic Potion"},{"floor":39,"key":"PowerPotion"},{"floor":41,"key":"FearPotion"},{"floor":42,"key":"Milkshake"},{"floor":48,"key":"sneckomod:MuddlingPotion"},{"floor":54,"key":"champ:CounterPotion"}],"is_trial":false,"path_per_floor":["M","?","M","M","M","R","E","?","T","E","R","?","M","M","R","B",null,"M","?","?","M","?","E","R","E","T","$","R","M","M","M","R","B",null,"M","?","M","M","M","R","M","E","T","E","?","R","M","M","R","B",null,"R","$","E","B"],"character_chosen":"THE_SILENT","items_purchased":["Shuriken","Caltrops","DollysMirror","Accuracy","Mummified Hand"],"campfire_rested":6,"item_purchase_floors":[27,27,27,53,53],"current_hp_per_floor":[70,56,53,53,48,48,36,36,36,30,51,32,31,31,52,61,70,51,51,27,32,32,4,25,30,30,30,53,42,38,25,48,41,77,62,62,61,51,32,55,55,52,52,41,41,41,53,61,61,57,77,77,77,43,0,0],"gold":105,"neow_bonus":"ONE_RARE_RELIC","is_daily":false,"chose_seed":false,"campfire_upgraded":3,"win_rate":0.0,"timestamp":1608352629,"path_taken":["M","?","M","M","M","R","E","?","T","E","R","?","M","M","R","BOSS","M","?","?","?","?","E","R","E","T","$","R","M","M","M","R","BOSS","M","?","M","M","M","R","M","E","T","E","?","R","M","M","R","BOSS","R","$","E","BOSS"],"items_purchased_type":["Relic","Card","Relic","Card","Relic"],"build_version":"2020-12-13","purchased_purges":0,"victory":false,"max_hp_per_floor":[70,70,70,70,70,70,70,70,70,70,70,70,70,70,70,70,70,70,70,70,70,70,70,70,77,77,77,77,77,77,77,77,77,77,77,77,77,77,77,77,77,77,77,77,77,77,77,77,77,77,77,77,77,77,77,77],"card_choices":[{"not_picked":["Backflip","ReplayTheSpireMod:Speed Training"],"picked":"Blade Dance","floor":1},{"not_picked":["Choke","Outmaneuver","Bane"],"picked":"SKIP","floor":3},{"not_picked":["Crippling Poison","Quick Slash"],"picked":"Leg Sweep","floor":4},{"not_picked":["Eviscerate","Hidden Blade"],"picked":"ReplayTheSpireMod:Scrap Shanks","floor":5},{"not_picked":["Underhanded Strike","Sneak Up"],"picked":"Escape Plan","floor":7},{"not_picked":["Replay:Poison Smokescreen","ReplayTheSpireMod:The Works"],"picked":"Sucker Punch","floor":10},{"not_picked":["Bouncing Flask","Dagger Spray"],"picked":"Cloak And Dagger","floor":12},{"not_picked":["Setup","Bouncing Flask"],"picked":"Heel Hook","floor":13},{"not_picked":["Prepared","Hidden Blade"],"picked":"Accuracy","floor":14},{"not_picked":["Deadly Poison","Fluid Movement"],"picked":"Dagger Throw","floor":18},{"not_picked":["Acrobatics","All Out Attack"],"picked":"Caltrops","floor":21},{"not_picked":["Backflip+1","Acrobatics"],"picked":"Sucker Punch+1","floor":23},{"not_picked":["Flying Knee","Backflip"],"picked":"ReplayTheSpireMod:Scrap Shanks","floor":25},{"not_picked":["Hidden Blade","Dodge and Roll"],"picked":"Deflect","floor":29},{"not_picked":["Draining Mist","Bane"],"picked":"Blade Dance","floor":30},{"not_picked":["Eviscerate","Heel Hook","Bane"],"picked":"SKIP","floor":31},{"not_picked":["Poison Darts","Glass Knife"],"picked":"Adrenaline","floor":33},{"not_picked":["Bouncing Flask+1","Calculated Gamble"],"picked":"Dash","floor":35},{"not_picked":["Midas Touch","ReplayTheSpireMod:Uncanny Aura"],"picked":"expansioncontent:BronzeBeam","floor":36},{"not_picked":["Eviscerate","Acrobatics"],"picked":"Dagger Throw","floor":37},{"not_picked":["Slice+1","Catalyst+1"],"picked":"Infinite Blades+1","floor":38},{"not_picked":["Draining Mist+1","Poisoned Stab","Setup"],"picked":"SKIP","floor":39},{"not_picked":["Bane+1","Crippling Poison+1"],"picked":"ReplayTheSpireMod:The Works+1","floor":41},{"not_picked":["ReplayTheSpireMod:Exploit Weakness","Deflect"],"picked":"Fluid Movement+1","floor":42},{"not_picked":["Flechettes","Endless Agony+1"],"picked":"After Image","floor":44},{"not_picked":["Blade Dance","Outmaneuver+1"],"picked":"Caltrops+1","floor":47},{"not_picked":["Calculated Gamble","Endless Agony"],"picked":"Hidden Blade","floor":48},{"not_picked":["Poisoned Stab","Dagger Throw"],"picked":"Infinite Blades","floor":54}],"player_experience":465006,"relics_obtained":[{"floor":7,"key":"Sundial"},{"floor":9,"key":"Toy Ornithopter"},{"floor":10,"key":"Happy Flower"},{"floor":12,"key":"Odd Mushroom"},{"floor":23,"key":"Replay:Bottled Snecko"},{"floor":23,"key":"Tiny Chest"},{"floor":25,"key":"Strawberry"},{"floor":25,"key":"Ornamental Fan"},{"floor":26,"key":"Art of War"},{"floor":42,"key":"Garlic"},{"floor":42,"key":"Omamori"},{"floor":44,"key":"Bird Faced Urn"},{"floor":44,"key":"Bottled Tornado"},{"floor":54,"key":"Centennial Puzzle"},{"floor":54,"key":"Blue Candle"}],"event_choices":[{"damage_healed":70,"gold_gain":0,"player_choice":"Upgrade","damage_taken":14,"max_hp_gain":0,"max_hp_loss":70,"event_name":"betterThird:BetterShining","floor":2,"gold_loss":0,"cards_upgraded":["Strike_G","Defend_G"]},{"damage_healed":0,"gold_gain":0,"player_choice":"Fought Mushrooms","damage_taken":0,"max_hp_gain":0,"max_hp_loss":0,"event_name":"Mushrooms","floor":12,"gold_loss":0},{"damage_healed":0,"gold_gain":90,"player_choice":"POTION GOLD CARD ","damage_taken":24,"max_hp_gain":0,"max_hp_loss":0,"event_name":"Knowing Skull","floor":20,"potions_obtained":["hexamod:EctoCoolerPotion"],"gold_loss":0,"cards_obtained":["Discovery"]},{"damage_healed":0,"gold_gain":0,"player_choice":"Upgraded","damage_taken":0,"max_hp_gain":0,"max_hp_loss":0,"event_name":"Upgrade Shrine","floor":22,"gold_loss":0,"cards_upgraded":["Discovery"]},{"damage_healed":0,"gold_gain":0,"player_choice":"Memory 1","damage_taken":0,"max_hp_gain":0,"max_hp_loss":0,"event_name":"SensoryStone","floor":36,"gold_loss":0},{"cards_removed":["Defend_G"],"damage_healed":0,"gold_gain":0,"player_choice":"Removed Skill","damage_taken":0,"max_hp_gain":0,"max_hp_loss":0,"event_name":"Falling","floor":45,"gold_loss":0}],"is_beta":false,"boss_relics":[{"not_picked":["Tiny House","SacredBark"],"picked":"Black Star"},{"not_picked":["Abe\u0027s Treasure","Velvet Choker"],"picked":"Replay:Bronze Core"}],"items_purged_floors":[],"is_endless":false,"potions_floor_spawned":[3,4,12,14,16,23,29,31,33,37,39,41,42,48,54],"killed_by":"The Heart","ascension_level":2}}