{"host":"l2821e3dgmq4sghh","time":1608385522,"event":{"mods":["BaseMod","Colored Powertips","Minty Spire (QoL Compilation)","StSLib"],"gold_per_floor":[110,110,128,143,68,68,98,98,98,110,136,152,180,180,180,281,281,294,313,388,388,388,388,407,407,407,407,421,434,92,109,109,213,213,227,272,272,272,147,147,176,26,26,59,77,105,105,115,115,115,115,115,14,42,42,42],"floor_reached":55,"playtime":8128,"items_purged":["Strike_B","Strike_B+1","Strike_B+1","Dualcast"],"score":759,"play_id":"92a4aeca-55f5-4da9-a246-dc999aff9b15","local_time":"20201219144522","is_ascension_mode":true,"campfire_choices":[{"data":"Zap","floor":6.0,"key":"SMITH"},{"data":"Beam Cell","floor":15.0,"key":"SMITH"},{"data":"Go for the Eyes","floor":23,"key":"SMITH"},{"data":"Sweeping Beam","floor":25,"key":"SMITH"},{"data":"Stack","floor":32,"key":"SMITH"},{"floor":40,"key":"RECALL"},{"data":"Redo","floor":47,"key":"SMITH"},{"floor":49,"key":"REST"},{"data":"Redo","floor":52,"key":"SMITH"}],"circlet_count":0,"master_deck":["Defend_B+1","Defend_B+1","Defend_B+1","Defend_B+1","Zap+1","Streamline+1","Gash","Beam Cell+1","Go for the Eyes+1","Sweeping Beam+1","Sweeping Beam+1","Beam Cell+1","Leap+1","Turbo","Gash","Coolheaded+1","Gash+1","Steam","Stack+1","Compile Driver+1","Go for the Eyes+1","Leap+1","Coolheaded+1","Redo+1","Conserve Battery+1","Turbo","Redo+1","Coolheaded"],"relics":["Cracked Core","Bottled Flame","Meat on the Bone","Anchor","Prayer Wheel","WarpedTongs","Empty Cage","Pear","Ornamental Fan","Pantograph","Nuclear Battery","Ginger","Vajra","Blue Candle","Ancient Tea Set","Dream Catcher","Thread and Needle"],"acts_visited":["Exordium","TheCity","TheBeyond","TheEnding"],"potions_floor_usage":[29,29,50,55,55,55],"damage_taken":[{"damage":7.0,"enemies":"Small Slimes","floor":1.0,"turns":4.0},{"damage":0.0,"enemies":"Cultist","floor":3.0,"turns":2.0},{"damage":0.0,"enemies":"2 Louse","floor":4.0,"turns":2.0},{"damage":8.0,"enemies":"Lagavulin","floor":7.0,"turns":5.0},{"damage":6.0,"enemies":"Large Slime","floor":10.0,"turns":3.0},{"damage":17.0,"enemies":"3 Sentries","floor":11.0,"turns":6.0},{"damage":0.0,"enemies":"3 Louse","floor":12.0,"turns":3.0},{"damage":11.0,"enemies":"Lagavulin","floor":13.0,"turns":5.0},{"damage":48.0,"enemies":"Hexaghost","floor":16.0,"turns":8.0},{"damage":2.0,"enemies":"Shell Parasite","floor":18.0,"turns":4.0},{"damage":2,"enemies":"Spheric Guardian","floor":19,"turns":3},{"damage":7,"enemies":"Snecko","floor":24,"turns":4},{"damage":0,"enemies":"Centurion and Healer","floor":28,"turns":4},{"damage":7,"enemies":"Snake Plant","floor":29,"turns":3},{"damage":7,"enemies":"Cultist and Chosen","floor":31,"turns":6},{"damage":26,"enemies":"Collector","floor":33,"turns":11},{"damage":0,"enemies":"3 Darklings","floor":35,"turns":6},{"damage":4,"enemies":"2 Orb Walkers","floor":36,"turns":5},{"damage":30,"enemies":"Nemesis","floor":41,"turns":7},{"damage":10,"enemies":"Giant Head","floor":44,"turns":8},{"damage":0,"enemies":"3 Shapes","floor":45,"turns":3},{"damage":10,"enemies":"Nemesis","floor":46,"turns":5},{"damage":0,"enemies":"Maw","floor":48,"turns":7},{"damage":29,"enemies":"Awakened One","floor":50,"turns":15},{"damage":82,"enemies":"Shield and Spear","floor":54,"turns":10},{"damage":99,"enemies":"The Heart","floor":55,"turns":5}],"seed_played":"-3575368484512504688","potions_obtained":[{"floor":0.0,"key":"EssenceOfSteel"},{"floor":0.0,"key":"FairyPotion"},{"floor":0.0,"key":"CultistPotion"},{"floor":4.0,"key":"DistilledChaos"},{"floor":11.0,"key":"FairyPotion"},{"floor":16.0,"key":"AttackPotion"},{"floor":18.0,"key":"SkillPotion"},{"floor":31,"key":"BlessingOfTheForge"},{"floor":38,"key":"CultistPotion"},{"floor":38,"key":"EntropicBrew"}],"is_trial":false,"path_per_floor":["M","?","M","M","$","R","E","?","T","M","E","M","E","?","R","B",null,"M","M","T","?","?","R","M","R","T","?","M","M","$","M","R","B",null,"M","?","?","?","$","R","E","$","T","E","M","E","R","M","R","B",null,"R","$","E","B"],"character_chosen":"DEFECT","items_purchased":["Pantograph","PowerPotion","Coolheaded"],"campfire_rested":1,"item_purchase_floors":[30,53,53],"current_hp_per_floor":[68,68,68,68,68,68,60,42,42,48,43,43,44,44,44,34,75,73,71,81,81,81,81,74,74,74,74,74,67,67,60,60,59,85,85,81,81,81,81,81,51,51,51,53,53,43,43,43,68,56,85,85,85,15,0,0],"gold":42,"neow_bonus":"THREE_SMALL_POTIONS","is_daily":false,"chose_seed":false,"campfire_upgraded":7,"win_rate":0.0,"timestamp":1608385522,"path_taken":["M","?","M","M","$","R","E","?","T","M","E","M","E","?","R","BOSS","M","M","?","?","?","R","M","R","T","?","?","M","$","M","R","BOSS","M","?","?","?","$","R","E","$","T","E","M","E","R","M","R","BOSS","R","$","E","BOSS"],"items_purchased_type":["Relic","Potion","Card"],"build_version":"2020-12-13","purchased_purges":4,"victory":false,"max_hp_per_floor":[75,75,75,75,75,75,75,75,75,75,75,75,75,75,75,75,75,75,75,85,85,85,85,85,85,85,85,85,85,85,85,85,85,85,85,85,85,85,85,85,85,85,85,85,85,85,85,85,85,85,85,85,85,85,85,85],"card_choices":[{"not_picked":["Loop","Multi-Cast"],"picked":"Streamline","floor":1.0},{"not_picked":["Steam","Redo"],"picked":"Gash","floor":3.0},{"not_picked":["Aggregate","Self Repair","Force Field"],"picked":"SKIP","floor":4.0},{"not_picked":["Streamline","Doom and Gloom","Sunder"],"picked":"SKIP","floor":7.0},{"not_picked":["Gash","Steam"],"picked":"Beam Cell","floor":10.0},{"not_picked":["Gash","Thunder Strike"],"picked":"Go for the Eyes","floor":11.0},{"not_picked":["Capacitor","Compile Driver"],"picked":"Sweeping Beam","floor":12.0},{"not_picked":["Compile Driver","Glacier"],"picked":"Sweeping Beam","floor":13.0},{"not_picked":["Barrage","Steam+1"],"picked":"Beam Cell+1","floor":18.0},{"not_picked":["Streamline","Ball Lightning+1"],"picked":"Leap+1","floor":18.0},{"not_picked":["Consume+1","Streamline"],"picked":"Turbo","floor":19},{"not_picked":["Force Field","Undo","Reinforced Body"],"picked":"SKIP","floor":19},{"not_picked":["Go for the Eyes","Redo"],"picked":"Coolheaded+1","floor":24},{"not_picked":["Steam","Biased Cognition","Leap"],"picked":"SKIP","floor":24},{"not_picked":["Undo","Sweeping Beam+1"],"picked":"Gash+1","floor":28},{"not_picked":["Double Energy","Cold Snap"],"picked":"Steam","floor":28},{"not_picked":["Undo","Heatsinks"],"picked":"Stack","floor":29},{"not_picked":["Ball Lightning+1","Gash"],"picked":"Compile Driver+1","floor":29},{"not_picked":["Redo","Scrape"],"picked":"Go for the Eyes+1","floor":31},{"not_picked":["Rebound","Cold Snap","Chill"],"picked":"SKIP","floor":31},{"not_picked":["Steam+1","Storm+1"],"picked":"Leap+1","floor":35},{"not_picked":["Blizzard+1","Turbo","Defragment+1"],"picked":"SKIP","floor":35},{"not_picked":["Gash","Melter+1"],"picked":"Coolheaded+1","floor":36},{"not_picked":["Heatsinks","Aggregate","Lockon"],"picked":"SKIP","floor":41},{"not_picked":["Machine Learning","Darkness+1","Skim+1"],"picked":"SKIP","floor":44},{"not_picked":["Reinforced Body+1","Rip and Tear"],"picked":"Redo","floor":45},{"not_picked":["Beam Cell","Reprogram+1","Rebound"],"picked":"SKIP","floor":45},{"not_picked":["Capacitor+1","Lockon+1"],"picked":"Conserve Battery+1","floor":46},{"not_picked":["Rebound+1","Hello World"],"picked":"Turbo","floor":48},{"not_picked":["All For One","Glacier+1","Skim"],"picked":"SKIP","floor":48},{"not_picked":["Streamline","Aggregate"],"picked":"Redo","floor":49},{"not_picked":["Self Repair+1","Streamline+1","Sweeping Beam+1"],"picked":"SKIP","floor":54}],"player_experience":5331433,"relics_obtained":[{"floor":7.0,"key":"Bottled Flame"},{"floor":11.0,"key":"Anchor"},{"floor":13.0,"key":"Prayer Wheel"},{"floor":20,"key":"Pear"},{"floor":26,"key":"Ornamental Fan"},{"floor":36,"key":"Ginger"},{"floor":41,"key":"Vajra"},{"floor":43,"key":"Blue Candle"},{"floor":44,"key":"Ancient Tea Set"},{"floor":46,"key":"Dream Catcher"},{"floor":54,"key":"Thread and Needle"}],"event_choices":[{"damage_healed":0.0,"max_hp_gain":0.0,"max_hp_loss":0.0,"gold_gain":0.0,"event_name":"Living Wall","player_choice":"Grow","floor":2.0,"gold_loss":0.0,"damage_taken":0.0,"cards_upgraded":["Streamline"]},{"damage_healed":0.0,"max_hp_gain":0.0,"max_hp_loss":0.0,"gold_gain":0.0,"event_name":"Scrap Ooze","player_choice":"Success","floor":8.0,"gold_loss":0.0,"damage_taken":18.0,"relics_obtained":["Meat on the Bone"]},{"damage_healed":0.0,"max_hp_gain":0.0,"max_hp_loss":0.0,"gold_gain":0.0,"event_name":"Accursed Blacksmith","player_choice":"Rummage","floor":14.0,"gold_loss":0.0,"damage_taken":0.0,"relics_obtained":["WarpedTongs"],"cards_obtained":["Pain"]},{"damage_healed":0,"gold_gain":0,"player_choice":"Read","damage_taken":0,"max_hp_gain":0,"max_hp_loss":0,"event_name":"The Library","floor":21,"gold_loss":0,"cards_obtained":["Gash"]},{"damage_healed":0,"gold_gain":0,"player_choice":"Simplicity","damage_taken":0,"max_hp_gain":0,"max_hp_loss":0,"event_name":"Back to Basics","floor":22,"gold_loss":0,"cards_upgraded":["Strike_B","Strike_B","Defend_B","Defend_B","Defend_B","Defend_B"]},{"damage_healed":0,"gold_gain":0,"player_choice":"Upgraded","damage_taken":0,"max_hp_gain":0,"max_hp_loss":0,"event_name":"Upgrade Shrine","floor":27,"gold_loss":0,"cards_upgraded":["Sweeping Beam"]},{"damage_healed":0,"gold_gain":0,"player_choice":"Fight","damage_taken":0,"max_hp_gain":0,"max_hp_loss":0,"event_name":"Mysterious Sphere","floor":36,"gold_loss":0},{"damage_healed":0,"gold_gain":0,"player_choice":"Ignored","damage_taken":0,"max_hp_gain":0,"max_hp_loss":0,"event_name":"Tomb of Lord Red Mask","floor":37,"gold_loss":0},{"damage_healed":0,"gold_gain":0,"player_choice":"Got Potions","damage_taken":0,"max_hp_gain":0,"max_hp_loss":0,"event_name":"Lab","floor":38,"gold_loss":0}],"is_beta":false,"boss_relics":[{"not_picked":["Runic Dome","Coffee Dripper"],"picked":"Empty Cage"},{"not_picked":["FrozenCore","Sozu"],"picked":"Nuclear Battery"}],"items_purged_floors":[5,30,39,42],"is_endless":false,"potions_floor_spawned":[4,11,12,16,18,19,31,41,44,45,54],"killed_by":"The Heart","ascension_level":1}}