{"host":"yo9wwslrag05lh37","time":1608417353,"event":{"mods":["AchievementEnabler","BaseMod","Block Reminder","Colored Map","Colored Powertips","GifTheSpireLib","HexUI Lib","Highlight Path","Minty Spire (QoL Compilation)","Rare Cards Sparkle","Relic Stats","StSLib","everything is the same but u backflip on backflip"],"gold_per_floor":[116,128,145,15,33,61,61,88,111,111,111,140,140,156,156,227,227,244,258,274,9,9,9,40,40,40,40,40,69,87,12,12,12,12],"floor_reached":33,"playtime":1228,"items_purged":["Strike_B","Strike_B"],"score":606,"play_id":"69315ba6-6eb6-46f6-be02-e3f59d2118d8","local_time":"20201219233553","is_ascension_mode":true,"campfire_choices":[{"data":"Zap","floor":7.0,"key":"SMITH"},{"floor":10.0,"key":"REST"},{"floor":13.0,"key":"REST"},{"data":"Lockon","floor":15.0,"key":"SMITH"},{"data":"Glacier","floor":23.0,"key":"SMITH"},{"data":"Electrodynamics","floor":25.0,"key":"SMITH"},{"floor":27.0,"key":"REST"},{"floor":32.0,"key":"REST"}],"circlet_count":0,"master_deck":["AscendersBane","Strike_B+1","Defend_B","Defend_B","Defend_B","Defend_B","Zap+1","Dualcast+1","Rebound","Ball Lightning","Melter","Auto Shields+1","Darkness+1","Lockon+1","Core Surge","Echo Form","Darkness+1","Glacier+1","Electrodynamics+1","FTL"],"relics":["Cracked Core","Blue Candle","Whetstone","Bag of Preparation","War Paint","Runic Dome","Lantern","White Beast Statue","Girya"],"acts_visited":["Exordium","TheCity"],"potions_floor_usage":[33],"damage_taken":[{"damage":6.0,"enemies":"2 Louse","floor":1.0,"turns":3.0},{"damage":4.0,"enemies":"Jaw Worm","floor":2.0,"turns":4.0},{"damage":15.0,"enemies":"Small Slimes","floor":3.0,"turns":3.0},{"damage":6.0,"enemies":"Blue Slaver","floor":5.0,"turns":3.0},{"damage":20.0,"enemies":"Gremlin Nob","floor":6.0,"turns":4.0},{"damage":15.0,"enemies":"3 Sentries","floor":8.0,"turns":5.0},{"damage":14.0,"enemies":"Lagavulin","floor":12.0,"turns":6.0},{"damage":0.0,"enemies":"Exordium Thugs","floor":14.0,"turns":3.0},{"damage":3.0,"enemies":"Slime Boss","floor":16.0,"turns":8.0},{"damage":21.0,"enemies":"3 Byrds","floor":18.0,"turns":4.0},{"damage":0.0,"enemies":"Chosen","floor":19.0,"turns":3.0},{"damage":8.0,"enemies":"Centurion and Healer","floor":20.0,"turns":4.0},{"damage":15.0,"enemies":"Slavers","floor":24.0,"turns":3.0},{"damage":43.0,"enemies":"Gremlin Leader","floor":29.0,"turns":4.0},{"damage":9.0,"enemies":"Snake Plant","floor":30.0,"turns":2.0},{"damage":49,"enemies":"Champ","floor":33,"turns":6}],"seed_played":"-3199464043778612498","potions_obtained":[{"floor":3.0,"key":"Block Potion"},{"floor":6.0,"key":"Explosive Potion"},{"floor":12.0,"key":"PowerPotion"},{"floor":19.0,"key":"Swift Potion"},{"floor":24.0,"key":"DuplicationPotion"},{"floor":29.0,"key":"Energy Potion"}],"is_trial":false,"path_per_floor":["M","M","M","$","M","E","R","E","T","R","?","E","R","M","R","B",null,"M","M","M","$","?","R","E","R","T","R","?","E","M","?","R","B"],"character_chosen":"DEFECT","items_purchased":["Explosive Potion","Lantern"],"campfire_rested":4,"item_purchase_floors":[4,21],"current_hp_per_floor":[65,61,46,46,40,20,20,5,5,28,28,14,37,37,37,34,67,46,46,38,38,54,54,39,39,39,62,62,19,10,10,33,0,0],"gold":12,"neow_bonus":"TEN_PERCENT_HP_BONUS","is_daily":false,"chose_seed":false,"campfire_upgraded":4,"win_rate":0.0,"timestamp":1608417353,"path_taken":["M","M","M","$","M","E","R","E","T","R","?","E","R","M","R","BOSS","M","M","M","$","?","R","E","R","T","R","?","E","M","?","R","BOSS"],"items_purchased_type":["Potion","Relic"],"build_version":"2020-12-13","purchased_purges":2,"victory":false,"max_hp_per_floor":[78,78,78,78,78,78,78,78,78,78,78,78,78,78,78,78,78,78,78,78,78,78,78,78,78,78,78,78,78,78,78,78,78,78],"relic_stats":{"counters":[16,65],"Blue Candle":[0],"Bag of Preparation":[20],"Whetstone":["Strike_B","Strike_B"],"War Paint":["Dualcast","Auto Shields"],"obtain_stats":[{"Runic Dome":17,"Girya":29,"Lantern":21,"Blue Candle":6,"Bag of Preparation":9,"Whetstone":8,"War Paint":12,"Cracked Core":0,"White Beast Statue":24},{"Runic Dome":9,"Girya":14,"Lantern":12,"Blue Candle":5,"Bag of Preparation":6,"Whetstone":6,"War Paint":7,"Cracked Core":0,"White Beast Statue":13},{"Runic Dome":39,"Girya":57,"Lantern":50,"Blue Candle":17,"Bag of Preparation":22,"Whetstone":22,"War Paint":28,"Cracked Core":0,"White Beast Statue":53}]},"card_choices":[{"not_picked":["Barrage","Tempest","Loop"],"picked":"SKIP","floor":1.0},{"not_picked":["Conserve Battery","Cold Snap"],"picked":"Rebound","floor":2.0},{"not_picked":["Steam","Melter"],"picked":"Ball Lightning","floor":3.0},{"not_picked":["Consume","Redo"],"picked":"Melter","floor":5.0},{"not_picked":["Barrage","Go for the Eyes"],"picked":"Auto Shields","floor":6.0},{"not_picked":["Reinforced Body","Stack"],"picked":"Darkness","floor":8.0},{"not_picked":["Compile Driver","Cold Snap"],"picked":"Lockon","floor":12.0},{"not_picked":["Leap","Hologram"],"picked":"Core Surge","floor":14.0},{"not_picked":["Core Surge","Machine Learning"],"picked":"Echo Form","floor":16.0},{"not_picked":["Hologram","Fusion","Go for the Eyes"],"picked":"SKIP","floor":18.0},{"not_picked":["Heatsinks","Compile Driver"],"picked":"Darkness+1","floor":19.0},{"not_picked":["Loop+1","Defragment"],"picked":"Glacier","floor":20.0},{"not_picked":["Hyperbeam","Cold Snap"],"picked":"Electrodynamics","floor":24.0},{"not_picked":["Cold Snap","Barrage","Fusion"],"picked":"SKIP","floor":29.0},{"not_picked":["Streamline+1","Steam Power"],"picked":"FTL","floor":30.0}],"player_experience":1348673,"relics_obtained":[{"floor":6.0,"key":"Blue Candle"},{"floor":8.0,"key":"Whetstone"},{"floor":9.0,"key":"Bag of Preparation"},{"floor":12.0,"key":"War Paint"},{"floor":24.0,"key":"White Beast Statue"},{"floor":29.0,"key":"Girya"}],"event_choices":[{"damage_healed":0.0,"max_hp_gain":0.0,"max_hp_loss":0.0,"gold_gain":0.0,"event_name":"Living Wall","player_choice":"Grow","floor":11.0,"gold_loss":0.0,"damage_taken":0.0,"cards_upgraded":["Darkness"]},{"damage_healed":16.0,"max_hp_gain":0.0,"max_hp_loss":0.0,"gold_gain":0.0,"event_name":"The Library","player_choice":"Heal","floor":22.0,"gold_loss":0.0,"damage_taken":0.0},{"damage_healed":0.0,"max_hp_gain":0.0,"max_hp_loss":0.0,"gold_gain":0.0,"event_name":"Cursed Tome","player_choice":"Ignored","floor":28.0,"gold_loss":0.0,"damage_taken":0.0},{"cards_removed":["Strike_B"],"damage_healed":0.0,"max_hp_gain":0.0,"max_hp_loss":0.0,"gold_gain":0.0,"event_name":"Beggar","player_choice":"Gave Gold","floor":31.0,"gold_loss":75.0,"damage_taken":0.0}],"is_beta":false,"boss_relics":[{"not_picked":["Tiny House","Busted Crown"],"picked":"Runic Dome"}],"items_purged_floors":[4,21],"is_endless":false,"potions_floor_spawned":[3,6,12,19,20,24,29,30],"killed_by":"Champ","ascension_level":20}}