{"host":"g1na4j704t0qpw5f","time":1608397333,"event":{"mods":["AchievementEnabler","BaseMod","Card Forge","Colored Powertips","Custom Start","Googly Eyes","Highlight Path","Minty Spire (QoL Compilation)","StSLib"],"gold_per_floor":[110,121,137,48813,48813,48838,48895,48895,48895],"floor_reached":8,"playtime":337,"items_purged":["Strike_B"],"score":179,"play_id":"c70ccf97-e5d6-471d-97b0-49d6c5bc610e","local_time":"20201219120213","is_ascension_mode":true,"campfire_choices":[],"circlet_count":0,"master_deck":["AscendersBane","Strike_B","Strike_B+1","Strike_B","Defend_B","Defend_B","Defend_B","Defend_B","Zap","Dualcast","Go for the Eyes","Cold Snap","Cold Snap","Defragment","Rainbow","Secret Weapon","Cold Snap+1","Ball Lightning"],"relics":["Hammer of Thor","Seething Fire","Anvil of the Gods","Inserter","HandDrill","Incense Burner","Darkstone Periapt","Blood Vial","Bronze Scales","Whetstone"],"acts_visited":["Exordium"],"potions_floor_usage":[7],"damage_taken":[{"damage":6,"enemies":"2 Louse","floor":1,"turns":3},{"damage":9,"enemies":"Jaw Worm","floor":2,"turns":3},{"damage":10,"enemies":"Small Slimes","floor":3,"turns":5},{"damage":5,"enemies":"Lagavulin","floor":6,"turns":5},{"damage":11,"enemies":"Lagavulin Event","floor":7,"turns":6},{"damage":36,"enemies":"Gremlin Nob","floor":8,"turns":4}],"seed_played":"5849071735419403072","potions_obtained":[{"floor":2,"key":"FocusPotion"}],"is_trial":false,"path_per_floor":["M","M","M","$","?","E","?","E"],"character_chosen":"DEFECT","items_purchased":["Defragment","Rainbow","HandDrill","Incense Burner","Darkstone Periapt","Secret Weapon"],"campfire_rested":0,"item_purchase_floors":[4,4,4,4,4,4],"current_hp_per_floor":[58,49,39,39,28,25,16,0,0],"gold":48895,"neow_bonus":"BOSS_RELIC","is_daily":false,"chose_seed":false,"campfire_upgraded":0,"win_rate":0.0,"timestamp":1608397333,"path_taken":["M","M","M","$","?","E","?","E"],"items_purchased_type":["Card","Card","Relic","Relic","Relic","Card"],"build_version":"2020-12-13","purchased_purges":1,"victory":false,"max_hp_per_floor":[71,71,71,71,71,71,71,71,71],"card_choices":[{"not_picked":["Steam","Compile Driver"],"picked":"Go for the Eyes","floor":1},{"not_picked":["Go for the Eyes","Sweeping Beam"],"picked":"Cold Snap","floor":2},{"not_picked":["Genetic Algorithm","Static Discharge"],"picked":"Cold Snap","floor":3},{"not_picked":["Leap","Turbo"],"picked":"Cold Snap","floor":6},{"not_picked":["Sweeping Beam","Conserve Battery"],"picked":"Ball Lightning","floor":7}],"player_experience":478692,"relics_obtained":[{"floor":6,"key":"Bronze Scales"},{"floor":7,"key":"Whetstone"}],"event_choices":[{"damage_healed":0,"gold_gain":0,"player_choice":"Success","damage_taken":11,"relics_obtained":["Blood Vial"],"max_hp_gain":0,"max_hp_loss":0,"event_name":"Scrap Ooze","floor":5,"gold_loss":0},{"damage_healed":0,"gold_gain":30,"player_choice":"Searched \u00272\u0027 times","damage_taken":0,"max_hp_gain":0,"max_hp_loss":0,"event_name":"Dead Adventurer","floor":7,"gold_loss":0}],"is_beta":false,"boss_relics":[],"items_purged_floors":[4],"is_endless":false,"potions_floor_spawned":[2],"killed_by":"Gremlin Nob","ascension_level":17}}