{"host":"2461dio7vetlq1z3","time":1608401471,"event":{"mods":["2.2 Compatiblity","AchievementEnabler","BaseMod","Better Third Choice","Hermit","Marisa????????","Minty Spire (QoL Compilation)","Relic Stats","Spicy Shops","StSLib","Waifu the Spire"],"gold_per_floor":[116,116,126,142,161,161,198,198,198,237,266,222,247,284,284,425,497,521,542,555,555,562,562],"floor_reached":22,"playtime":1284,"items_purged":[],"score":312,"play_id":"fe001c61-44e0-4d5b-bf8a-c4bf1abedb70","local_time":"20201219191111","daily_mods":["Diverse"],"is_ascension_mode":true,"campfire_choices":[{"data":"Carnage","floor":6,"key":"SMITH"},{"floor":8,"key":"REST"},{"data":"hermit:BodyArmor","floor":15,"key":"SMITH"}],"circlet_count":0,"master_deck":["AscendersBane","Eruption","Vigilance","Carnage+1","hermit:BodyArmor+1","Poisoned Stab","SprinkleStarSeal","PropBag","Doom and Gloom","Robbery","Exhume","hermit:NoHoldsBarred","Barricade","hermit:FatalDesire","Brilliance","Underhanded Strike","Blizzard","MagicAbsorber","Seek","Immolate","Perseverance","hermit:Coalescence+1"],"relics":["PureWater","CeramicFish","Lantern","Gremlin Horn","Strawberry","Pandora\u0027s Box","Shuriken"],"acts_visited":["Exordium","TheCity"],"potions_floor_usage":[14,16],"damage_taken":[{"damage":0,"enemies":"Small Slimes","floor":1,"turns":3},{"damage":0,"enemies":"2 Louse","floor":3,"turns":2},{"damage":0,"enemies":"Cultist","floor":4,"turns":2},{"damage":0,"enemies":"Large Slime","floor":5,"turns":3},{"damage":35,"enemies":"Gremlin Nob","floor":7,"turns":5},{"damage":10,"enemies":"Lagavulin","floor":10,"turns":6},{"damage":0,"enemies":"3 Louse","floor":11,"turns":2},{"damage":1,"enemies":"Exordium Thugs","floor":13,"turns":6},{"damage":5,"enemies":"3 Sentries","floor":14,"turns":5},{"damage":6,"enemies":"Slime Boss","floor":16,"turns":10},{"damage":7,"enemies":"2 Thieves","floor":18,"turns":4},{"damage":10,"enemies":"Shell Parasite","floor":19,"turns":4},{"damage":8,"enemies":"Snake Plant","floor":20,"turns":3},{"damage":39,"enemies":"Snecko","floor":22,"turns":6}],"seed_played":"-2227451938771588819","potions_obtained":[{"floor":1,"key":"SpeedPotion"},{"floor":3,"key":"Explosive Potion"},{"floor":11,"key":"Swift Potion"},{"floor":13,"key":"FearPotion"},{"floor":14,"key":"SteroidPotion"},{"floor":18,"key":"BlessingOfTheForge"}],"is_trial":true,"path_per_floor":["M","?","M","M","M","R","E","R","T","E","M","?","M","E","R","B",null,"M","M","M","?","M"],"character_chosen":"WATCHER","items_purchased":[],"campfire_rested":1,"item_purchase_floors":[],"current_hp_per_floor":[65,51,51,51,51,51,16,37,37,39,39,39,38,40,40,34,68,61,51,43,36,0,0],"gold":562,"neow_bonus":"","is_daily":false,"chose_seed":false,"campfire_upgraded":2,"win_rate":0.0,"timestamp":1608401471,"path_taken":["M","?","M","M","M","R","E","R","T","E","M","?","M","E","R","BOSS","M","M","M","?","?"],"items_purchased_type":[],"build_version":"2020-12-13","purchased_purges":0,"victory":false,"max_hp_per_floor":[72,72,72,72,72,72,72,72,72,72,72,72,72,79,79,79,79,79,79,79,79,79,79],"relic_stats":{"Gremlin Horn":[9,9],"counters":[14,61],"Shuriken":[1],"CeramicFish":135,"Pandora\u0027s Box":["hermit:FatalDesire","Brilliance","Underhanded Strike","Blizzard","MagicAbsorber","Seek","Immolate","Perseverance"],"obtain_stats":[{"Lantern":9,"Gremlin Horn":10,"Ornamental Fan":13,"Shuriken":22,"CeramicFish":7,"Strawberry":14,"Blue Candle":16,"Pandora\u0027s Box":17,"PureWater":0,"Meat on the Bone":10,"Mercury Hourglass":14},{"Lantern":5,"Gremlin Horn":6,"Ornamental Fan":8,"Shuriken":14,"CeramicFish":5,"Strawberry":9,"Blue Candle":10,"Pandora\u0027s Box":10,"PureWater":0,"Meat on the Bone":6,"Mercury Hourglass":9},{"Lantern":15,"Gremlin Horn":21,"Ornamental Fan":26,"Shuriken":57,"CeramicFish":15,"Strawberry":34,"Blue Candle":36,"Pandora\u0027s Box":44,"PureWater":0,"Meat on the Bone":16,"Mercury Hourglass":32}]},"card_choices":[{"not_picked":["hermit:Ricochet","StarlightTyphoon"],"picked":"Carnage","floor":1},{"not_picked":["hermit:ItchyTrigger","Reckless Charge"],"picked":"hermit:BodyArmor","floor":3},{"not_picked":["ChargingUp","Shrug It Off"],"picked":"Poisoned Stab","floor":4},{"not_picked":["Prostrate","hermit:Coalescence"],"picked":"SprinkleStarSeal","floor":5},{"not_picked":["Evolve","Choke"],"picked":"PropBag","floor":7},{"not_picked":["Capacitor","Berserk"],"picked":"Doom and Gloom","floor":10},{"not_picked":["Outmaneuver","WitchLeyline"],"picked":"Robbery","floor":11},{"not_picked":["Twin Strike","Compile Driver"],"picked":"Exhume","floor":13},{"not_picked":["hermit:Misfire","Armaments"],"picked":"hermit:NoHoldsBarred","floor":14},{"not_picked":["Core Surge","hermit:FatalDesire"],"picked":"Barricade","floor":16},{"not_picked":["DoubleSpark","Stack"],"picked":"hermit:Coalescence+1","floor":18},{"not_picked":["Bane","hermit:CalledShot","hermit:Showdown"],"picked":"SKIP","floor":19},{"not_picked":["Go for the Eyes","Carnage","Sword Boomerang"],"picked":"SKIP","floor":20}],"player_experience":845271,"relics_obtained":[{"floor":7,"key":"CeramicFish"},{"floor":9,"key":"Lantern"},{"floor":10,"key":"Gremlin Horn"},{"floor":14,"key":"Strawberry"}],"event_choices":[{"damage_healed":65,"gold_gain":0,"player_choice":"Upgrade","damage_taken":14,"max_hp_gain":0,"max_hp_loss":72,"event_name":"betterThird:BetterShining","floor":2,"gold_loss":0,"cards_upgraded":["Strike_P","Strike_P"]},{"damage_healed":0,"gold_gain":0,"player_choice":"Left","damage_taken":0,"max_hp_gain":0,"max_hp_loss":0,"event_name":"betterThird:BetterGoop","floor":12,"gold_loss":44},{"damage_healed":0,"gold_gain":0,"player_choice":"Damaged","damage_taken":7,"max_hp_gain":0,"max_hp_loss":0,"event_name":"Wheel of Change","floor":21,"gold_loss":0}],"is_beta":false,"boss_relics":[{"not_picked":["Cursed Key","Busted Crown"],"picked":"Pandora\u0027s Box"}],"items_purged_floors":[],"is_endless":false,"potions_floor_spawned":[1,3,11,13,14,18],"killed_by":"Snecko","ascension_level":10}}