{"host":"niv6bi8ufjzyofbf","time":1608392330,"event":{"mods":["Act Like it!","BaseMod","CapriCore","Colored Powertips","Conspire","Downfall","Gensokyo","Hermit","Mad Scientist","Marisa£®ÏF”Í°°ƒß¿Ì…≥£©","Minty Spire (QoL Compilation)","Prisma Mod","Quick Restart","Rare Cards Sparkle","Reimu£®≤©¿ˆ¡È√Œ£©","Replay The Spire","Ryuuou¡˙Õı","Shop Mod","Spicy Shops","StSLib","SuperFastMode","The Cursed","The Servant 0.9.4","°æ“≈ŒÔø®≈∆°øREMEMod"],"gold_per_floor":[113,21890,21913,21883,21883,21928,21944,21983,22008,22008,22035,20959,20977,21004,21004,21114,21114,21132,21167,19917,19962,19902,19902,19930,19930,19930,19964,19427,19447,19466,19495,19495,19617,19617,19646,19646,19709,19738,19738,20775,20290,21310,21336,22380,23409,22778,23795,24830,24830,25832],"floor_reached":51,"playtime":2000,"items_purged":["PrismaMod:IllyaCommonDefend","Decay","PrismaMod:IllyaCommonDefend","PrismaMod:IllyaCommonDefend","Pot Of Greed","PrismaMod:IllyaCommonDefend+1"],"score":931,"play_id":"bab0c172-d1ca-4611-9258-25939b041348","local_time":"20201219233850","is_ascension_mode":true,"campfire_choices":[{"data":"Pot Of Greed","floor":10,"key":"SMITH"},{"data":"Pot Of Greed","floor":15,"key":"SMITH"},{"data":"Pot Of Greed","floor":23,"key":"SMITH"},{"data":"PrismaMod:IllyaGrail","floor":25,"key":"SMITH"},{"data":"PrismaMod:IllyaAssassinRevenge","floor":32,"key":"SMITH"},{"data":"Ryuuou:NotRegret","floor":49,"key":"SMITH"}],"circlet_count":0,"master_deck":["PrismaMod:IllyaCommonAttack","PrismaMod:IllyaCommonAttack","PrismaMod:IllyaCommonAttack","PrismaMod:IllyaCommonAttack","PrismaMod:IllyaCommonAttack","PrismaMod:IllyaUncommonAttack+1","PrismaMod:IllyaUncommonDefend+1","PrismaMod:IllyaStunPoison+1","PrismaMod:IllyaBerserCAR+1","PrismaMod:IllyaBlindPoisonToss+1","PrismaMod:IllyaEvokeAll+1","PrismaMod:IllyaZwei+1","PrismaMod:IllyaInstallCaster","PrismaMod:IllyaAssassinRevenge+1","PrismaMod:IllyaPoisonBomb+1","PrismaMod:IllyaDevil+1","Pot Of Greed+1","Pot Of Greed+1","PrismaMod:IllyaCarnivalOrbs+1","PrismaMod:IllyaPoisonTippedWeapons+1","PrismaMod:IllyaPoisonTippedWeapons+1","PrismaMod:IllyaBerserCAR+1","Pot Of Greed+1","PrismaMod:IllyaInstallArcher","PrismaMod:IllyaTestament+1","PrismaMod:IllyaGrail+1","Midas Touch+1","PrismaMod:IllyaSaphire+1","PrismaMod:IllyaGun+1","PrismaMod:IllyaMinorRapidFire+1","PrismaMod:IllyaStunPoison+1","PrismaMod:IllyaCarnivalAttack+1","Ryuuou:NotRegret+1","PrismaMod:IllyaPartialInstallAssassin+1","PrismaMod:IllyaBride+1","Crescendo+1"],"relics":["PrismaMod:PrismaRuby","REME_ComplimentaryCards","Orrery","Simple Rune","Divine Protection","Molten Egg 2","Replay:Bandana","MerchantsRug","Guide Book","Bronze Scales","Orichalcum","Grinning Jar","Golden Egg","Tea:ReiMu","REME_HandOfSuture","Blue Doll","ReplayFunnel","Ring of Chaos","REME_HourglassOfDeath","Membership Card","Lee\u0027s Waffle","REME_PuzzleBoxRelic","Lantern","Gremlin Food","RuthlessExorcism:ReiMu","Mastiff:ReiMu","Bottled Tornado","REME_CardOfGreed","Vajra","Replay:PocketPolymizer","Red Mask","SacredBark","StoneCalendar","CeramicFish","BargainBundle","TheAbacus","Nunchaku","ReplayTheSpireMod:Shallot","Ancient Tea Set","Bottled Lightning","PrismaticShard","Whetstone","MealTicket","Frozen Eye","Boot","conspire:Boomerang"],"acts_visited":["Exordium","TheCity","TheBeyond"],"potions_floor_usage":[6,16,16,16,21,27,33,33,33],"damage_taken":[{"damage":11,"enemies":"Small Slimes","floor":1,"turns":2},{"damage":3,"enemies":"Jaw Worm","floor":3,"turns":3},{"damage":16,"enemies":"Gremlin Nob","floor":6,"turns":3},{"damage":0,"enemies":"Cultist","floor":7,"turns":2},{"damage":0,"enemies":"Lagavulin","floor":8,"turns":1},{"damage":0,"enemies":"Exordium Thugs","floor":11,"turns":2},{"damage":0,"enemies":"Large Slime","floor":13,"turns":2},{"damage":0,"enemies":"Slime Boss","floor":16,"turns":3},{"damage":0,"enemies":"Spheric Guardian","floor":18,"turns":1},{"damage":0,"enemies":"3 Byrds","floor":19,"turns":1},{"damage":12,"enemies":"Snecko","floor":21,"turns":2},{"damage":0,"enemies":"Snake Plant","floor":24,"turns":1},{"damage":0,"enemies":"3 Cultists","floor":27,"turns":3},{"damage":0,"enemies":"Chosen and Byrds","floor":29,"turns":2},{"damage":0,"enemies":"Snake Plant","floor":30,"turns":1},{"damage":0,"enemies":"Masked Bandits","floor":31,"turns":2},{"damage":20,"enemies":"conspire:MysteriousRune","floor":33,"turns":2},{"damage":0,"enemies":"Orb Walker","floor":35,"turns":1},{"damage":4,"enemies":"2 Orb Walkers","floor":37,"turns":2},{"damage":1,"enemies":"3 Shapes","floor":38,"turns":1},{"damage":0,"enemies":"R_Hoarder","floor":40,"turns":1},{"damage":0,"enemies":"3 Darklings","floor":42,"turns":1},{"damage":0,"enemies":"Jaw Worm Horde","floor":44,"turns":2},{"damage":0,"enemies":"Reptomancer","floor":45,"turns":1},{"damage":0,"enemies":"Maw","floor":47,"turns":1},{"damage":0,"enemies":"Writhing Mass","floor":48,"turns":1},{"damage":0,"enemies":"Replay:Hell Engine","floor":50,"turns":1}],"seed_played":"4506691182215167662","potions_obtained":[{"floor":6,"key":"Explosive Potion"},{"floor":24,"key":"GamblersBrew"},{"floor":27,"key":"Strength Potion"},{"floor":29,"key":"champ:CounterPotion"},{"floor":40,"key":"Strength Potion"}],"is_trial":false,"path_per_floor":["M","$","M","?","?","E","M","E","T","R","M","$","M","T","R","B",null,"M","M","$","M","?","R","M","R","T","M","$","M","M","?","R","B",null,"M","?","?","M","?","E","$","M","T","M","E","$","M","M","R","B",null],"character_chosen":"ILLYA","items_purchased":["Energy Potion","Orrery","Simple Rune","Divine Protection","Molten Egg 2","Replay:Bandana","PowerPotion","MerchantsRug","PrismaMod:IllyaInstallCaster","Guide Book","Golden Egg","Tea:ReiMu","REME_HandOfSuture","Blue Doll","Adrenaline Potion","Adrenaline Potion","Guardian:BlockOnCardUsePotion","PrismaMod:IllyaPoisonTippedWeapons","PrismaMod:IllyaInstallForeigner","Midas Touch","REME_HourglassOfDeath","Membership Card","Lee\u0027s Waffle","REME_PuzzleBoxRelic","Lantern","Gremlin Food","BlessingOfTheForge","GrandPatriotsElixir:ReiMu","Mastiff:ReiMu","Bottled Tornado","REME_CardOfGreed","Vajra","Replay:PocketPolymizer","Fire Potion","CeramicFish","BargainBundle","TheAbacus","Nunchaku","ReplayTheSpireMod:Shallot","Ancient Tea Set","CultistPotion","Fire Potion","PrismaticShard","Whetstone","MealTicket","Frozen Eye","Boot","conspire:Boomerang"],"campfire_rested":0,"item_purchase_floors":[2,2,2,2,2,2,2,2,2,2,12,12,12,12,12,12,12,12,20,20,20,20,20,20,20,20,20,20,28,28,28,28,28,28,41,41,41,41,41,41,41,41,46,46,46,46,46,46],"current_hp_per_floor":[64,64,61,61,61,45,45,45,45,45,45,45,45,45,45,45,75,75,75,82,82,82,82,82,82,82,82,82,82,82,82,82,62,82,82,82,78,77,77,77,77,77,77,77,77,77,77,77,77,77],"gold":25832,"neow_bonus":"RANDOM_EVENT","is_daily":false,"chose_seed":false,"campfire_upgraded":6,"win_rate":0.0,"timestamp":1608392330,"path_taken":["M","$","M","?","?","E","M","E","T","R","?","$","M","?","R","BOSS","M","M","$","M","?","R","M","R","T","M","$","M","M","?","R","BOSS","M","?","?","M","?","E","$","M","T","M","E","$","M","M","R","BOSS"],"items_purchased_type":["Potion","Relic","Relic","Relic","Relic","Relic","Potion","Relic","Card","Relic","Relic","Relic","Relic","Relic","Potion","Potion","Potion","Card","Card","Card","Relic","Relic","Relic","Relic","Relic","Relic","Potion","Potion","Relic","Relic","Relic","Relic","Relic","Potion","Relic","Relic","Relic","Relic","Relic","Relic","Potion","Potion","Relic","Relic","Relic","Relic","Relic","Relic"],"build_version":"2020-12-13","purchased_purges":6,"victory":true,"max_hp_per_floor":[75,75,75,75,75,75,75,75,75,75,75,75,75,75,75,75,75,75,75,82,82,82,82,82,82,82,82,82,82,82,82,82,82,82,82,82,82,82,82,82,82,82,82,82,82,82,82,82,82,82],"card_choices":[{"not_picked":["PrismaMod:IllyaFeed","PrismaMod:IllyaCheapChannelDefend"],"picked":"PrismaMod:IllyaStunPoison","floor":1},{"not_picked":["PrismaMod:IllyaGrailKun","PrismaMod:IllyaMinorReinForce"],"picked":"PrismaMod:IllyaBerserCAR","floor":2},{"not_picked":["PrismaMod:IllyaAOECommonAttack","PrismaMod:IllyaCommonEvoke"],"picked":"PrismaMod:IllyaBlindPoisonToss","floor":2},{"not_picked":["PrismaMod:IllyaUncommonDefend","PrismaMod:IllyaRapidFire"],"picked":"PrismaMod:IllyaEvokeAll","floor":2},{"not_picked":["PrismaMod:IllyaFeed","PrismaMod:IllyaAOECommonAttack"],"picked":"PrismaMod:IllyaZwei","floor":2},{"not_picked":["PrismaMod:IllyaPoisoningPhantasm+1","PrismaMod:IllyaRussianRoulette","PrismaMod:IllyaFeed+1"],"picked":"SKIP","floor":3},{"not_picked":["PrismaMod:IllyaCheapChannelDefend","PrismaMod:IllyaCheapChannelPoison"],"picked":"PrismaMod:IllyaAssassinRevenge","floor":6},{"not_picked":["PrismaMod:IllyaCommonEvoke+1","PrismaMod:IllyaBerserCAR+1"],"picked":"PrismaMod:IllyaPoisonBomb+1","floor":7},{"not_picked":["PrismaMod:IllyaUncommonAOEAttack+1","PrismaMod:IllyaBerserCAR+1"],"picked":"PrismaMod:IllyaDevil+1","floor":8},{"not_picked":["PrismaMod:IllyaAOECommonAttack+1","PrismaMod:IllyaCheapChannelPoison"],"picked":"PrismaMod:IllyaCarnivalOrbs","floor":11},{"not_picked":["PrismaMod:IllyaRapidFire+1","PrismaMod:IllyaAlice"],"picked":"PrismaMod:IllyaBerserCAR+1","floor":13},{"not_picked":["PrismaMod:IllyaUberAttackChannel","PrismaMod:IllyaCarnivalPrismaAstolfo"],"picked":"PrismaMod:IllyaInstallArcher","floor":16},{"not_picked":["PrismaMod:IllyaPoisoningPhantasm+1","PrismaMod:IllyaUncommonAOEAttack+1"],"picked":"PrismaMod:IllyaTestament+1","floor":18},{"not_picked":["PrismaMod:IllyaCheapChannelDefend","PrismaMod:IllyaMaid"],"picked":"PrismaMod:IllyaGrail","floor":19},{"not_picked":["PrismaMod:IllyaCommonEvoke+1","PrismaMod:IllyaPoisoningPhantasm+1","PrismaMod:IllyaBlindPoisonToss+1"],"picked":"SKIP","floor":21},{"not_picked":["PrismaMod:IllyaMaid","PrismaMod:IllyaPoisonBlock+1"],"picked":"PrismaMod:IllyaSaphire+1","floor":24},{"not_picked":["PrismaMod:IllyaFriendMaker+1","PrismaMod:IllyaRussianRoulette"],"picked":"PrismaMod:IllyaGun+1","floor":27},{"not_picked":["PrismaMod:IllyaRubysPotion","PrismaMod:IllyaStunPoison+1","PrismaMod:IllyaBlindPoisonToss"],"picked":"SKIP","floor":29},{"not_picked":["PrismaMod:IllyaUberPoisonChannel","PrismaMod:IllyaCheapChannelDefend"],"picked":"PrismaMod:IllyaMinorRapidFire+1","floor":30},{"not_picked":["PrismaMod:IllyaGun+1","PrismaMod:IllyaCheapChannelDefend"],"picked":"PrismaMod:IllyaStunPoison+1","floor":31},{"not_picked":["PrismaMod:IllyaInstallRuler","PrismaMod:IllyaCarnivalDefend"],"picked":"PrismaMod:IllyaCarnivalAttack+1","floor":33},{"not_picked":["PrismaMod:IllyaUberPoisonBlock+1","PrismaMod:IllyaUncommonDefend+1","PrismaMod:IllyaPoisonBomb+1"],"picked":"SKIP","floor":35},{"not_picked":["PrismaMod:IllyaGrailKun","PrismaMod:IllyaRussianRoulette"],"picked":"PrismaMod:IllyaPartialInstallAssassin+1","floor":38},{"not_picked":["PrismaMod:IllyaAOECommonAttack+1","PrismaMod:IllyaInstallSaber","PrismaMod:IllyaMinorRapidFire+1"],"picked":"SKIP","floor":40},{"not_picked":["PrismaMod:IllyaFriendMaker+1","PrismaMod:IllyaCheapChannelPoison+1","PrismaMod:IllyaUberPoisonBlock"],"picked":"SKIP","floor":42},{"not_picked":["PrismaMod:IllyaCommandSeal+1","PrismaMod:IllyaBoysLove"],"picked":"PrismaMod:IllyaBride+1","floor":44},{"not_picked":["PrismaMod:IllyaCheapChannelDefend","PrismaMod:IllyaStunPoison+1","PrismaMod:IllyaHassanGift"],"picked":"SKIP","floor":45},{"not_picked":["Slimebound:ComboTackle+1","Amulet:ReiMu+1","MadScienceMod:Postpone"],"picked":"SKIP","floor":47},{"not_picked":["champ:ShieldWall+1","GearUp"],"picked":"Crescendo+1","floor":48}],"player_experience":623291,"relics_obtained":[{"floor":6,"key":"Bronze Scales"},{"floor":8,"key":"Orichalcum"},{"floor":9,"key":"Grinning Jar"},{"floor":14,"key":"ReplayFunnel"},{"floor":26,"key":"RuthlessExorcism:ReiMu"},{"floor":31,"key":"Red Mask"},{"floor":37,"key":"StoneCalendar"},{"floor":45,"key":"Bottled Lightning"}],"event_choices":[{"damage_healed":0,"gold_gain":0,"player_choice":"Left Gold","damage_taken":0,"max_hp_gain":0,"max_hp_loss":0,"event_name":"World of Goop","floor":4,"gold_loss":30},{"damage_healed":0,"gold_gain":0,"player_choice":"Cursed","damage_taken":0,"max_hp_gain":0,"max_hp_loss":0,"event_name":"Wheel of Change","floor":5,"gold_loss":0,"cards_obtained":["Decay"]},{"damage_healed":0,"gold_gain":0,"player_choice":"Fought Bandits","damage_taken":0,"max_hp_gain":0,"max_hp_loss":0,"event_name":"Masked Bandits","floor":31,"gold_loss":0},{"damage_healed":0,"gold_gain":0,"player_choice":"Fight","damage_taken":0,"max_hp_gain":0,"max_hp_loss":0,"event_name":"Mysterious Sphere","floor":37,"gold_loss":0},{"cards_removed":["PrismaMod:IllyaInstallForeigner"],"damage_healed":0,"gold_gain":0,"player_choice":"Removed Power","damage_taken":0,"max_hp_gain":0,"max_hp_loss":0,"event_name":"Falling","floor":39,"gold_loss":0}],"is_beta":false,"boss_relics":[{"not_picked":["Busted Crown","Abe\u0027s Treasure"],"picked":"Ring of Chaos"},{"not_picked":["ReplayTheSpireMod:DimensionalGlitch","Honey Jar"],"picked":"SacredBark"}],"items_purged_floors":[2,12,20,28,41,46],"is_endless":false,"potions_floor_spawned":[3,6,7,11,21,24,27,29,38,40,47],"ascension_level":1}}