{"host":"ow9msrs9p2ctkx99","time":1608413748,"event":{"mods":["AchievementEnabler","BaseMod","Colored Map","Colored Powertips","Minty Spire (QoL Compilation)","Permanent Neow","Quick Restart","SuperFastMode"],"gold_per_floor":[118,131,144,144,211,237,255,255,255,281,356,356,368,393,393,495,495,508,83,83,94,94,94,112,112,112,112,112],"floor_reached":27,"playtime":504,"items_purged":["Strike_P"],"score":300,"play_id":"34903564-4152-4ae9-8b94-03c88ca09d6b","local_time":"20201219223548","is_ascension_mode":true,"campfire_choices":[{"data":"Crescendo","floor":8,"key":"SMITH"},{"floor":12,"key":"REST"},{"floor":15,"key":"REST"},{"data":"MentalFortress","floor":23,"key":"SMITH"},{"floor":25,"key":"REST"}],"circlet_count":0,"master_deck":["Strike_P+1","Strike_P+1","Strike_P+1","Defend_P+1","Defend_P+1","Defend_P+1","Defend_P+1","Eruption+1","Vigilance","FollowUp+1","Crescendo+1","Alpha","ClearTheMind","ThirdEye","TalkToTheHand","Protect","ForeignInfluence","SpiritShield","Wallop","MentalFortress+1","Sanctity","WaveOfTheHand","Evaluate","Shame"],"relics":["Black Star","Whetstone","HornCleat","Sundial","Kunai","Blood Vial","Calipers","Question Card","Cursed Key","Oddly Smooth Stone","Frozen Egg 2"],"acts_visited":["Exordium","TheCity"],"potions_floor_usage":[10,16,18],"damage_taken":[{"damage":0,"enemies":"2 Louse","floor":1,"turns":2},{"damage":5,"enemies":"Small Slimes","floor":2,"turns":4},{"damage":2,"enemies":"Jaw Worm","floor":3,"turns":3},{"damage":10,"enemies":"Gremlin Nob","floor":6,"turns":3},{"damage":2,"enemies":"Large Slime","floor":7,"turns":6},{"damage":11,"enemies":"3 Sentries","floor":10,"turns":7},{"damage":4,"enemies":"Looter","floor":13,"turns":2},{"damage":23,"enemies":"Gremlin Nob","floor":14,"turns":4},{"damage":22,"enemies":"The Guardian","floor":16,"turns":7},{"damage":0,"enemies":"2 Thieves","floor":18,"turns":2},{"damage":8,"enemies":"3 Byrds","floor":21,"turns":4},{"damage":33,"enemies":"3 Cultists","floor":24,"turns":6},{"damage":50,"enemies":"Slavers","floor":27,"turns":6}],"seed_played":"8872483792798147606","potions_obtained":[{"floor":2,"key":"AttackPotion"},{"floor":6,"key":"StancePotion"},{"floor":7,"key":"SneckoOil"},{"floor":13,"key":"Strength Potion"},{"floor":24,"key":"Fire Potion"}],"is_trial":false,"path_per_floor":["M","M","M","?","?","E","M","R","T","E","?","R","M","E","R","B",null,"M","$","?","M","?","R","M","R","T","E"],"character_chosen":"WATCHER","items_purchased":["Oddly Smooth Stone","Wallop","MentalFortress","Sanctity"],"campfire_rested":3,"item_purchase_floors":[19,19,19,19],"current_hp_per_floor":[65,60,58,44,44,34,32,32,32,21,10,31,29,8,29,9,56,58,58,58,52,52,52,21,42,42,0,0],"gold":112,"neow_bonus":"BOSS_RELIC","is_daily":false,"chose_seed":false,"campfire_upgraded":2,"win_rate":0.0,"timestamp":1608413748,"path_taken":["M","M","M","?","?","E","M","R","T","E","?","R","?","E","R","BOSS","M","$","?","M","?","R","M","R","T","E"],"items_purchased_type":["Relic","Card","Card","Card"],"build_version":"2020-12-13","purchased_purges":1,"victory":false,"max_hp_per_floor":[72,72,72,72,72,72,72,72,72,72,72,72,72,72,72,72,72,72,72,72,72,72,72,72,72,72,72,72],"card_choices":[{"not_picked":["Indignation","EmptyBody"],"picked":"FollowUp","floor":1},{"not_picked":["CrushJoints","PathToVictory"],"picked":"Crescendo","floor":2},{"not_picked":["ThirdEye","CutThroughFate"],"picked":"Alpha","floor":3},{"not_picked":["FlyingSleeves","EmptyBody"],"picked":"ClearTheMind","floor":6},{"not_picked":["EmptyMind","WaveOfTheHand"],"picked":"ThirdEye","floor":7},{"not_picked":["BowlingBash","Adaptation"],"picked":"TalkToTheHand","floor":10},{"not_picked":["Swivel","EmptyBody"],"picked":"Protect","floor":13},{"not_picked":["Alpha","FollowUp"],"picked":"ForeignInfluence","floor":14},{"not_picked":["Ragnarok","Alpha","Scrawl"],"picked":"SpiritShield","floor":16},{"not_picked":["BattleHymn","Collect","Crescendo","Swivel"],"picked":"SKIP","floor":18},{"not_picked":["Adaptation+1","InnerPeace","Prostrate+1"],"picked":"Evaluate","floor":21},{"not_picked":["Swivel+1","ForeignInfluence","Evaluate","EmptyFist"],"picked":"SKIP","floor":24}],"player_experience":1096071,"relics_obtained":[{"floor":6,"key":"Whetstone"},{"floor":6,"key":"HornCleat"},{"floor":9,"key":"Sundial"},{"floor":10,"key":"Kunai"},{"floor":10,"key":"Blood Vial"},{"floor":14,"key":"Calipers"},{"floor":14,"key":"Question Card"},{"floor":26,"key":"Frozen Egg 2"}],"event_choices":[{"damage_healed":0,"gold_gain":0,"player_choice":"Entered Light","damage_taken":14,"max_hp_gain":0,"max_hp_loss":0,"event_name":"Shining Light","floor":4,"gold_loss":0,"cards_upgraded":["Eruption","FollowUp"]},{"damage_healed":0,"gold_gain":67,"player_choice":"Gained Gold","damage_taken":0,"max_hp_gain":0,"max_hp_loss":0,"event_name":"Golden Wing","floor":5,"gold_loss":0},{"damage_healed":0,"gold_gain":75,"player_choice":"Gather Gold","damage_taken":11,"max_hp_gain":0,"max_hp_loss":0,"event_name":"World of Goop","floor":11,"gold_loss":0},{"damage_healed":0,"gold_gain":0,"player_choice":"Read","damage_taken":0,"max_hp_gain":0,"max_hp_loss":0,"event_name":"The Library","floor":20,"gold_loss":0,"cards_obtained":["WaveOfTheHand"]},{"damage_healed":0,"gold_gain":0,"player_choice":"Simplicity","damage_taken":0,"max_hp_gain":0,"max_hp_loss":0,"event_name":"Back to Basics","floor":22,"gold_loss":0,"cards_upgraded":["Strike_P","Defend_P","Defend_P","Defend_P","Defend_P"]}],"is_beta":false,"boss_relics":[{"not_picked":["Velvet Choker","Snecko Eye"],"picked":"Cursed Key"}],"items_purged_floors":[19],"is_endless":false,"potions_floor_spawned":[2,6,7,13,14,24],"killed_by":"Slavers","ascension_level":6}}