{"host":"4qkvkh7pd9qr2mca","time":1608392975,"event":{"mods":["AchievementEnabler","BaseMod","Colored Map","Colored Powertips","Highlight Path","Minty Spire (QoL Compilation)","Permanent Neow","Quick Restart","StSLib","SuperFastMode"],"gold_per_floor":[117,136,136,151,151,151,178,178,178,10,30,60,60,9,9,108,108,127,142,20,30,40,67,67,100,100,100,100,112,138,138,138,138,138],"floor_reached":33,"playtime":1148,"items_purged":["Strike_P","Strike_P"],"score":439,"play_id":"6b13a770-a5fb-43a9-826a-b61a53e7cc4a","local_time":"20201219164935","is_ascension_mode":true,"campfire_choices":[{"data":"SashWhip","floor":6.0,"key":"SMITH"},{"floor":13.0,"key":"REST"},{"data":"CrushJoints","floor":15.0,"key":"SMITH"},{"floor":24,"key":"REST"},{"floor":28,"key":"REST"},{"floor":32,"key":"REST"}],"circlet_count":0,"master_deck":["Strike_P","Strike_P","Defend_P","Defend_P","Defend_P","Defend_P","Eruption","Vigilance","Omniscience","FlurryOfBlows+1","Crescendo+1","SashWhip+1","BowlingBash","Tantrum","ThirdEye","Scrawl","EmptyMind","CrushJoints+1","Scrawl","TalkToTheHand","Consecrate+1","LessonLearned","Wish","Necronomicurse","EmptyFist+1","WaveOfTheHand"],"relics":["PureWater","StoneCalendar","Peace Pipe","Dead Branch","Membership Card","Shuriken","Sozu","PreservedInsect","Bronze Scales","InkBottle","Pear","Necronomicon","Bottled Lightning"],"acts_visited":["Exordium","TheCity"],"potions_floor_usage":[23,23],"damage_taken":[{"damage":0.0,"enemies":"2 Louse","floor":1.0,"turns":2.0},{"damage":5.0,"enemies":"Small Slimes","floor":2.0,"turns":3.0},{"damage":0.0,"enemies":"Cultist","floor":4.0,"turns":2.0},{"damage":15.0,"enemies":"Lagavulin","floor":7.0,"turns":5.0},{"damage":1.0,"enemies":"3 Louse","floor":11.0,"turns":3.0},{"damage":12.0,"enemies":"3 Sentries","floor":12.0,"turns":4.0},{"damage":5,"enemies":"Hexaghost","floor":16,"turns":7},{"damage":17,"enemies":"2 Thieves","floor":18,"turns":3},{"damage":0,"enemies":"Spheric Guardian","floor":19,"turns":2},{"damage":15,"enemies":"Shelled Parasite and Fungi","floor":21,"turns":5},{"damage":0,"enemies":"Cultist and Chosen","floor":22,"turns":3},{"damage":14,"enemies":"Slavers","floor":23,"turns":3},{"damage":17,"enemies":"Book of Stabbing","floor":25,"turns":4},{"damage":24,"enemies":"Snake Plant","floor":29,"turns":3},{"damage":0,"enemies":"Gremlin Leader","floor":30,"turns":4},{"damage":129,"enemies":"Automaton","floor":33,"turns":6}],"seed_played":"4562582530933464540","potions_obtained":[{"floor":4.0,"key":"SteroidPotion"},{"floor":7.0,"key":"Ancient Potion"},{"floor":11.0,"key":"AttackPotion"},{"floor":12.0,"key":"Weak Potion"}],"is_trial":false,"path_per_floor":["M","M","?","M","?","R","E","?","T","$","M","E","R","$","R","B",null,"M","M","$","M","M","E","R","E","T","?","R","M","E","?","R","B"],"character_chosen":"WATCHER","items_purchased":["Membership Card","ThirdEye","CrushJoints","PreservedInsect"],"campfire_rested":4,"item_purchase_floors":[10,10,14,20],"current_hp_per_floor":[65,60,47,47,40,40,25,25,25,25,24,12,31,31,31,26,55,38,38,38,23,23,9,28,11,21,5,27,3,3,3,25,0,0],"gold":138,"neow_bonus":"THREE_RARE_CARDS","is_daily":false,"chose_seed":false,"campfire_upgraded":2,"win_rate":0.0,"timestamp":1608392975,"path_taken":["M","M","?","M","?","R","E","?","T","$","?","E","R","$","R","BOSS","M","M","$","M","M","E","R","E","T","?","R","M","E","?","R","BOSS"],"items_purchased_type":["Relic","Card","Card","Relic"],"build_version":"2020-12-13","purchased_purges":2,"victory":false,"max_hp_per_floor":[65,65,65,65,65,65,65,65,65,65,65,65,65,65,65,65,65,65,65,65,65,65,65,65,65,75,75,75,75,75,75,75,75,75],"card_choices":[{"not_picked":["ConjureBlade","Establishment"],"picked":"Omniscience","floor":0.0},{"not_picked":["SashWhip","ThirdEye"],"picked":"FlurryOfBlows","floor":1.0},{"not_picked":["Prostrate","Evaluate"],"picked":"Crescendo","floor":2.0},{"not_picked":["Crescendo","Indignation"],"picked":"SashWhip","floor":4.0},{"not_picked":["FollowUp","Halt"],"picked":"BowlingBash","floor":7.0},{"not_picked":["CutThroughFate","CrushJoints"],"picked":"Scrawl","floor":11.0},{"not_picked":["JustLucky","Conclude"],"picked":"EmptyMind","floor":12.0},{"not_picked":["MasterReality","Devotion"],"picked":"Scrawl","floor":16},{"not_picked":["SashWhip","JustLucky+1","Worship"],"picked":"SKIP","floor":18},{"not_picked":["SashWhip","JustLucky+1","Worship"],"picked":"SKIP","floor":18},{"not_picked":["ReachHeaven","Swivel"],"picked":"TalkToTheHand","floor":19},{"not_picked":["Halt","CrushJoints","BowlingBash"],"picked":"SKIP","floor":21},{"not_picked":["BowlingBash+1","ClearTheMind"],"picked":"Consecrate+1","floor":22},{"not_picked":["FlurryOfBlows","BowlingBash"],"picked":"LessonLearned","floor":23},{"not_picked":["Prostrate","FlyingSleeves"],"picked":"Wish","floor":25},{"not_picked":["Crescendo","EmptyMind"],"picked":"EmptyFist","floor":29},{"not_picked":["SandsOfTime+1","ClearTheMind"],"picked":"WaveOfTheHand","floor":30}],"player_experience":448156,"relics_obtained":[{"floor":7.0,"key":"Peace Pipe"},{"floor":9.0,"key":"Dead Branch"},{"floor":12.0,"key":"Shuriken"},{"floor":23,"key":"Bronze Scales"},{"floor":25,"key":"InkBottle"},{"floor":26,"key":"Pear"},{"floor":27,"key":"Necronomicon"},{"floor":30,"key":"Bottled Lightning"}],"event_choices":[{"damage_healed":0.0,"max_hp_gain":0.0,"max_hp_loss":0.0,"gold_gain":0.0,"event_name":"Shining Light","player_choice":"Entered Light","floor":3.0,"gold_loss":0.0,"damage_taken":13.0,"cards_upgraded":["Crescendo","FlurryOfBlows"]},{"damage_healed":0.0,"max_hp_gain":0.0,"max_hp_loss":0.0,"gold_gain":0.0,"event_name":"Scrap Ooze","player_choice":"Success","floor":5.0,"gold_loss":0.0,"damage_taken":7.0,"relics_obtained":["StoneCalendar"]},{"damage_healed":0.0,"max_hp_gain":0.0,"max_hp_loss":0.0,"gold_gain":0.0,"event_name":"Match and Keep!","player_choice":"1 cards matched","floor":8.0,"gold_loss":0.0,"damage_taken":0.0,"cards_obtained":["Tantrum"]},{"damage_healed":0,"gold_gain":0,"player_choice":"Obtained Book","damage_taken":16,"max_hp_gain":0,"max_hp_loss":0,"event_name":"Cursed Tome","floor":27,"gold_loss":0},{"damage_healed":0,"gold_gain":0,"player_choice":"Bought 0 Potions","damage_taken":0,"max_hp_gain":0,"max_hp_loss":0,"event_name":"The Woman in Blue","floor":31,"gold_loss":0}],"is_beta":false,"boss_relics":[{"not_picked":["SacredBark","Astrolabe"],"picked":"Sozu"}],"items_purged_floors":[14,20],"is_endless":false,"potions_floor_spawned":[4,7,11,12,19,21,23,25],"killed_by":"Automaton","ascension_level":6}}