{"host":"pbf6u3tyx46snqc7","time":1608391992,"event":{"mods":["AchievementEnabler","BaseMod","Colored Map","Marisa£¨Ùöéë¡¡Øª×âÞÞ£©","Minty Spire (QoL Compilation)","Rare Cards Sparkle","Shop Mod","SuperFastMode"],"gold_per_floor":[113,132,62,62,79,79,95,112,112,153,165,177,223,252,264,353,365,390,275,289,309,234,234,248,248,272,28,28,28,41,41,41,41,41],"floor_reached":33,"playtime":1884,"items_purged":["Defend_B"],"score":432,"play_id":"97b41ce2-7dc7-4ed3-b934-2b42480101fd","local_time":"20201220003312","is_ascension_mode":true,"campfire_choices":[{"data":"Buffer","floor":6,"key":"SMITH"},{"data":"Blizzard","floor":12,"key":"SMITH"},{"data":"Chill","floor":15,"key":"SMITH"},{"data":"Coolheaded","floor":23,"key":"SMITH"},{"data":"Ball Lightning","floor":25,"key":"SMITH"},{"floor":32,"key":"REST"}],"circlet_count":0,"master_deck":["AscendersBane","Zap","Dualcast","Buffer+1","Barrage","Chill+1","FTL","Coolheaded","Ball Lightning+1","Blizzard+1","Rebound","Melter","Biased Cognition","Compile Driver","Coolheaded+1","Ball Lightning","Cold Snap","Loop+1","Consume","Hyperbeam","Cold Snap+1"],"relics":["Cracked Core","MawBank","Odd Mushroom","PreservedInsect","Empty Cage","Lantern","Dream Catcher"],"acts_visited":["Exordium","TheCity"],"potions_floor_usage":[10,13,16,33,33],"damage_taken":[{"damage":5,"enemies":"2 Louse","floor":1,"turns":3},{"damage":0,"enemies":"Cultist","floor":2,"turns":4},{"damage":5,"enemies":"Jaw Worm","floor":5,"turns":3},{"damage":0,"enemies":"Gremlin Gang","floor":7,"turns":5},{"damage":1,"enemies":"Blue Slaver","floor":8,"turns":4},{"damage":0,"enemies":"The Mushroom Lair","floor":10,"turns":4},{"damage":11,"enemies":"3 Sentries","floor":13,"turns":6},{"damage":0,"enemies":"Exordium Wildlife","floor":14,"turns":6},{"damage":32,"enemies":"The Guardian","floor":16,"turns":12},{"damage":2,"enemies":"Shell Parasite","floor":18,"turns":5},{"damage":0,"enemies":"Chosen","floor":20,"turns":5},{"damage":14,"enemies":"Shelled Parasite and Fungi","floor":21,"turns":6},{"damage":12,"enemies":"Chosen and Byrds","floor":24,"turns":7},{"damage":0,"enemies":"Sentry and Sphere","floor":30,"turns":3},{"damage":59,"enemies":"Collector","floor":33,"turns":9}],"seed_played":"2588597024778290477","potions_obtained":[{"floor":5,"key":"Dexterity Potion"},{"floor":7,"key":"FocusPotion"},{"floor":8,"key":"Explosive Potion"},{"floor":10,"key":"SkillPotion"},{"floor":30,"key":"PowerPotion"}],"is_trial":false,"path_per_floor":["M","M","$","?","M","R","M","M","T","?","?","R","E","M","R","B",null,"M","$","M","M","?","R","M","R","T","$","?","$","M","?","R","B"],"character_chosen":"DEFECT","items_purchased":["FTL","Compile Driver","Cold Snap","Dream Catcher","Explosive Potion"],"campfire_rested":1,"item_purchase_floors":[3,19,27,27,27],"current_hp_per_floor":[59,59,59,59,54,54,54,53,53,53,53,53,42,42,42,10,56,54,54,54,40,40,40,28,28,28,28,28,28,28,28,49,0,0],"gold":41,"neow_bonus":"ONE_RANDOM_RARE_CARD","is_daily":false,"chose_seed":false,"campfire_upgraded":5,"win_rate":0.0,"timestamp":1608391992,"path_taken":["M","M","$","?","?","R","?","M","T","?","?","R","E","?","R","BOSS","M","$","?","M","?","R","M","R","T","$","?","?","M","?","R","BOSS"],"items_purchased_type":["Card","Card","Card","Relic","Potion"],"build_version":"2020-12-13","purchased_purges":1,"victory":false,"max_hp_per_floor":[71,71,71,71,71,71,71,71,71,71,71,71,71,71,71,71,71,71,71,71,71,71,71,71,71,71,71,71,71,71,71,71,71,71],"card_choices":[{"not_picked":["Steam","Stack"],"picked":"Barrage","floor":1},{"not_picked":["Chaos","Coolheaded"],"picked":"Chill","floor":2},{"not_picked":["Gash","Blizzard"],"picked":"Coolheaded","floor":5},{"not_picked":["Amplify","Hologram"],"picked":"Ball Lightning","floor":7},{"not_picked":["Stack","Rip and Tear","Go for the Eyes"],"picked":"SKIP","floor":8},{"not_picked":["Gash","Static Discharge"],"picked":"Blizzard","floor":10},{"not_picked":["Turbo","Rebound","Meteor Strike"],"picked":"SKIP","floor":13},{"not_picked":["Ball Lightning","Sweeping Beam"],"picked":"Melter","floor":14},{"not_picked":["Seek","Meteor Strike"],"picked":"Biased Cognition","floor":16},{"not_picked":["Stack","Steam","Tempest"],"picked":"SKIP","floor":18},{"not_picked":["FTL","Stack","Gash"],"picked":"SKIP","floor":20},{"not_picked":["Consume","BootSequence"],"picked":"Coolheaded","floor":21},{"not_picked":["Beam Cell","Leap"],"picked":"Ball Lightning","floor":24},{"not_picked":["Lockon+1","Conserve Battery"],"picked":"Loop+1","floor":30},{"not_picked":["Chaos","Scrape"],"picked":"Cold Snap+1","floor":32}],"player_experience":279051,"relics_obtained":[{"floor":9,"key":"MawBank"},{"floor":10,"key":"Odd Mushroom"},{"floor":13,"key":"PreservedInsect"},{"floor":26,"key":"Lantern"}],"event_choices":[{"cards_removed":["Strike_B"],"damage_healed":0,"gold_gain":0,"player_choice":"Purged","damage_taken":0,"max_hp_gain":0,"max_hp_loss":0,"event_name":"Purifier","floor":4,"gold_loss":0},{"damage_healed":0,"gold_gain":0,"player_choice":"Fought Mushrooms","damage_taken":0,"max_hp_gain":0,"max_hp_loss":0,"event_name":"Mushrooms","floor":10,"gold_loss":0},{"damage_healed":0,"gold_gain":0,"cards_transformed":["Strike_B"],"player_choice":"Transformed","damage_taken":0,"max_hp_gain":0,"max_hp_loss":0,"event_name":"Transmorgrifier","floor":11,"gold_loss":0,"cards_obtained":["Rebound"]},{"cards_removed":["Defend_B"],"damage_healed":0,"gold_gain":0,"player_choice":"Gave Gold","damage_taken":0,"max_hp_gain":0,"max_hp_loss":0,"event_name":"Beggar","floor":22,"gold_loss":75},{"damage_healed":0,"gold_gain":0,"player_choice":"Ignored","damage_taken":0,"max_hp_gain":0,"max_hp_loss":0,"event_name":"Vampires","floor":28,"gold_loss":0},{"damage_healed":0,"gold_gain":0,"cards_transformed":["Defend_B","Defend_B"],"player_choice":"Became Test Subject","damage_taken":0,"max_hp_gain":0,"max_hp_loss":0,"event_name":"Drug Dealer","floor":31,"gold_loss":0,"cards_obtained":["Consume","Hyperbeam"]}],"is_beta":false,"boss_relics":[{"not_picked":["Cursed Key","Coffee Dripper"],"picked":"Empty Cage"}],"items_purged_floors":[19],"is_endless":false,"potions_floor_spawned":[5,7,8,10,30],"killed_by":"Collector","ascension_level":15}}