{"host":"nj06ypb01n3s9mn8","time":1608394251,"event":{"mods":["2.2 Compatiblity","BaseMod","Colored Map","Downfall","Highlight Path","Marisa????????","Minty Spire (QoL Compilation)","Replay The Spire","StSLib","The Animator","The Necromancer","The Servant 0.9.4","Waifu the Spire"],"gold_per_floor":[111,36,36,36,47,84,84,130,130,30,55,68,68,93,93,198,198,208,208,83,83,163,195,45,45,45],"floor_reached":25,"playtime":1972,"items_purged":["animator:Strike","animator:Defend","animator:Strike","animator:Strike_Overlord+1"],"score":299,"play_id":"e487a14f-94f1-428c-84b2-911bdaddbe83","local_time":"20201219131051","is_ascension_mode":true,"campfire_choices":[{"floor":7.0,"key":"RECALL"},{"floor":15.0,"key":"REST"}],"circlet_count":0,"master_deck":["animator:Defend_Overlord+1","animator:Defend","animator:Defend","animator:Cocytus","animator:Demiurge","animator:Greed","animator:Kaijin","animator:Illya","animator:Ainz","animator:Ainz","animator:Guy","animator:Saber"],"relics":["animator:LivingPicture","animator:TheMissingPiece","NeowsBlessing","Vajra","Replay:Wax Seal","ReplayTheSpireMod:Shallot","Lizard Tail","Mark of Pain","Bottled Flame"],"acts_visited":["Exordium","TheCity"],"potions_floor_usage":[25],"damage_taken":[{"damage":0.0,"enemies":"Jaw Worm","floor":1.0,"turns":1.0},{"damage":0.0,"enemies":"2 Louse","floor":5.0,"turns":1.0},{"damage":0.0,"enemies":"Gremlin Nob","floor":6.0,"turns":1.0},{"damage":46.0,"enemies":"3 Sentries","floor":8.0,"turns":14.0},{"damage":0.0,"enemies":"Lagavulin","floor":11.0,"turns":7.0},{"damage":0.0,"enemies":"Cultist","floor":12.0,"turns":4.0},{"damage":5.0,"enemies":"Blue Slaver","floor":14.0,"turns":4.0},{"damage":7.0,"enemies":"Fading Forest","floor":16.0,"turns":11.0},{"damage":34.0,"enemies":"3 Byrds","floor":18.0,"turns":6.0},{"damage":46,"enemies":"Gremlin Leader","floor":23,"turns":8},{"damage":6,"enemies":"animator:HornedBat","floor":25,"turns":2}],"seed_played":"-9001760986055043898","potions_obtained":[{"floor":8.0,"key":"Swift Potion"},{"floor":14.0,"key":"BlessingOfTheForge"}],"is_trial":false,"path_per_floor":["M","$","?","?","M","E","R","E","T","$","E","M","?","M","R","B",null,"M","?","$","?","?","E","$","E"],"character_chosen":"THE_ANIMATOR","items_purchased":[],"campfire_rested":1,"item_purchase_floors":[],"current_hp_per_floor":[66,66,66,66,66,66,66,20,20,20,20,20,20,15,34,27,66,32,32,32,32,16,6,6,0,0],"gold":45,"neow_bonus":"THREE_ENEMY_KILL","is_daily":false,"chose_seed":false,"campfire_upgraded":0,"win_rate":0.0,"timestamp":1608394251,"path_taken":["M","$","?","?","M","E","R","E","T","?","E","M","?","?","R","BOSS","M","?","$","?","?","E","?","E"],"items_purchased_type":[],"build_version":"2020-11-29","purchased_purges":4,"victory":false,"max_hp_per_floor":[66,66,66,66,66,66,66,66,66,66,66,66,66,66,66,66,66,66,66,66,66,66,66,66,66,66],"card_choices":[{"not_picked":["animator:Millim","animator:Illya","animator:Genos"],"picked":"SKIP","floor":1.0},{"not_picked":["animator:PandorasActor","animator:Gillette","animator:Millim"],"picked":"SKIP","floor":5.0},{"not_picked":["animator:Shalltear","animator:Benimaru"],"picked":"animator:Greed","floor":6.0},{"not_picked":["animator:Millim","animator:Benimaru"],"picked":"animator:Kaijin","floor":8.0},{"not_picked":["animator:Shuna","animator:PandorasActor","animator:ElricEdward"],"picked":"SKIP","floor":11.0},{"not_picked":["animator:Gillette","animator:NarberalGamma","animator:Shion"],"picked":"SKIP","floor":12.0},{"not_picked":["animator:ZankiKiguchi","animator:AcuraAkari"],"picked":"animator:Ainz","floor":14.0},{"not_picked":["animator:Gilgamesh","animator:HigakiRinne"],"picked":"animator:Ainz","floor":16.0},{"not_picked":["animator:AcuraAkari","animator:Gillette"],"picked":"animator:Guy","floor":18},{"not_picked":["animator:Sebas","animator:ShinjiMatou+1"],"picked":"animator:Saber","floor":22},{"not_picked":["animator:Kaijin","animator:Pride","animator:Rider"],"picked":"SKIP","floor":23}],"player_experience":90853,"relics_obtained":[{"floor":6.0,"key":"Vajra"},{"floor":8.0,"key":"Replay:Wax Seal"},{"floor":9.0,"key":"ReplayTheSpireMod:Shallot"},{"floor":11.0,"key":"Lizard Tail"},{"floor":23,"key":"Bottled Flame"}],"event_choices":[{"damage_healed":0.0,"max_hp_gain":0.0,"max_hp_loss":0.0,"gold_gain":0.0,"event_name":"Upgrade Shrine","player_choice":"Upgraded","floor":4.0,"gold_loss":0.0,"damage_taken":0.0,"cards_upgraded":["animator:Defend_Overlord"]},{"damage_healed":0.0,"max_hp_gain":0.0,"max_hp_loss":0.0,"gold_gain":0.0,"cards_transformed":["animator:Strike"],"event_name":"Transmorgrifier","player_choice":"Transformed","floor":13.0,"gold_loss":0.0,"damage_taken":0.0,"cards_obtained":["animator:Illya"]},{"damage_healed":0,"gold_gain":0,"player_choice":"Ignored","damage_taken":0,"max_hp_gain":0,"max_hp_loss":0,"event_name":"Vampires","floor":19,"gold_loss":0}],"is_beta":false,"boss_relics":[{"not_picked":["Sozu","Honey Jar"],"picked":"Mark of Pain"}],"items_purged_floors":[2,10,20,24],"is_endless":false,"potions_floor_spawned":[8,14],"killed_by":"animator:HornedBat","ascension_level":1}}