{"host":"xy5qih4nvxccm4rc","time":1608378265,"event":{"mods":["BaseMod","Minty Spire (QoL Compilation)","Replay The Spire","StSLib"],"gold_per_floor":[111,61,74,74,349,349,361,395,395,407,421,440,440,440],"floor_reached":13,"playtime":348,"items_purged":[],"score":113,"play_id":"ad2db90c-c72a-4238-8750-14575f59501b","local_time":"20201219054425","is_ascension_mode":true,"campfire_choices":[{"data":"Run Through","floor":6,"key":"SMITH"}],"circlet_count":0,"master_deck":["Strike_R","Strike_R","Strike_R","Strike_R","Defend_R","Defend_R","Defend_R","Defend_R","Bash","Run Through+1","Anger","Replay:Undeath\u0027s Touch","Regret","Replay:Many Hands","ReplayTheSpireMod:Muscle Training","Cleave","Clothesline","Shockwave"],"relics":["Burning Blood","Gremlin Food","Replay:Accelerometer"],"acts_visited":["Exordium"],"potions_floor_usage":[8],"damage_taken":[{"damage":0,"enemies":"Small Slimes","floor":1,"turns":2},{"damage":4,"enemies":"2 Louse","floor":3,"turns":2},{"damage":3,"enemies":"Cultist","floor":7,"turns":3},{"damage":46,"enemies":"Gremlin Nob","floor":8,"turns":5},{"damage":18,"enemies":"2 Fungi Beasts","floor":10,"turns":4},{"damage":17,"enemies":"Blue Slaver","floor":11,"turns":3},{"damage":3,"enemies":"Large Slime","floor":12,"turns":3},{"damage":34,"enemies":"3 Sentries","floor":13,"turns":4}],"seed_played":"-3903096326723012292","potions_obtained":[{"floor":3,"key":"ColorlessPotion"},{"floor":8,"key":"SneckoOil"},{"floor":11,"key":"FearPotion"}],"is_trial":false,"path_per_floor":["M","?","M","?","?","R","M","E","T","M","M","M","E"],"character_chosen":"IRONCLAD","items_purchased":[],"campfire_rested":0,"item_purchase_floors":[],"current_hp_per_floor":[78,78,80,85,85,85,85,45,45,33,22,25,0,0],"gold":440,"neow_bonus":"THREE_CARDS","is_daily":false,"chose_seed":false,"campfire_upgraded":1,"win_rate":0.0,"timestamp":1608378265,"path_taken":["M","?","M","?","?","R","M","E","T","M","?","M","E"],"items_purchased_type":[],"build_version":"2020-12-13","purchased_purges":0,"victory":false,"max_hp_per_floor":[80,80,80,85,85,85,85,85,85,85,85,85,85,85],"card_choices":[{"not_picked":["Anger","Feel No Pain"],"picked":"Run Through","floor":0},{"not_picked":["Warcry","Headbutt"],"picked":"Anger","floor":1},{"not_picked":["Seeing Red","True Grit"],"picked":"Replay:Undeath\u0027s Touch","floor":3},{"not_picked":["ReplayTheSpireMod:Strike From Hell","Armaments"],"picked":"Replay:Many Hands","floor":7},{"not_picked":["Anger","Clothesline"],"picked":"ReplayTheSpireMod:Muscle Training","floor":8},{"not_picked":["Seeing Red","Second Wind"],"picked":"Cleave","floor":10},{"not_picked":["Iron Wave","Rampage"],"picked":"Clothesline","floor":11},{"not_picked":["Armaments","Wild Strike"],"picked":"Shockwave","floor":12}],"player_experience":310704,"relics_obtained":[{"floor":8,"key":"Gremlin Food"},{"floor":9,"key":"Replay:Accelerometer"}],"event_choices":[{"cards_removed":["Strike_R"],"damage_healed":0,"gold_gain":0,"player_choice":"Card Removal","damage_taken":0,"max_hp_gain":0,"max_hp_loss":0,"event_name":"The Cleric","floor":2,"gold_loss":50},{"damage_healed":0,"gold_gain":0,"player_choice":"Donut","damage_taken":0,"max_hp_gain":5,"max_hp_loss":0,"event_name":"Big Fish","floor":4,"gold_loss":0},{"damage_healed":0,"gold_gain":275,"player_choice":"Desecrate","damage_taken":0,"max_hp_gain":0,"max_hp_loss":0,"event_name":"Golden Shrine","floor":5,"gold_loss":0,"cards_obtained":["Regret"]}],"is_beta":false,"boss_relics":[],"items_purged_floors":[],"is_endless":false,"potions_floor_spawned":[3,8,11],"killed_by":"3 Sentries","ascension_level":6}}