{"host":"26mrfot5w7uj2ebc","time":1608393453,"event":{"mods":["AchievementEnabler","BaseMod","Colored Map","Minty Spire (QoL Compilation)"],"gold_per_floor":[115,14,14,14,33,33,60,60,60,60,60,60,71,89,89,186,186,206,305,305,305,315,315,17,33,80,100,111,111,111,157,157,261,261,276,290,308,308,17,17,17,17,17,17,36,12,23,0,0,0,0],"floor_reached":50,"playtime":1649,"items_purged":["Pain"],"score":513,"play_id":"a0eb369f-b292-4f6b-8247-4bf69edd0d46","local_time":"20201220005733","is_ascension_mode":false,"campfire_choices":[{"data":"1","floor":6,"key":"LIFT"},{"floor":10,"key":"REST"},{"data":"2","floor":12,"key":"LIFT"},{"data":"3","floor":15,"key":"LIFT"},{"floor":23,"key":"RECALL"},{"floor":29,"key":"REST"},{"data":"Noxious Fumes","floor":32,"key":"SMITH"},{"data":"Envenom","floor":40,"key":"SMITH"},{"data":"Catalyst","floor":42,"key":"SMITH"},{"floor":49,"key":"REST"}],"circlet_count":0,"master_deck":["Strike_G","Strike_G","Strike_G","Strike_G","Strike_G","Defend_G","Defend_G","Defend_G","Defend_G","Survivor","Neutralize","Bouncing Flask","Backflip","Acrobatics","Bane","Dash","All Out Attack","Malaise","CurseOfTheBell","Dagger Spray","Dagger Spray+1","Dash+1","Footwork","Noxious Fumes+1","Corpse Explosion","PiercingWail+1","Crippling Poison","Dark Shackles","Catalyst+1","Dagger Spray","Deadly Poison+1","Envenom+1","Riddle With Holes","Poisoned Stab","Quick Slash+1","PiercingWail","All Out Attack+1"],"relics":["Ring of the Serpent","Girya","Juzu Bracelet","Sundial","Eternal Feather","Calling Bell","Smiling Mask","Ornamental Fan","Ice Cream","FossilizedHelix","Snake Skull","Oddly Smooth Stone","Orrery","Pear","PreservedInsect","Red Mask"],"acts_visited":["Exordium","TheCity","TheBeyond"],"potions_floor_usage":[16,37,50,50,50],"damage_taken":[{"damage":3,"enemies":"2 Louse","floor":1,"turns":2},{"damage":7,"enemies":"Small Slimes","floor":5,"turns":3},{"damage":45,"enemies":"3 Sentries","floor":7,"turns":8},{"damage":0,"enemies":"Jaw Worm","floor":13,"turns":3},{"damage":4,"enemies":"Red Slaver","floor":14,"turns":3},{"damage":37,"enemies":"Hexaghost","floor":16,"turns":8},{"damage":12,"enemies":"3 Byrds","floor":18,"turns":6},{"damage":9,"enemies":"Shell Parasite","floor":22,"turns":7},{"damage":19,"enemies":"Shelled Parasite and Fungi","floor":25,"turns":4},{"damage":0,"enemies":"Centurion and Healer","floor":27,"turns":6},{"damage":0,"enemies":"3 Cultists","floor":28,"turns":3},{"damage":47,"enemies":"Collector","floor":33,"turns":11},{"damage":6,"enemies":"3 Shapes","floor":35,"turns":5},{"damage":15,"enemies":"3 Darklings","floor":36,"turns":4},{"damage":20,"enemies":"Spire Growth","floor":37,"turns":6},{"damage":10,"enemies":"Writhing Mass","floor":45,"turns":5},{"damage":34,"enemies":"4 Shapes","floor":47,"turns":2},{"damage":84,"enemies":"Awakened One","floor":50,"turns":12}],"seed_played":"9168671582595628125","potions_obtained":[{"floor":7,"key":"GhostInAJar"},{"floor":13,"key":"Strength Potion"},{"floor":28,"key":"Weak Potion"},{"floor":33,"key":"Ancient Potion"},{"floor":45,"key":"Fire Potion"}],"is_trial":false,"path_per_floor":["M","$","?","?","M","R","E","?","T","R","?","R","M","M","R","B",null,"M","?","?","?","M","R","$","M","T","M","M","R","?","T","R","B",null,"M","M","M","?","$","R","?","R","T","?","M","$","M","?","R","B"],"character_chosen":"THE_SILENT","items_purchased":["Backflip","FossilizedHelix","Oddly Smooth Stone","Orrery","PiercingWail"],"campfire_rested":3,"item_purchase_floors":[2,24,39,39,46],"current_hp_per_floor":[67,67,60,60,53,53,8,8,8,38,38,47,47,43,52,15,70,58,58,58,58,49,61,61,42,42,42,42,70,70,70,70,23,70,64,49,29,29,29,47,47,68,78,78,68,68,34,34,79,0,0],"gold":0,"neow_bonus":"ONE_RARE_RELIC","is_daily":false,"chose_seed":false,"campfire_upgraded":3,"win_rate":0.0,"timestamp":1608393453,"path_taken":["M","$","?","?","M","R","E","?","T","R","?","R","M","M","R","BOSS","M","?","?","?","M","R","?","M","T","M","M","R","?","?","R","BOSS","M","M","M","?","$","R","?","R","T","?","M","?","M","?","R","BOSS"],"items_purchased_type":["Card","Relic","Relic","Relic","Card"],"build_version":"2020-12-13","purchased_purges":1,"victory":false,"max_hp_per_floor":[70,70,70,70,70,70,70,70,70,70,70,70,70,70,70,70,70,70,70,70,70,70,70,70,70,70,70,70,70,70,70,70,70,70,70,70,70,70,70,70,70,70,80,80,80,80,80,80,80,80,80],"card_choices":[{"not_picked":["Prepared","Setup"],"picked":"Bouncing Flask","floor":1},{"not_picked":["Underhanded Strike","Sucker Punch"],"picked":"Acrobatics","floor":5},{"not_picked":["Grand Finale","Doppelganger"],"picked":"Bane","floor":7},{"not_picked":["Deflect","Riddle With Holes"],"picked":"Dash","floor":13},{"not_picked":["Acrobatics","Slice"],"picked":"All Out Attack","floor":14},{"not_picked":["Doppelganger","Unload"],"picked":"Malaise","floor":16},{"not_picked":["Setup","Quick Slash"],"picked":"Dagger Spray","floor":18},{"not_picked":["Dash","Acrobatics"],"picked":"Dagger Spray+1","floor":22},{"not_picked":["Bane","Reflex","Deflect+1"],"picked":"SKIP","floor":25},{"not_picked":["Acrobatics","Masterful Stab"],"picked":"Dash+1","floor":27},{"not_picked":["Outmaneuver","Cloak And Dagger"],"picked":"Footwork","floor":28},{"not_picked":["Burst","Malaise"],"picked":"Corpse Explosion","floor":33},{"not_picked":["Caltrops","Acrobatics+1"],"picked":"PiercingWail+1","floor":35},{"not_picked":["Acrobatics+1","Calculated Gamble+1"],"picked":"Crippling Poison","floor":36},{"not_picked":["Deadly Poison","Dagger Throw"],"picked":"Flying Knee+1","floor":37},{"not_picked":["Dramatic Entrance","Flash of Steel"],"picked":"Dark Shackles","floor":38},{"not_picked":["Underhanded Strike+1","Deadly Poison"],"picked":"Catalyst","floor":39},{"not_picked":["Infinite Blades","Reflex+1"],"picked":"Dagger Spray","floor":39},{"not_picked":["Skewer","Slice+1"],"picked":"Deadly Poison+1","floor":39},{"not_picked":["Prepared+1","Sucker Punch+1"],"picked":"Envenom","floor":39},{"not_picked":["Deflect+1","Masterful Stab+1"],"picked":"Riddle With Holes","floor":39},{"not_picked":["Acrobatics","Slice"],"picked":"Quick Slash+1","floor":45},{"not_picked":["Deflect","Infinite Blades"],"picked":"All Out Attack+1","floor":47}],"player_experience":190288,"relics_obtained":[{"floor":7,"key":"Sundial"},{"floor":9,"key":"Eternal Feather"},{"floor":17,"key":"Smiling Mask"},{"floor":17,"key":"Ornamental Fan"},{"floor":17,"key":"Ice Cream"},{"floor":26,"key":"Snake Skull"},{"floor":43,"key":"Pear"}],"event_choices":[{"cards_removed":["Defend_G"],"damage_healed":0,"gold_gain":0,"player_choice":"Card Removal","damage_taken":7,"max_hp_gain":0,"max_hp_loss":0,"event_name":"Golden Wing","floor":3,"gold_loss":0},{"damage_healed":0,"gold_gain":0,"player_choice":"Box","damage_taken":0,"relics_obtained":["Juzu Bracelet"],"max_hp_gain":0,"max_hp_loss":0,"event_name":"Big Fish","floor":4,"gold_loss":0,"cards_obtained":["Regret"]},{"damage_healed":0,"gold_gain":0,"player_choice":"Searched \u00270\u0027 times","damage_taken":0,"max_hp_gain":0,"max_hp_loss":0,"event_name":"Dead Adventurer","floor":8,"gold_loss":0},{"cards_removed":["Regret"],"damage_healed":0,"gold_gain":0,"player_choice":"Forget","damage_taken":0,"max_hp_gain":0,"max_hp_loss":0,"event_name":"Living Wall","floor":11,"gold_loss":0},{"damage_healed":0,"gold_gain":99,"player_choice":"Stole From Cult","damage_taken":0,"max_hp_gain":0,"max_hp_loss":0,"event_name":"Nest","floor":19,"gold_loss":0},{"damage_healed":0,"gold_gain":0,"player_choice":"Ignored","damage_taken":0,"max_hp_gain":0,"max_hp_loss":0,"event_name":"Vampires","floor":20,"gold_loss":0},{"damage_healed":0,"gold_gain":0,"player_choice":"Ignored","damage_taken":0,"max_hp_gain":0,"max_hp_loss":0,"event_name":"N\u0027loth","floor":21,"gold_loss":0},{"damage_healed":0,"gold_gain":0,"player_choice":"Read","damage_taken":0,"max_hp_gain":0,"max_hp_loss":0,"event_name":"The Library","floor":30,"gold_loss":0,"cards_obtained":["Noxious Fumes"]},{"damage_healed":0,"gold_gain":0,"player_choice":"Memory 1","damage_taken":0,"max_hp_gain":0,"max_hp_loss":0,"event_name":"SensoryStone","floor":38,"gold_loss":0},{"damage_healed":0,"gold_gain":0,"player_choice":"1 cards matched","damage_taken":0,"max_hp_gain":0,"max_hp_loss":0,"event_name":"Match and Keep!","floor":41,"gold_loss":0,"cards_obtained":["Poisoned Stab"]},{"cards_removed":["Flying Knee"],"damage_healed":0,"gold_gain":0,"player_choice":"Gave Card","damage_taken":0,"relics_obtained":["PreservedInsect"],"max_hp_gain":0,"max_hp_loss":0,"event_name":"WeMeetAgain","floor":44,"gold_loss":0},{"damage_healed":0,"gold_gain":0,"player_choice":"Paid","damage_taken":0,"relics_obtained":["Red Mask"],"max_hp_gain":0,"max_hp_loss":0,"event_name":"Tomb of Lord Red Mask","floor":48,"gold_loss":23}],"is_beta":false,"boss_relics":[{"not_picked":["Empty Cage","Busted Crown"],"picked":"Calling Bell"},{"not_picked":["Cursed Key","SacredBark"],"picked":"Ring of the Serpent"}],"items_purged_floors":[2],"is_endless":false,"potions_floor_spawned":[7,13,28,33,35,45],"killed_by":"Awakened One","ascension_level":0}}