{"host":"08t08ld674si40tv","time":1608353400,"event":{"mods":["AchievementEnabler","BaseMod","Colored Map","Minty Spire (QoL Compilation)","StSLib","SuperFastMode"],"gold_per_floor":[109,34,34,34,49,49,49,63,88,98,124,124,50,105,105,177,177,196,213,213,73,125,150,150,150,176,176,9,9,37,48,48,48,48],"floor_reached":33,"playtime":938,"items_purged":["Strike_G","Strike_G+1"],"score":673,"play_id":"7ac6b6a4-d020-4b8c-9b82-2c3cd78bb335","local_time":"20201219135000","is_ascension_mode":true,"campfire_choices":[{"data":"Cloak And Dagger","floor":6.0,"key":"SMITH"},{"data":"Neutralize","floor":12.0,"key":"SMITH"},{"data":"Well Laid Plans","floor":15.0,"key":"SMITH"},{"floor":25.0,"key":"REST"},{"floor":29,"key":"REST"},{"floor":32,"key":"REST"}],"circlet_count":0,"master_deck":["AscendersBane","Defend_G+1","Defend_G","Defend_G","Survivor","Neutralize+1","Blade Dance","Cloak And Dagger+1","Well Laid Plans+1","Infinite Blades","Adrenaline+1","PiercingWail+1","Night Terror+1","Underhanded Strike+1","Footwork","Accuracy","Dash","Dagger Spray","Backflip+1","Prepared+1","Blade Dance+1"],"relics":["Ring of the Snake","Torii","TungstenRod","NeowsBlessing","Lantern","Omamori","Shuriken","Toxic Egg 2","Astrolabe","Dream Catcher","Pen Nib","OrangePellets","Akabeko"],"acts_visited":["Exordium","TheCity"],"potions_floor_usage":[30],"damage_taken":[{"damage":0.0,"enemies":"Small Slimes","floor":1.0,"turns":1.0},{"damage":0.0,"enemies":"2 Louse","floor":5.0,"turns":1.0},{"damage":0.0,"enemies":"Cultist","floor":8.0,"turns":1.0},{"damage":0.0,"enemies":"Gremlin Gang","floor":10.0,"turns":6.0},{"damage":0.0,"enemies":"3 Sentries","floor":11.0,"turns":7.0},{"damage":9.0,"enemies":"3 Sentries","floor":14.0,"turns":7.0},{"damage":0.0,"enemies":"Slime Boss","floor":16.0,"turns":5.0},{"damage":5.0,"enemies":"Chosen","floor":18.0,"turns":6.0},{"damage":0.0,"enemies":"3 Byrds","floor":19.0,"turns":7.0},{"damage":43.0,"enemies":"Gremlin Leader","floor":23.0,"turns":9.0},{"damage":48,"enemies":"Slavers","floor":30,"turns":8},{"damage":5,"enemies":"Shelled Parasite and Fungi","floor":31,"turns":4},{"damage":33,"enemies":"Collector","floor":33,"turns":7}],"seed_played":"3690137653707109379","potions_obtained":[{"floor":5.0,"key":"Explosive Potion"},{"floor":11.0,"key":"EntropicBrew"},{"floor":14.0,"key":"Strength Potion"},{"floor":16.0,"key":"SpeedPotion"},{"floor":18.0,"key":"SneckoOil"},{"floor":23.0,"key":"Regen Potion"}],"is_trial":false,"path_per_floor":["M","$","?","?","M","R","?","M","T","M","E","R","$","?","R","B",null,"M","M","?","$","T","E","?","R","T","?","$","R","E","M","R","B"],"character_chosen":"THE_SILENT","items_purchased":["Shuriken","Accuracy","OrangePellets"],"campfire_rested":3,"item_purchase_floors":[13,21,28],"current_hp_per_floor":[59,59,40,40,40,40,40,40,40,40,40,40,40,31,31,31,57,52,52,52,52,52,9,9,28,28,28,28,47,14,9,28,0,0],"gold":48,"neow_bonus":"THREE_ENEMY_KILL","is_daily":false,"chose_seed":false,"campfire_upgraded":3,"win_rate":0.0,"timestamp":1608353400,"path_taken":["M","$","?","?","M","R","?","?","T","?","E","R","$","?","R","BOSS","M","M","?","$","?","E","?","R","T","?","?","R","E","M","R","BOSS"],"items_purchased_type":["Relic","Card","Relic"],"build_version":"2020-12-13","purchased_purges":2,"victory":false,"max_hp_per_floor":[66,66,66,66,66,66,66,66,66,66,66,66,66,66,66,66,66,66,66,66,66,66,66,66,66,66,66,66,66,66,66,66,66,66],"card_choices":[{"not_picked":["PiercingWail","Leg Sweep"],"picked":"Blade Dance","floor":1.0},{"not_picked":["Blade Dance","Underhanded Strike"],"picked":"Cloak And Dagger","floor":5.0},{"not_picked":["Prepared","Underhanded Strike"],"picked":"Well Laid Plans","floor":8.0},{"not_picked":["Skewer","Deadly Poison","Riddle With Holes"],"picked":"SKIP","floor":10.0},{"not_picked":["Predator","Quick Slash","Cloak And Dagger"],"picked":"SKIP","floor":11.0},{"not_picked":["Underhanded Strike","Crippling Poison+1"],"picked":"Infinite Blades","floor":14.0},{"not_picked":["Die Die Die","Venomology+1"],"picked":"Adrenaline+1","floor":16.0},{"not_picked":["PiercingWail+1","Expertise+1","Setup+1"],"picked":"SKIP","floor":18.0},{"not_picked":["Backflip+1","Blade Dance+1"],"picked":"Footwork","floor":19.0},{"not_picked":["Catalyst+1","Poisoned Stab","Heel Hook"],"picked":"SKIP","floor":23.0},{"not_picked":["Acrobatics+1","Escape Plan+1"],"picked":"Backflip+1","floor":30},{"not_picked":["Dagger Spray","Poisoned Stab"],"picked":"Prepared+1","floor":31},{"not_picked":["Blur+1","Quick Slash"],"picked":"Blade Dance+1","floor":32}],"player_experience":182564,"relics_obtained":[{"floor":9.0,"key":"Lantern"},{"floor":11.0,"key":"Omamori"},{"floor":14.0,"key":"Toxic Egg 2"},{"floor":23.0,"key":"Dream Catcher"},{"floor":26.0,"key":"Pen Nib"},{"floor":30,"key":"Akabeko"}],"event_choices":[{"damage_healed":0.0,"max_hp_gain":0.0,"max_hp_loss":0.0,"gold_gain":0.0,"event_name":"Shining Light","player_choice":"Entered Light","floor":3.0,"gold_loss":0.0,"damage_taken":20.0,"cards_upgraded":["Strike_G","Defend_G"]},{"damage_healed":0.0,"max_hp_gain":0.0,"max_hp_loss":0.0,"gold_gain":0.0,"event_name":"Liars Game","player_choice":"Ignored","floor":4.0,"gold_loss":0.0,"damage_taken":0.0},{"damage_healed":0.0,"max_hp_gain":0.0,"max_hp_loss":0.0,"gold_gain":0.0,"cards_transformed":["Strike_G"],"event_name":"Transmorgrifier","player_choice":"Transformed","floor":7.0,"gold_loss":0.0,"damage_taken":0.0,"cards_obtained":["Unload"]},{"damage_healed":0.0,"max_hp_gain":0.0,"max_hp_loss":0.0,"gold_gain":0.0,"event_name":"Dead Adventurer","player_choice":"Searched \u00271\u0027 times","floor":14.0,"gold_loss":0.0,"damage_taken":0.0},{"damage_healed":0.0,"max_hp_gain":0.0,"max_hp_loss":0.0,"gold_gain":0.0,"event_name":"Match and Keep!","player_choice":"0 cards matched","floor":20.0,"gold_loss":0.0,"damage_taken":0.0,"cards_obtained":[]},{"damage_healed":0.0,"max_hp_gain":0.0,"max_hp_loss":0.0,"gold_gain":0.0,"event_name":"Ghosts","player_choice":"Ignored","floor":24.0,"gold_loss":0.0,"damage_taken":0.0},{"damage_healed":0.0,"max_hp_gain":0.0,"max_hp_loss":0.0,"gold_gain":0.0,"cards_transformed":["Unload","Defend_G"],"event_name":"Drug Dealer","player_choice":"Became Test Subject","floor":27.0,"gold_loss":0.0,"damage_taken":0.0,"cards_obtained":["Dash","Dagger Spray"]}],"is_beta":false,"boss_relics":[{"not_picked":["Runic Pyramid","Ectoplasm"],"picked":"Astrolabe"}],"items_purged_floors":[2,21],"is_endless":false,"potions_floor_spawned":[5,11,14,16,18,23],"killed_by":"Collector","ascension_level":18}}