{"host":"0uumfqrc8aynrssa","time":1608370036,"event":{"mods":["AchievementEnabler","Act Like it!","AlwaysNeverKeys","Aspiration","Astrologer","BaseMod","Better Altar","Better Match","Better Note","Better Sensory Stone","Better Skull","Better Third Choice","Better Vampires","CapriCore","Colored Map","Colored Powertips","Conspire","Downfall","Energized Spire","Friendly Minions","Gensokyo","GifTheSpireLib","Hallownest","Hermit","Highlight Path","Hubris","Infinite Spire","Jorbs\u0027s Wanderer Trilogy","Koishi","Luminous","Marisa????????","Marked Mod","Minty Spire (QoL Compilation)","Pale of the Ancients","Permanent Neow","Potionbrewer","RNG Fix","Random Character Button","Rare Cards Sparkle","Reimu??????","Relic Sorter","Remilia??????","Replay The Spire","Robot Space Explorer","Shop Mod","Somnambulant","Spicy Shops","Spikes Relics","StSLib","Stuff the Spire","The Animator","The Awakened One except there are too many feathers","The Bug Knight","The Cursed","The Hayseed","The Hierophant","The Immortal","The IronCluck","The Mystic","The Problem Sleuth","The Runesmith","The Servant 0.9.4","TheBandit","TheFirefly","Trackpad","Wandering Minibosses","egg","everything is the same but u backflip on backflip","slay the spire mod where everything is the same but ironclad has a cowboy hat","vexMod"],"gold_per_floor":[99,115,143,154,182,197,221,239,164,89,99,9,27,12,28,126,126,126,156,156,167,167,186,212,212,230,230,230,245,2,21,32,134,134,134,148,165,90,109,142,142,160,85,113,113,113,113,132,142,142],"floor_reached":51,"playtime":5532,"items_purged":["champ:Defend","champ:Strike"],"score":743,"play_id":"1b278a2f-e610-4292-a56b-3884c6aa255d","local_time":"20201219042716","is_ascension_mode":false,"campfire_choices":[{"data":"champ:Taunt","floor":1,"key":"SMITH"},{"floor":10,"key":"REST"},{"data":"champ:PerfectedStrike","floor":20,"key":"SMITH"},{"data":"champ:HoldFirm","floor":22,"key":"SMITH"},{"data":"champ:Defend","floor":27,"key":"SMITH"},{"floor":35,"key":"RECALL"},{"data":"champ:HoldFirm","floor":38,"key":"SMITH"},{"data":"champ:PreciseThrust","floor":43,"key":"SMITH"}],"circlet_count":0,"master_deck":["champ:Strike","champ:Strike","champ:Defend+1","champ:Defend","champ:Defend+1","champ:Execute","champ:Taunt+1","champ:PerfectedStrike+1","champ:FaceSlap+1","champ:CrownThrow","champ:GladiatorsShout","champ:FaceSlap+1","champ:GutPunch","champ:HoldFirm+1","champ:SwordThrow","champ:GladiatorStyle","champ:IronFortress+1","champ:RapidStrikes","champ:PreciseThrust+1","champ:HoldFirm+1","champ:SteelEdge","Clumsy","champ:IronFortress","infinitespire:Fortify","hubris:Gluttony","champ:ViciousMockery+1"],"relics":["champ:ChampionCrown","downfall:HeartBlessingRed","downfall:HeartBlessingGreen","downfall:HeartBlessingBlue","Singing Bowl","energizedSpire:OgreHead","Strawberry","champ:FightingForDummies","trackpad:CultistFigurine","Cursed Key","hubris:Potato","infinitespire:FocusingShard","vexMod:InvisibilityCloak","vexMod:BigBerry","ReplayTheSpireMod:ShopPack","Replay:Bottled Eggs"],"acts_visited":["Exordium","TheCity","TheBeyond"],"potions_floor_usage":[30,39,39,44,44,44,48,50],"damage_taken":[{"damage":10,"enemies":"Small Slimes","floor":2,"turns":3},{"damage":41,"enemies":"Lagavulin","floor":3,"turns":5},{"damage":15,"enemies":"2 Louse","floor":4,"turns":2},{"damage":44,"enemies":"3 Sentries","floor":5,"turns":8},{"damage":8,"enemies":"Jaw Worm","floor":6,"turns":2},{"damage":8,"enemies":"Red Slaver","floor":8,"turns":3},{"damage":4,"enemies":"2 Fungi Beasts","floor":11,"turns":2},{"damage":10,"enemies":"downfall:FleeingMerchant","floor":12,"turns":4},{"damage":2,"enemies":"Blue Slaver","floor":13,"turns":2},{"damage":13,"enemies":"downfall:FleeingMerchant","floor":14,"turns":4},{"damage":3,"enemies":"3 Louse","floor":15,"turns":5},{"damage":17,"enemies":"downfall:Watcher","floor":16,"turns":7},{"damage":45,"enemies":"Gremlin Leader","floor":19,"turns":8},{"damage":3,"enemies":"conspire:FuzzyDice","floor":21,"turns":4},{"damage":7,"enemies":"Centurion and Healer","floor":23,"turns":5},{"damage":5,"enemies":"Chosen and Byrds","floor":26,"turns":6},{"damage":7,"enemies":"Snecko","floor":29,"turns":4},{"damage":28,"enemies":"downfall:FleeingMerchant","floor":30,"turns":4},{"damage":13,"enemies":"conspire:HollyBat","floor":31,"turns":7},{"damage":7,"enemies":"Centurion and Healer","floor":32,"turns":4},{"damage":21,"enemies":"downfall:Ironclad","floor":33,"turns":9},{"damage":10,"enemies":"3 Shapes","floor":36,"turns":4},{"damage":51,"enemies":"3 Darklings","floor":37,"turns":6},{"damage":8,"enemies":"Transient","floor":39,"turns":5},{"damage":19,"enemies":"Nemesis","floor":40,"turns":5},{"damage":0,"enemies":"Writhing Mass","floor":42,"turns":5},{"damage":31,"enemies":"Giant Head","floor":44,"turns":9},{"damage":10,"enemies":"3 Darklings","floor":48,"turns":6},{"damage":0,"enemies":"Spire Growth","floor":49,"turns":6},{"damage":36,"enemies":"downfall:Defect","floor":50,"turns":11}],"seed_played":"6501408633874727801","potions_obtained":[{"floor":2,"key":"Reflective Coating"},{"floor":3,"key":"ZuzhouPotion:ReiMu"},{"floor":6,"key":"Milkshake"},{"floor":11,"key":"potionbrewer:EndurancePotion"},{"floor":15,"key":"potionbrewer:NoxiousPotion"},{"floor":32,"key":"TheSimpletonMod:MoonshinePotion"},{"floor":33,"key":"potionbrewer:AcidPotion"},{"floor":39,"key":"potionbrewer:SplittingPotion"},{"floor":40,"key":"PowerPotion"},{"floor":48,"key":"potionbrewer:FreezingPotion"}],"is_trial":false,"path_per_floor":["R_BF","M","E","M","E","M","T","M","?","R","M","$","M","$","M","B",null,"R_BF","E","R","M","R","M","T","?","M","R","?","M","$","M","M","B",null,"R","M","M","R","M","E","T","M","R","E","?","AVR","T","M","M","B",null],"character_chosen":"THE_CHAMP","items_purchased":["trackpad:CultistFigurine","champ:PreciseThrust"],"campfire_rested":1,"item_purchase_floors":[30,30],"current_hp_per_floor":[99,94,63,55,26,18,18,10,10,53,49,46,46,46,48,36,117,117,89,89,88,88,86,86,86,86,86,86,84,66,55,53,32,132,132,129,90,90,92,80,80,82,82,54,46,82,82,72,79,51],"gold":142,"neow_bonus":"TEN_PERCENT_HP_BONUS","is_daily":false,"chose_seed":false,"campfire_upgraded":6,"win_rate":0.0,"timestamp":1608370036,"path_taken":["R_BF","M","E","M","E","M","T","M","?","R","M","?","?","$","M","BOSS","R_BF","E","R","M","R","M","T","?","M","R","?","M","$","M","M","BOSS","R","M","?","R","M","E","T","M","R","E","?","AVR","?","M","M","BOSS"],"items_purchased_type":["Relic","Card"],"build_version":"2020-12-13","purchased_purges":2,"victory":true,"max_hp_per_floor":[99,99,99,101,101,101,101,101,101,111,111,113,115,115,117,117,117,117,126,126,128,128,128,128,128,128,128,128,128,130,132,132,132,132,132,134,136,136,138,140,140,142,142,142,142,178,178,178,180,180],"card_choices":[{"not_picked":["champ:BringItOn","champ:BladeFlurry"],"picked":"champ:PerfectedStrike","floor":2},{"not_picked":["champ:GladiatorStyle","champ:Backstep"],"picked":"champ:FaceSlap","floor":3},{"not_picked":["champ:TornadoPunch","champ:Haymaker","champ:DefensiveShout"],"picked":"Singing Bowl","floor":4},{"not_picked":["champ:FocusedBerserking","champ:FightOn"],"picked":"champ:CrownThrow","floor":5},{"not_picked":["champ:TornadoPunch","champ:BerserkersShout"],"picked":"champ:GladiatorsShout","floor":6},{"not_picked":["champ:BerserkersShout","champ:Circumvent"],"picked":"champ:FaceSlap","floor":8},{"not_picked":["champ:FocusedDefense","champ:FocusedGladiator"],"picked":"champ:GutPunch","floor":11},{"not_picked":["champ:FocusedDefense","champ:Lariat","champ:Circumvent"],"picked":"Singing Bowl","floor":12},{"not_picked":["champ:StanceDance","champ:Circumvent","champ:FocusedGladiator"],"picked":"Singing Bowl","floor":13},{"not_picked":["champ:ShieldWall","champ:BringItOn"],"picked":"champ:HoldFirm","floor":14},{"not_picked":["champ:BerserkersShout","champ:Haymaker","champ:AdrenalArmor"],"picked":"Singing Bowl","floor":15},{"not_picked":["champ:StrikeOfGenius","champ:ShieldThrow"],"picked":"champ:SwordThrow","floor":16},{"not_picked":["champ:Encircle","champ:StanceDance","champ:ArenaPreparation"],"picked":"Singing Bowl","floor":19},{"not_picked":["champ:DefensiveShout+1","champ:AdrenalArmor","champ:Encircle+1"],"picked":"Singing Bowl","floor":21},{"not_picked":["champ:Circumvent","champ:FlashCut"],"picked":"champ:GladiatorStyle","floor":23},{"not_picked":["champ:EnGarde","champ:Haymaker"],"picked":"champ:IronFortress+1","floor":26},{"not_picked":["champ:BladeFlurry","champ:Backstep"],"picked":"champ:RapidStrikes","floor":29},{"not_picked":["champ:AdrenalArmor+1","champ:FocusedBerserking","champ:BringItOn"],"picked":"Singing Bowl","floor":30},{"not_picked":["champ:DeathBlow","champ:GladiatorsShout","champ:HeartStrike"],"picked":"Singing Bowl","floor":31},{"not_picked":["champ:BerserkerStyle+1","champ:Encircle+1"],"picked":"champ:HoldFirm","floor":32},{"not_picked":["champ:IgnorePain","champ:VampiricStrike"],"picked":"champ:SteelEdge","floor":33},{"not_picked":["champ:Backstep","champ:BringItOn+1","champ:AdrenalArmor"],"picked":"Singing Bowl","floor":36},{"not_picked":["champ:Encircle","champ:Backstep","champ:Haymaker+1"],"picked":"Singing Bowl","floor":37},{"not_picked":["champ:Lariat","champ:EnGarde","champ:ShieldWall+1"],"picked":"Singing Bowl","floor":39},{"not_picked":["champ:CrownThrow","champ:BringItOn","champ:AdrenalArmor+1"],"picked":"Singing Bowl","floor":40},{"not_picked":["champ:FightOn","champ:DefensiveStyle+1","champ:Backstep+1"],"picked":"Singing Bowl","floor":42},{"not_picked":["champ:Circumvent+1","champ:DefensiveShout+1"],"picked":"champ:IronFortress","floor":44},{"not_picked":["Secret Technique","StuffTheSpire:Recharge","Replay:Dark Deal"],"picked":"Singing Bowl","floor":46},{"not_picked":["Good Instincts","Sharp Hide","Poisoned Strike"],"picked":"Singing Bowl","floor":46},{"not_picked":["expansioncontent:BronzeBeam","expansioncontent:PolyBeam","Bandage Up"],"picked":"Singing Bowl","floor":46},{"not_picked":["champ:PerfectedStrike","champ:BerserkersShout+1"],"picked":"champ:ViciousMockery+1","floor":48},{"not_picked":["champ:Encircle","champ:DeathBlow+1","champ:DefensiveShout+1"],"picked":"Singing Bowl","floor":49}],"player_experience":901715,"relics_obtained":[{"floor":3,"key":"Singing Bowl"},{"floor":19,"key":"Strawberry"},{"floor":24,"key":"champ:FightingForDummies"},{"floor":40,"key":"hubris:Potato"},{"floor":41,"key":"infinitespire:FocusingShard"},{"floor":44,"key":"vexMod:InvisibilityCloak"},{"floor":47,"key":"Replay:Bottled Eggs"}],"event_choices":[{"damage_healed":0,"gold_gain":0,"player_choice":"3","damage_taken":0,"max_hp_gain":0,"max_hp_loss":0,"event_name":"betterMatch:BetterMatch","floor":9,"gold_loss":0,"cards_obtained":[]},{"cards_removed":["champ:Taunt"],"damage_healed":0,"gold_gain":0,"player_choice":"Give","damage_taken":0,"max_hp_gain":0,"max_hp_loss":0,"event_name":"betterNote:BetterNote","floor":25,"gold_loss":0,"cards_obtained":["hexamod:Sear"]},{"damage_healed":0,"gold_gain":0,"player_choice":"Leave","damage_taken":0,"max_hp_gain":0,"max_hp_loss":0,"event_name":"conspire:Investor","floor":28,"gold_loss":0}],"is_beta":false,"boss_relics":[{"not_picked":["energizedSpire:StickyHand","Busted Crown"],"picked":"energizedSpire:OgreHead"},{"not_picked":["Snecko Eye","hubris:Stopwatch"],"picked":"Cursed Key"}],"items_purged_floors":[12,46],"is_endless":false,"potions_floor_spawned":[2,3,6,11,13,15,26,29,32,33,39,40,48],"ascension_level":0}}