{"host":"d7fd5aa1my0gmokc","time":1608366675,"event":{"mods":["AchievementEnabler","BaseMod","DeckTracker","Minty Spire (QoL Compilation)","Prisma Mod","Relic Stats","StSLib","SuperFastMode","everything is the same but u backflip on backflip"],"gold_per_floor":[115,65,79,4,4,4,37,37,37,53,53,68,92,112,112,112,112],"floor_reached":16,"playtime":589,"items_purged":["Strike_R"],"score":102,"play_id":"8052e2a2-9444-4498-85fc-a64c26e7b178","local_time":"20201219173115","is_ascension_mode":false,"campfire_choices":[{"floor":6.0,"key":"RECALL"},{"floor":11.0,"key":"REST"},{"data":"Spot Weakness","floor":15,"key":"SMITH"}],"circlet_count":0,"master_deck":["Strike_R","Strike_R","Strike_R","Defend_R","Defend_R","Defend_R","Defend_R","Bash","Heavy Blade","Armaments+1","Spot Weakness+1","Exhume"],"relics":["Burning Blood","Golden Idol","Darkstone Periapt","Molten Egg 2"],"acts_visited":["Exordium"],"potions_floor_usage":[16,16],"damage_taken":[{"damage":6.0,"enemies":"Jaw Worm","floor":1.0,"turns":5.0},{"damage":12.0,"enemies":"Small Slimes","floor":3.0,"turns":7.0},{"damage":38.0,"enemies":"Gremlin Nob","floor":7.0,"turns":5.0},{"damage":1.0,"enemies":"2 Louse","floor":10.0,"turns":4.0},{"damage":16,"enemies":"Lots of Slimes","floor":12,"turns":7},{"damage":0,"enemies":"2 Fungi Beasts","floor":13,"turns":3},{"damage":10,"enemies":"Large Slime","floor":14,"turns":6},{"damage":43,"enemies":"Slime Boss","floor":16,"turns":9}],"seed_played":"-8126837378200043246","potions_obtained":[{"floor":0.0,"key":"SpeedPotion"},{"floor":0.0,"key":"Dexterity Potion"},{"floor":0.0,"key":"ElixirPotion"},{"floor":7.0,"key":"Weak Potion"},{"floor":13,"key":"Explosive Potion"}],"is_trial":false,"path_per_floor":["M","?","M","$","?","R","E","?","T","M","R","M","M","M","R","B"],"character_chosen":"IRONCLAD","items_purchased":[],"campfire_rested":1,"item_purchase_floors":[],"current_hp_per_floor":[80,80,74,74,54,54,22,22,22,27,51,41,47,43,43,0,0],"gold":112,"neow_bonus":"THREE_SMALL_POTIONS","is_daily":false,"chose_seed":false,"campfire_upgraded":1,"win_rate":0.0,"timestamp":1608366675,"path_taken":["M","?","M","$","?","R","E","?","T","?","R","M","M","M","R","BOSS"],"items_purchased_type":[],"build_version":"2020-12-13","purchased_purges":1,"victory":false,"max_hp_per_floor":[80,80,80,80,80,80,80,80,80,80,80,80,80,80,80,80,80],"relic_stats":{"Darkstone Periapt":0,"counters":[8,46],"Golden Idol":22,"obtain_stats":[{"Darkstone Periapt":7,"Golden Idol":5,"Molten Egg 2":9,"Burning Blood":0},{"Darkstone Periapt":3,"Golden Idol":2,"Molten Egg 2":3,"Burning Blood":0},{"Darkstone Periapt":17,"Golden Idol":12,"Molten Egg 2":17,"Burning Blood":0}],"Burning Blood":42},"card_choices":[{"not_picked":["True Grit","Sentinel"],"picked":"Heavy Blade","floor":1.0},{"not_picked":["Thunderclap","Clash","Second Wind"],"picked":"SKIP","floor":3.0},{"not_picked":["Wild Strike","Evolve"],"picked":"Armaments","floor":7.0},{"not_picked":["Feel No Pain","Cleave+1"],"picked":"Spot Weakness","floor":10.0},{"not_picked":["Warcry","Body Slam+1"],"picked":"Exhume","floor":12},{"not_picked":["Hemokinesis+1","Headbutt+1","Sword Boomerang+1"],"picked":"SKIP","floor":13},{"not_picked":["Thunderclap+1","Carnage+1","Burning Pact"],"picked":"SKIP","floor":14}],"player_experience":162981,"relics_obtained":[{"floor":7.0,"key":"Darkstone Periapt"},{"floor":9.0,"key":"Molten Egg 2"}],"event_choices":[{"cards_removed":["Strike_R"],"damage_healed":0.0,"max_hp_gain":0.0,"max_hp_loss":0.0,"gold_gain":0.0,"event_name":"The Cleric","player_choice":"Card Removal","floor":2.0,"gold_loss":50.0,"damage_taken":0.0},{"damage_healed":0.0,"max_hp_gain":0.0,"max_hp_loss":0.0,"gold_gain":0.0,"event_name":"Golden Idol","player_choice":"Take Damage","floor":5.0,"gold_loss":0.0,"damage_taken":20.0,"relics_obtained":["Golden Idol"]},{"damage_healed":0.0,"max_hp_gain":0.0,"max_hp_loss":0.0,"gold_gain":0.0,"event_name":"Living Wall","player_choice":"Grow","floor":8.0,"gold_loss":0.0,"damage_taken":0.0,"cards_upgraded":["Armaments"]}],"is_beta":false,"boss_relics":[],"items_purged_floors":[4],"is_endless":false,"potions_floor_spawned":[7,13,14],"killed_by":"Slime Boss","ascension_level":0}}