{"host":"g97v2fxshjj7eub7","time":1608350262,"event":{"mods":["BaseMod","Downfall","Minty Spire (QoL Compilation)","Quick Restart","StSLib"],"gold_per_floor":[115,127,127,127,34,77,97,121,121,121,146,190,209,234,234,359,359,383,383,403,403,38,38,38],"floor_reached":23,"playtime":1823,"items_purged":[],"score":253,"play_id":"6eeedeff-b112-4974-9c81-b2c8bfba24c2","local_time":"20201218225742","is_ascension_mode":false,"campfire_choices":[{"floor":10.0,"key":"REST"},{"floor":15.0,"key":"REST"}],"circlet_count":0,"master_deck":["Defend_G","Defend_G","Defend_G","Defend_G","Survivor","Neutralize","expansioncontent:PrepareCrush","Blade Dance","Dagger Spray","Dash","expansioncontent:FaceSlap","Dagger Spray","Flying Knee","Well Laid Plans","PiercingWail","Outmaneuver","Dagger Spray","Sucker Punch","Doppelganger","Terror","Slimebound:CheckThePlaybook","Slimebound:Icky","Flying Knee+1","Bite","Bite","Bite","Bite","Bite","Dagger Spray","Slice"],"relics":["Ring of the Snake","Golden Idol","Meat on the Bone","Kunai","Happy Flower","Black Star","Shuriken"],"acts_visited":["Exordium","TheCity"],"potions_floor_usage":[],"damage_taken":[{"damage":0.0,"enemies":"2 Louse","floor":1.0,"turns":3.0},{"damage":6.0,"enemies":"Jaw Worm","floor":2.0,"turns":4.0},{"damage":33.0,"enemies":"Lagavulin","floor":6.0,"turns":7.0},{"damage":1.0,"enemies":"Cultist","floor":7.0,"turns":4.0},{"damage":3.0,"enemies":"Exordium Thugs","floor":8.0,"turns":4.0},{"damage":4.0,"enemies":"Large Slime","floor":11.0,"turns":4.0},{"damage":16.0,"enemies":"3 Sentries","floor":12.0,"turns":5.0},{"damage":5.0,"enemies":"3 Louse","floor":13.0,"turns":3.0},{"damage":13.0,"enemies":"Red Slaver","floor":14.0,"turns":5.0},{"damage":13.0,"enemies":"Hexaghost","floor":16.0,"turns":10.0},{"damage":20.0,"enemies":"2 Thieves","floor":18.0,"turns":4.0},{"damage":22.0,"enemies":"Chosen","floor":20.0,"turns":2.0},{"damage":46,"enemies":"Slavers","floor":23,"turns":3}],"seed_played":"41712778829775140","potions_obtained":[{"floor":1.0,"key":"AttackPotion"},{"floor":7.0,"key":"DistilledChaos"},{"floor":11.0,"key":"Energy Potion"}],"is_trial":false,"path_per_floor":["M","M","?","?","$","E","M","M","T","R","M","E","M","M","R","B",null,"M","?","M","?","$","E"],"character_chosen":"THE_SILENT","items_purchased":["expansioncontent:FaceSlap","Shuriken","Dagger Spray","Slice"],"campfire_rested":2,"item_purchase_floors":[5,22,22,22],"current_hp_per_floor":[70,64,64,47,47,14,25,34,34,55,51,47,42,41,62,49,70,50,50,40,40,40,0,0],"gold":38,"neow_bonus":"RANDOM_COLORLESS","is_daily":false,"chose_seed":false,"campfire_upgraded":0,"win_rate":0.0,"timestamp":1608350262,"path_taken":["M","M","?","?","?","E","M","M","T","R","M","E","?","M","R","BOSS","M","?","M","?","$","E"],"items_purchased_type":["Card","Relic","Card","Card"],"build_version":"2020-12-13","purchased_purges":0,"victory":false,"max_hp_per_floor":[70,70,70,70,70,70,70,70,70,70,70,70,70,70,70,70,70,70,70,70,49,49,49,49],"card_choices":[{"not_picked":["Blind","expansioncontent:Hexaburn"],"picked":"expansioncontent:PrepareCrush","floor":0.0},{"not_picked":["Riddle With Holes","Underhanded Strike"],"picked":"Blade Dance","floor":1.0},{"not_picked":["Eviscerate","Dagger Throw"],"picked":"Dagger Spray","floor":2.0},{"not_picked":["Tactician","Dodge and Roll"],"picked":"Dagger Spray","floor":6.0},{"not_picked":["Backflip","Tactician"],"picked":"Flying Knee","floor":7.0},{"not_picked":["PiercingWail","Outmaneuver"],"picked":"Well Laid Plans","floor":8.0},{"not_picked":["Slice","Dodge and Roll"],"picked":"PiercingWail","floor":11.0},{"not_picked":["Bouncing Flask","Escape Plan"],"picked":"Outmaneuver","floor":12.0},{"not_picked":["Quick Slash","Well Laid Plans"],"picked":"Dagger Spray","floor":13.0},{"not_picked":["Tactician","Predator"],"picked":"Sucker Punch","floor":14.0},{"not_picked":["Phantasmal Killer","Burst"],"picked":"Doppelganger","floor":16.0},{"not_picked":["Outmaneuver","Slice"],"picked":"Terror","floor":18.0},{"not_picked":["Outmaneuver","Deflect"],"picked":"Flying Knee+1","floor":20.0}],"player_experience":31756,"relics_obtained":[{"floor":6.0,"key":"Meat on the Bone"},{"floor":9.0,"key":"Kunai"},{"floor":12.0,"key":"Happy Flower"}],"event_choices":[{"damage_healed":0.0,"max_hp_gain":0.0,"max_hp_loss":0.0,"gold_gain":0.0,"cards_transformed":["Defend_G"],"event_name":"Living Wall","player_choice":"Change","floor":3.0,"gold_loss":0.0,"damage_taken":0.0,"cards_obtained":["Dash"]},{"damage_healed":0.0,"max_hp_gain":0.0,"max_hp_loss":0.0,"gold_gain":0.0,"event_name":"Golden Idol","player_choice":"Take Damage","floor":4.0,"gold_loss":0.0,"damage_taken":17.0,"relics_obtained":["Golden Idol"]},{"damage_healed":0.0,"max_hp_gain":0.0,"max_hp_loss":21.0,"gold_gain":0.0,"event_name":"Vampires","player_choice":"Became a vampire","floor":21.0,"gold_loss":0.0,"damage_taken":0.0,"cards_obtained":["Bite","Bite","Bite","Bite","Bite"]}],"is_beta":false,"boss_relics":[{"not_picked":["Coffee Dripper","Runic Dome"],"picked":"Black Star"}],"items_purged_floors":[],"is_endless":false,"potions_floor_spawned":[1,7,11,14],"killed_by":"Slavers","ascension_level":0}}