{"host":"gc0hqzwg2gd3zszy","time":1608373494,"event":{"mods":["BaseMod","DeckTracker","Minty Spire (QoL Compilation)","Relic Stats","SuperFastMode"],"gold_per_floor":[113,133,46,56,76,117,167,60,87,87,115,115,20,64,64,64,64],"floor_reached":16,"playtime":769,"items_purged":[],"score":220,"play_id":"cb0f231f-c585-4306-a9e6-4b0f84e17221","local_time":"20201219192454","is_ascension_mode":true,"campfire_choices":[{"floor":10.0,"key":"REST"},{"data":"Noxious Fumes","floor":12.0,"key":"SMITH"},{"data":"Deadly Poison","floor":15.0,"key":"SMITH"}],"circlet_count":0,"master_deck":["AscendersBane","Strike_G","Strike_G","Strike_G","Strike_G","Strike_G","Defend_G","Defend_G","Defend_G","Defend_G","Defend_G","Survivor","Neutralize+1","Predator","PiercingWail","Noxious Fumes+1","Concentrate","Dodge and Roll","Backflip","Tactician","Footwork","Night Terror","Reflex","Acrobatics","Deadly Poison+1"],"relics":["Ring of the Snake","CeramicFish","Dream Catcher","PreservedInsect"],"acts_visited":["Exordium"],"potions_floor_usage":[],"damage_taken":[{"damage":0.0,"enemies":"Cultist","floor":1.0,"turns":4.0},{"damage":4.0,"enemies":"Small Slimes","floor":2.0,"turns":4.0},{"damage":1.0,"enemies":"Jaw Worm","floor":4.0,"turns":4.0},{"damage":13.0,"enemies":"3 Louse","floor":5.0,"turns":5.0},{"damage":6.0,"enemies":"Gremlin Nob","floor":6.0,"turns":3.0},{"damage":4.0,"enemies":"2 Fungi Beasts","floor":11.0,"turns":5.0},{"damage":12.0,"enemies":"Lagavulin","floor":14.0,"turns":11.0},{"damage":42,"enemies":"Slime Boss","floor":16,"turns":10}],"seed_played":"-5697692480044708203","potions_obtained":[{"floor":1.0,"key":"Poison Potion"},{"floor":4.0,"key":"DuplicationPotion"},{"floor":6.0,"key":"SkillPotion"}],"is_trial":false,"path_per_floor":["M","M","$","M","M","E","?","$","T","R","M","R","$","E","R","B"],"character_chosen":"THE_SILENT","items_purchased":["Noxious Fumes","Tactician","Footwork","Reflex","Acrobatics"],"campfire_rested":1,"item_purchase_floors":[3,8,8,13,13],"current_hp_per_floor":[59,55,55,54,41,35,29,29,29,48,44,44,44,32,32,0,0],"gold":64,"neow_bonus":"UPGRADE_CARD","is_daily":false,"chose_seed":false,"campfire_upgraded":2,"win_rate":0.0,"timestamp":1608373494,"path_taken":["M","M","$","?","M","E","?","$","T","R","M","R","?","E","R","BOSS"],"items_purchased_type":["Card","Card","Card","Card","Card"],"build_version":"2020-12-13","purchased_purges":0,"victory":false,"max_hp_per_floor":[66,66,66,66,66,66,66,66,66,66,66,66,66,66,66,66,66],"relic_stats":{"Dream Catcher":1,"counters":[8,46],"CeramicFish":63,"PreservedInsect":0,"obtain_stats":[{"Dream Catcher":9,"CeramicFish":6,"PreservedInsect":14,"Ring of the Snake":0},{"Dream Catcher":5,"CeramicFish":5,"PreservedInsect":7,"Ring of the Snake":0},{"Dream Catcher":20,"CeramicFish":20,"PreservedInsect":36,"Ring of the Snake":0}],"Ring of the Snake":[16]},"card_choices":[{"not_picked":["Deadly Poison","Blade Dance"],"picked":"Predator","floor":1.0},{"not_picked":["Prepared","Cloak And Dagger"],"picked":"PiercingWail","floor":2.0},{"not_picked":["Prepared","Cloak And Dagger"],"picked":"Concentrate","floor":4.0},{"not_picked":["Underhanded Strike","Sucker Punch"],"picked":"Dodge and Roll","floor":5.0},{"not_picked":["Calculated Gamble","Blade Dance"],"picked":"Backflip","floor":6.0},{"not_picked":["Caltrops","Prepared"],"picked":"Night Terror","floor":11.0},{"not_picked":["Endless Agony","Dagger Throw"],"picked":"Deadly Poison","floor":14.0}],"player_experience":1312706,"relics_obtained":[{"floor":6.0,"key":"CeramicFish"},{"floor":9.0,"key":"Dream Catcher"},{"floor":14.0,"key":"PreservedInsect"}],"event_choices":[{"damage_healed":0.0,"max_hp_gain":0.0,"max_hp_loss":0.0,"gold_gain":50.0,"event_name":"FaceTrader","player_choice":"Touch","floor":7.0,"gold_loss":0.0,"damage_taken":6.0}],"is_beta":false,"boss_relics":[],"items_purged_floors":[],"is_endless":false,"potions_floor_spawned":[1,4,6],"killed_by":"Slime Boss","ascension_level":20}}