{"host":"z4z0bb8knwtwz86e","time":1608395975,"event":{"mods":["2.2 Compatiblity","Act Like it!","BaseMod","Better Third Choice","Block Reminder","ChefMod","Colored Map","Colored Powertips","Downfall","Filter the Spire","Friendly Minions","Googly Eyes","Halation","Hallownest","Infinite Spire","Lobotomy","Luminous","Minty Spire (QoL Compilation)","Permanent Neow","Quick Restart","Rare Cards Sparkle","Replay The Spire","Robot Space Explorer","Shade Mod","Spire Birthday Party","StSLib","SuperFastMode","The Blue Laboratory","The Bug Knight","The Clintock","The Dragon Tamer","The Factory","The Jungle","TheVacant","vexMod"],"gold_per_floor":[99,74,59,59,79,94,167,167,167,167,167,183,193,193,212,308,308,308,320,334,350,350,350,350,365,365,379,74,86,111,60,71,71,71],"floor_reached":33,"playtime":1301,"items_purged":[],"score":239,"play_id":"14422251-816c-45f5-9eed-c8b3ad19a065","local_time":"20201219113935","is_ascension_mode":false,"campfire_choices":[{"data":"hexamod:Float","floor":4,"key":"SMITH"},{"floor":8,"key":"REST"},{"data":"hexamod:ThermalTransfer","floor":10,"key":"SMITH"},{"data":"hexamod:Defend","floor":18,"key":"SMITH"},{"floor":23,"key":"REST"}],"circlet_count":0,"master_deck":["hexamod:Strike+1","hexamod:Strike+1","hexamod:Strike+1","hexamod:Strike+1","hexamod:Defend+1","hexamod:Defend+1","hexamod:Defend+1","hexamod:Defend+1","hexamod:Sear+1","hexamod:Float+1","hexamod:SixthSeal","hexamod:Haunted","hexamod:DynamicBlow+1","hexamod:ThermalTransfer+1","hexamod:EmpoweredFlame+1","Languid","hexamod:StepThrough+1","hexamod:SwordOfDarkness+1","hexamod:NightmareGuise+1","hexamod:TimeWarp+1","hexamod:AdvancingGuard+1","hexamod:NightmareStrike+1","hexamod:Firestarter+1","Apotheosis+1","ReplayTheSpireMod:Doomed","hexamod:GhostOfSpireFuture+1","hexamod:HauntingEcho+1","hexamod:SoulSteal","hexamod:GhostOfSpirePast","Pain","hexamod:ShieldOfDarkness","hexamod:SpectersWail+1","hexamod:SpectersWail+1","hexamod:GhostLash+1"],"relics":["hexamod:SpiritBrand","Du-Vu Doll","Molten Egg 2","halation:PinkSoulGem","ReplayTheSpireMod:Ring of Addiction","Ring of Fury","White Beast Statue","Toy Ornithopter","Mango","Cursed Key","Mirror","infinitespire:Lucky Rock","HollowMod:PaleOreRelic","Dream Catcher"],"acts_visited":["Hallownest:Greenpath","TheCity"],"potions_floor_usage":[],"damage_taken":[{"damage":10,"enemies":"downfall:FleeingMerchant","floor":3,"turns":4},{"damage":1,"enemies":"Hallownest:2_MossCreeps","floor":5,"turns":5},{"damage":2,"enemies":"Hallownest:monsterHuskWarrior","floor":6,"turns":3},{"damage":15,"enemies":"Hallownest:2_Tiktiks_and_1_Crawlid","floor":12,"turns":6},{"damage":5,"enemies":"Hallownest:MossCreep_and_Mosskin","floor":13,"turns":4},{"damage":2,"enemies":"Hallownest:monsterAspidMother","floor":15,"turns":3},{"damage":29,"enemies":"downfall:Watcher","floor":16,"turns":7},{"damage":26,"enemies":"3 Byrds","floor":19,"turns":6},{"damage":0,"enemies":"Chosen","floor":20,"turns":3},{"damage":15,"enemies":"3 Cultists","floor":21,"turns":6},{"damage":0,"enemies":"Snake Plant","floor":25,"turns":3},{"damage":10,"enemies":"Centurion and Healer","floor":27,"turns":6},{"damage":1,"enemies":"downfall:FleeingMerchant","floor":28,"turns":4},{"damage":0,"enemies":"Chosen and Byrds","floor":29,"turns":4},{"damage":9,"enemies":"downfall:FleeingMerchant","floor":31,"turns":4},{"damage":18,"enemies":"Sentry and Sphere","floor":32,"turns":4},{"damage":25,"enemies":"downfall:Ironclad","floor":33,"turns":5}],"seed_played":"1454189990448286408","potions_obtained":[{"floor":6,"key":"Dexterity Potion"},{"floor":11,"key":"blueLaboratory:FrostheartPotion"},{"floor":11,"key":"blueLaboratory:HummingbirdPotion"},{"floor":11,"key":"champ:CounterPotion"},{"floor":12,"key":"Block Potion"}],"is_trial":false,"path_per_floor":["R_BF","?","$","R","M","M","T","R","?","R","?","M","M","T","M","B",null,"R","M","M","M","?","R","T","M","?","M","$","M","T","$","M","B"],"character_chosen":"THE_SPIRIT","items_purchased":["infinitespire:Lucky Rock","HollowMod:PaleOreRelic","hexamod:SpectersWail+1"],"campfire_rested":2,"item_purchase_floors":[28,28,31],"current_hp_per_floor":[70,70,60,60,59,57,57,70,70,70,70,55,50,64,62,33,82,80,54,54,39,39,62,62,62,62,52,51,51,51,42,24,0,0],"gold":71,"neow_bonus":"ONE_RANDOM_RARE_CARD","is_daily":false,"chose_seed":false,"campfire_upgraded":3,"win_rate":0.0,"timestamp":1608395975,"path_taken":["R_BF","?","$","R","M","M","T","R","?","R","?","M","?","?","M","BOSS","R","M","M","M","?","R","T","M","?","M","?","?","?","?","M","BOSS"],"items_purchased_type":["Relic","Relic","Card"],"build_version":"2020-12-13","purchased_purges":0,"victory":false,"max_hp_per_floor":[70,70,70,70,70,70,70,70,70,70,70,70,70,84,82,82,82,80,80,80,78,78,78,76,76,76,74,74,74,72,72,72,70,70],"card_choices":[{"not_picked":["hexamod:NightmareGuise","hexamod:Haunt"],"picked":"hexamod:DynamicBlow","floor":3},{"not_picked":["hexamod:Hexaguard","hexamod:NightmareStrike"],"picked":"hexamod:ThermalTransfer","floor":5},{"not_picked":["hexamod:Firestarter","hexamod:RetreatToShadows"],"picked":"hexamod:EmpoweredFlame","floor":6},{"not_picked":["hexamod:Again","hexamod:EmpoweredFlame"],"picked":"hexamod:StepThrough+1","floor":12},{"not_picked":["hexamod:NightmareGuise","hexamod:Incineration+1"],"picked":"hexamod:SwordOfDarkness+1","floor":13},{"not_picked":["hexamod:Hexaguard","hexamod:CatchUp"],"picked":"hexamod:NightmareGuise","floor":15},{"not_picked":["hexamod:FifthSeal","hexamod:HexaLevel"],"picked":"hexamod:TimeWarp+1","floor":16},{"not_picked":["hexamod:NightmareStrike+1","hexamod:HauntingEcho+1"],"picked":"hexamod:AdvancingGuard+1","floor":19},{"not_picked":["hexamod:InspiringFlames+1","hexamod:Haunt"],"picked":"hexamod:NightmareStrike+1","floor":20},{"not_picked":["hexamod:Incineration+1","hexamod:CatchUp"],"picked":"hexamod:Firestarter+1","floor":21},{"not_picked":["hexamod:BurningTouch","hexamod:RetreatToShadows+1"],"picked":"hexamod:GhostOfSpireFuture","floor":25},{"not_picked":["hexamod:FirstSeal","hexamod:RainOfEmbers+1"],"picked":"hexamod:HauntingEcho+1","floor":27},{"not_picked":["hexamod:NecessarySacrifice","hexamod:SixthSeal"],"picked":"hexamod:SoulSteal","floor":28},{"not_picked":["hexamod:HauntingEcho+1","hexamod:NightmareGuise"],"picked":"hexamod:GhostOfSpirePast","floor":29},{"not_picked":["hexamod:GhostOfSpireFuture","hexamod:SwordOfDarkness+1"],"picked":"hexamod:ShieldOfDarkness","floor":31},{"not_picked":["hexamod:StepThrough+1","hexamod:DynamicBlow+1"],"picked":"hexamod:GhostLash+1","floor":32}],"player_experience":43360,"relics_obtained":[{"floor":7,"key":"Molten Egg 2"},{"floor":11,"key":"ReplayTheSpireMod:Ring of Addiction"},{"floor":11,"key":"Ring of Fury"},{"floor":11,"key":"White Beast Statue"},{"floor":11,"key":"Toy Ornithopter"},{"floor":14,"key":"Mango"},{"floor":24,"key":"Mirror"},{"floor":30,"key":"Dream Catcher"}],"event_choices":[],"is_beta":false,"boss_relics":[{"not_picked":["vexMod:TanglingVine","ChewingGum"],"picked":"Cursed Key"}],"items_purged_floors":[],"is_endless":false,"potions_floor_spawned":[6,12,13,15,16,19,20,21,25,27,28,29,31,32],"killed_by":"downfall:Ironclad","ascension_level":0}}