{"host":"51f0ad793vly1w6u","time":1608370197,"event":{"mods":["BaseMod","Colored Map","DeckTracker","Minty Spire (QoL Compilation)","StSLib","SuperFastMode"],"gold_per_floor":[117,135,151,163,175,175,195,195,241,259,259,259,259,103,103,198,198,179,192,192,192,192],"floor_reached":21,"playtime":379,"items_purged":["Strike_G"],"score":346,"play_id":"59daf2a4-f4cc-4ccf-ab29-65969c7ed01c","local_time":"20201219182957","is_ascension_mode":true,"campfire_choices":[{"floor":6.0,"key":"REST"},{"data":"Deadly Poison","floor":11.0,"key":"SMITH"},{"floor":15.0,"key":"REST"}],"circlet_count":0,"master_deck":["AscendersBane","Strike_G","Strike_G","Strike_G+1","Defend_G","Defend_G","Defend_G","Defend_G","Survivor","Neutralize+1","Deadly Poison+1","Dagger Spray+1","Burst","Tactician","Noxious Fumes","Night Terror","Prepared"],"relics":["Ring of the Snake","Whetstone","Bloody Idol","Velvet Choker"],"acts_visited":["Exordium","TheCity"],"potions_floor_usage":[],"damage_taken":[{"damage":2.0,"enemies":"2 Louse","floor":1.0,"turns":3.0},{"damage":0.0,"enemies":"Small Slimes","floor":2.0,"turns":3.0},{"damage":4.0,"enemies":"Jaw Worm","floor":3.0,"turns":4.0},{"damage":20.0,"enemies":"Exordium Wildlife","floor":4.0,"turns":6.0},{"damage":13.0,"enemies":"Large Slime","floor":5.0,"turns":7.0},{"damage":8.0,"enemies":"3 Louse","floor":7.0,"turns":3.0},{"damage":0.0,"enemies":"Lots of Slimes","floor":10.0,"turns":1.0},{"damage":29.0,"enemies":"The Guardian","floor":16.0,"turns":9.0},{"damage":13,"enemies":"2 Thieves","floor":18,"turns":4},{"damage":27,"enemies":"Shell Parasite","floor":19,"turns":7},{"damage":8,"enemies":"Snake Plant","floor":21,"turns":1}],"seed_played":"-5270498389723659503","potions_obtained":[{"floor":2.0,"key":"DuplicationPotion"},{"floor":3.0,"key":"AttackPotion"},{"floor":4.0,"key":"Fire Potion"}],"is_trial":false,"path_per_floor":["M","M","M","M","M","R","M","?","T","M","R","?","?","$","R","B",null,"M","M","?","M"],"character_chosen":"THE_SILENT","items_purchased":["Noxious Fumes"],"campfire_rested":2,"item_purchase_floors":[14],"current_hp_per_floor":[42,42,38,18,5,24,16,16,16,16,16,16,16,16,34,5,46,33,6,6,0,0],"gold":192,"neow_bonus":"REMOVE_TWO","is_daily":false,"chose_seed":false,"campfire_upgraded":1,"win_rate":0.0,"timestamp":1608370197,"path_taken":["M","M","M","M","M","R","M","?","T","M","R","?","?","$","R","BOSS","M","M","?","M"],"items_purchased_type":["Card"],"build_version":"2020-12-13","purchased_purges":1,"victory":false,"max_hp_per_floor":[66,66,66,66,66,66,66,66,66,66,66,66,60,60,60,60,60,60,60,60,60,60],"card_choices":[{"not_picked":["Cloak And Dagger","Blade Dance"],"picked":"Deadly Poison","floor":1.0},{"not_picked":["Acrobatics","Riddle With Holes"],"picked":"Dagger Spray","floor":2.0},{"not_picked":["Outmaneuver","Flechettes","Setup"],"picked":"SKIP","floor":3.0},{"not_picked":["Dodge and Roll","Backflip"],"picked":"Burst","floor":4.0},{"not_picked":["Acrobatics","Deflect","Underhanded Strike"],"picked":"SKIP","floor":5.0},{"not_picked":["Deadly Poison","Dodge and Roll"],"picked":"Tactician","floor":7.0},{"not_picked":["Dodge and Roll","Concentrate","Burst"],"picked":"SKIP","floor":10.0},{"not_picked":["Die Die Die","Phantasmal Killer"],"picked":"Night Terror","floor":16.0},{"not_picked":["Deadly Poison","Eviscerate"],"picked":"Prepared","floor":18},{"not_picked":["Quick Slash","Underhanded Strike","Flechettes"],"picked":"SKIP","floor":19}],"player_experience":1368232,"relics_obtained":[{"floor":9.0,"key":"Whetstone"}],"event_choices":[{"damage_healed":0.0,"max_hp_gain":0.0,"max_hp_loss":0.0,"gold_gain":0.0,"event_name":"Liars Game","player_choice":"Ignored","floor":8.0,"gold_loss":0.0,"damage_taken":0.0},{"damage_healed":0.0,"max_hp_gain":0.0,"max_hp_loss":0.0,"gold_gain":0.0,"event_name":"Living Wall","player_choice":"Grow","floor":12.0,"gold_loss":0.0,"damage_taken":0.0,"cards_upgraded":["Neutralize"]},{"damage_healed":0.0,"max_hp_gain":0.0,"max_hp_loss":6.0,"gold_gain":0.0,"event_name":"Golden Idol","player_choice":"Lose Max HP","floor":13.0,"gold_loss":0.0,"damage_taken":0.0,"relics_obtained":["Golden Idol"]},{"damage_healed":0,"gold_gain":0,"player_choice":"Gave Idol","damage_taken":0,"relics_obtained":["Bloody Idol"],"max_hp_gain":0,"max_hp_loss":0,"event_name":"Forgotten Altar","floor":20,"relics_lost":["Golden Idol"],"gold_loss":0}],"is_beta":false,"boss_relics":[{"not_picked":["Runic Dome","HoveringKite"],"picked":"Velvet Choker"}],"items_purged_floors":[14],"is_endless":false,"potions_floor_spawned":[2,3,4],"killed_by":"Snake Plant","ascension_level":20}}