{"host":"h792lphzw6wlba86","time":1608344634,"event":{"mods":["AchievementEnabler","Aspiration","BaseMod","Better Altar","Better Match","Better Note","Better Sensory Stone","Better Skull","Better Third Choice","BetterRewards","CCEM","Colored Map","Conspire","Downfall","GifTheSpireLib","Googly Eyes","Halation","Highlight Path","Hubris","Hunter ??","Jedi Mod","Mimic Mod","Minty Spire (QoL Compilation)","Permanent Neow","Replay The Spire","Shop Mod","Spicy Shops","StSLib","Stuff the Spire","The Jungle","Unceasing Turn Reminder","everything is the same but u backflip on backflip","slay the spire mod where everything is the same but ironclad has a cowboy hat"],"gold_per_floor":[199,234,248,248,279,293,317,317,343,328,343,356,356,373,383,482,482,482,496,496,567,567,635,635,710,485,560,560,560,655,747,805,1029,1029,1029,1097,1097,1167,1167,1219,1290,1290,1359,1359,1414,1511,1569,1569,1625,1745],"floor_reached":51,"playtime":5578,"items_purged":[],"score":1081,"play_id":"20ff7d0d-5ede-46e8-9afb-678ed23cea46","local_time":"20201218202354","is_ascension_mode":true,"campfire_choices":[{"data":"hexamod:Sear","floor":1.0,"key":"SMITH"},{"floor":8.0,"key":"REST"},{"floor":18.0,"key":"RECALL"},{"floor":22.0,"key":"REST"},{"floor":26.0,"key":"REST"},{"data":"hexamod:ThermalTransfer","floor":28.0,"key":"SMITH"},{"data":"hexamod:Hexaguard","floor":35,"key":"SMITH"},{"floor":39,"key":"REST"},{"floor":42,"key":"REST"},{"floor":44,"key":"REST"}],"circlet_count":0,"master_deck":["hexamod:Strike+1","hexamod:Strike+1","hexamod:Strike+1","hexamod:Strike+1","hexamod:Defend+1","hexamod:Defend+1","hexamod:Defend+1","hexamod:Defend","hexamod:Sear+1","hexamod:Float+1","hexamod:RecurringNightmare+1","hexamod:ThermalTransfer+1","hexamod:FastForward+1","hexamod:ThirdSeal","hexamod:Haunt","hexamod:TimeWarp+1","hexamod:RecurringNightmare+1","hexamod:SoulSteal+1","hexamod:ThermalTransfer+1","hexamod:Hexaguard+1","hexamod:FirstSeal","hexamod:Hexaguard+1","hexamod:FlamesFromBeyond+1","hexamod:FlamesFromBeyond+1","hexamod:SixthSeal","hexamod:SearingWound+1","hexamod:Hexaguard+1","hexamod:ThermalTransfer+1","hexamod:FirstSeal","hexamod:SuperheatedStrike+1","hexamod:BurningTouch+1","hexamod:ThermalTransfer+1","hexamod:Rewind+1","hexamod:WildfireWeapon+1","hexamod:FirstSeal","hexamod:PhantomCloak+1","hexamod:ExtraCrispy","hexamod:PowerFromBeyond+1","Delirium"],"relics":["Replay:Wanted Poster","hubris:Zylophone","Ornamental Fan","Black Star","downfall:KnowingSkull","hubris:FunFungus","StuffTheSpire:ForceGauntlet","CCEMRelics:Pendulum","Lantern","aspiration:FetidBarrel","Pantograph","jedi:kaleidoscope","downfall:HeartBlessingGreen","downfall:HeartBlessingRed","downfall:HeartBlessingBlue","Dream Catcher","Nunchaku","Nloth\u0027s Gift","halation:Yufonium","jedi:crownofsimplicity","Du-Vu Doll","Gremlin Food","CCEMRelics:FryingPan","jedi:purplefairy","Orichalcum","Mummified Hand","ReplayTheSpireMod:Ring of Collecting","ReplayTheSpireMod:Ring of Addiction","Toy Ornithopter","SacredBark"],"acts_visited":["Exordium","TheCity","TheBeyond"],"potions_floor_usage":[36,49],"damage_taken":[{"damage":26.0,"enemies":"Lagavulin","floor":2.0,"turns":6.0},{"damage":1.0,"enemies":"Cultist","floor":3.0,"turns":3.0},{"damage":17.0,"enemies":"Gremlin Nob","floor":5.0,"turns":4.0},{"damage":3.0,"enemies":"Small Slimes","floor":6.0,"turns":3.0},{"damage":14.0,"enemies":"3 Sentries","floor":9.0,"turns":9.0},{"damage":5.0,"enemies":"downfall:FleeingMerchant","floor":10.0,"turns":4.0},{"damage":5.0,"enemies":"Jaw Worm","floor":11.0,"turns":3.0},{"damage":0.0,"enemies":"Lots of Slimes","floor":12.0,"turns":3.0},{"damage":5.0,"enemies":"2 Fungi Beasts","floor":14.0,"turns":3.0},{"damage":8.0,"enemies":"Exordium Thugs","floor":15.0,"turns":3.0},{"damage":5.0,"enemies":"downfall:Ironclad","floor":16.0,"turns":8.0},{"damage":14.0,"enemies":"Spheric Guardian","floor":19.0,"turns":4.0},{"damage":40.0,"enemies":"Gremlin Leader","floor":21.0,"turns":4.0},{"damage":11.0,"enemies":"Replay:Snechameleon","floor":23.0,"turns":9.0},{"damage":3.0,"enemies":"conspire:SneckoGhost","floor":25.0,"turns":6.0},{"damage":3.0,"enemies":"conspire:Head Lice","floor":27.0,"turns":5.0},{"damage":6.0,"enemies":"conspire:HollyBat","floor":30.0,"turns":6.0},{"damage":6.0,"enemies":"3 Cultists","floor":31.0,"turns":5.0},{"damage":14.0,"enemies":"Sentry and Sphere","floor":32.0,"turns":5.0},{"damage":36.0,"enemies":"downfall:Defect","floor":33.0,"turns":7.0},{"damage":56,"enemies":"Nemesis","floor":36,"turns":7},{"damage":50,"enemies":"Giant Head","floor":38,"turns":9},{"damage":11,"enemies":"3 Shapes","floor":40,"turns":5},{"damage":5,"enemies":"Orb Walker","floor":41,"turns":6},{"damage":19,"enemies":"R_Hoarder","floor":43,"turns":6},{"damage":3,"enemies":"Orb Walker","floor":45,"turns":2},{"damage":20,"enemies":"3 Darklings","floor":46,"turns":3},{"damage":18,"enemies":"Sphere and 2 Shapes","floor":47,"turns":5},{"damage":6,"enemies":"Writhing Mass","floor":49,"turns":3},{"damage":9,"enemies":"downfall:Watcher","floor":50,"turns":8}],"seed_played":"6604062381188146294","potions_obtained":[{"floor":3.0,"key":"LifebloodPotion"},{"floor":14.0,"key":"Elixir"},{"floor":15.0,"key":"Dexterity Potion"},{"floor":16.0,"key":"LiquidBronze"},{"floor":19.0,"key":"Dexterity Potion"},{"floor":30.0,"key":"jedi:hoardpotion"},{"floor":32.0,"key":"Energy Potion"},{"floor":33.0,"key":"LiquidMemories"},{"floor":45,"key":"hexamod:InfernoChargePotion"},{"floor":46,"key":"FearPotion"},{"floor":48,"key":"Adrenaline Potion"},{"floor":49,"key":"Block Potion"}],"is_trial":false,"path_per_floor":["R","E","M","?","E","M","T","R","E","$","M","M","?","M","M","B",null,"R","M","?","E","R","E","T","E","R","E","R","?","M","M","M","B",null,"R","E","?","E","R","M","MIM","R","E","R","M","M","M","?","M","B",null],"character_chosen":"THE_SPIRIT","items_purchased":[],"campfire_rested":6,"item_purchase_floors":[],"current_hp_per_floor":[70,44,43,43,26,23,23,44,30,25,20,20,20,22,21,23,70,70,56,49,16,37,34,34,39,73,80,80,80,80,80,80,59,80,80,50,50,26,50,59,80,80,80,80,80,71,80,80,80,80],"gold":1745,"neow_bonus":"BOSS_RELIC","is_daily":false,"chose_seed":false,"campfire_upgraded":3,"win_rate":0.0,"timestamp":1608344634,"path_taken":["R","E","M","?","E","M","T","R","E","$","M","M","?","M","M","BOSS","R","M","?","E","R","E","T","E","R","E","?","?","M","?","M","BOSS","R","E","?","E","R","M","MIM","R","E","R","M","M","?","?","M","BOSS"],"items_purchased_type":[],"build_version":"2020-12-13","purchased_purges":0,"victory":true,"max_hp_per_floor":[70,70,70,70,70,70,70,70,70,70,70,70,70,70,70,70,70,70,70,70,70,70,70,70,70,80,80,80,80,80,80,80,80,80,80,80,80,80,80,80,80,80,80,80,80,80,80,80,80,80],"card_choices":[{"not_picked":["hexamod:BacktrackSmack","hexamod:SwordOfDarkness"],"picked":"hexamod:RecurringNightmare","floor":2.0},{"not_picked":["hexamod:HauntingEcho","hexamod:GhostOfSpirePresent"],"picked":"hexamod:ThermalTransfer","floor":3.0},{"not_picked":["hexamod:SwordOfDarkness","hexamod:NightmareGuise"],"picked":"hexamod:FastForward","floor":5.0},{"not_picked":["hexamod:HeatCrush","hexamod:SpectralSpark"],"picked":"hexamod:ThirdSeal","floor":6.0},{"not_picked":["hexamod:AdvancingGuard","hexamod:GhostOfSpireFuture"],"picked":"hexamod:Haunt","floor":9.0},{"not_picked":["hexamod:SwordOfDarkness","hexamod:HauntingEcho"],"picked":"hexamod:TimeWarp","floor":9.0},{"not_picked":["hexamod:GhostLash","hexamod:InspiringFlames"],"picked":"hexamod:RecurringNightmare","floor":10.0},{"not_picked":["hexamod:SwordOfDarkness","hexamod:Haunt"],"picked":"hexamod:SoulSteal","floor":10.0},{"not_picked":["hexamod:Again","hexamod:StepThrough"],"picked":"hexamod:ThermalTransfer","floor":11.0},{"not_picked":["hexamod:EmpoweredFlame","hexamod:HeatCrush"],"picked":"hexamod:Hexaguard","floor":11.0},{"not_picked":["hexamod:NightmareGuise","hexamod:EtherealExpedition"],"picked":"hexamod:FirstSeal","floor":12.0},{"not_picked":["hexamod:AdvancingGuard","hexamod:HeatMetal","hexamod:EtherealExpedition"],"picked":"SKIP","floor":12.0},{"not_picked":["hexamod:PowerFromBeyond","hexamod:SpectersWail"],"picked":"hexamod:Hexaguard","floor":14.0},{"not_picked":["hexamod:CatchUp","hexamod:FastForward","hexamod:BacktrackSmack"],"picked":"SKIP","floor":14.0},{"not_picked":["hexamod:CatchUp","hexamod:FastForward","hexamod:BacktrackSmack"],"picked":"SKIP","floor":14.0},{"not_picked":["hexamod:HeatCrush","hexamod:PhantomFireball"],"picked":"hexamod:FlamesFromBeyond","floor":15.0},{"not_picked":["hexamod:RainOfEmbers","hexamod:ChargedBarrage"],"picked":"hexamod:FlamesFromBeyond","floor":15.0},{"not_picked":["hexamod:ParanormalForm","hexamod:Toasty"],"picked":"hexamod:SixthSeal","floor":16.0},{"not_picked":["hexamod:SixthSeal","hexamod:Toasty"],"picked":"hexamod:SearingWound","floor":16.0},{"not_picked":["hexamod:NightmareGuise+1","hexamod:GhostLash","hexamod:SwordOfDarkness"],"picked":"SKIP","floor":19.0},{"not_picked":["hexamod:InspiringFlames","hexamod:NightmareStrike","hexamod:GhostOfSpireFuture"],"picked":"SKIP","floor":19.0},{"not_picked":["hexamod:RainOfEmbers","hexamod:ThirdSeal"],"picked":"hexamod:Hexaguard","floor":21.0},{"not_picked":["hexamod:Incineration+1","hexamod:ChargedBarrage","hexamod:GhostOfSpirePresent"],"picked":"SKIP","floor":21.0},{"not_picked":["hexamod:SpectralSpark","hexamod:EtherealExpedition+1","hexamod:InspiringFlames"],"picked":"SKIP","floor":23.0},{"not_picked":["hexamod:HeatMetal","hexamod:RadiantFlame","hexamod:RetreatToShadows"],"picked":"SKIP","floor":23.0},{"not_picked":["hexamod:SkipABeat+1","hexamod:InspiringFlames"],"picked":"hexamod:ThermalTransfer+1","floor":25.0},{"not_picked":["hexamod:Rewind","hexamod:NightmareGuise"],"picked":"hexamod:FirstSeal","floor":25.0},{"not_picked":["hexamod:NightmareStrike","hexamod:FirstSeal"],"picked":"hexamod:SuperheatedStrike","floor":27.0},{"not_picked":["hexamod:PowerFromBeyond+1","hexamod:HauntingEcho"],"picked":"hexamod:BurningTouch+1","floor":27.0},{"not_picked":["hexamod:Hexaguard+1","hexamod:SpectralSpark"],"picked":"hexamod:ThermalTransfer+1","floor":30.0},{"not_picked":["hexamod:RainOfEmbers","hexamod:Firestarter+1","hexamod:NightmareStrike"],"picked":"SKIP","floor":30.0},{"not_picked":["hexamod:StepThrough","hexamod:FlamesFromBeyond"],"picked":"hexamod:Rewind+1","floor":31.0},{"not_picked":["hexamod:HauntingEcho","hexamod:RainOfEmbers+1","hexamod:BacktrackSmack+1"],"picked":"SKIP","floor":31.0},{"not_picked":["hexamod:ParanormalForm","hexamod:RainOfEmbers","hexamod:FastForward"],"picked":"SKIP","floor":32.0},{"not_picked":["hexamod:NightmareGuise","hexamod:FirstSeal","hexamod:InspiringFlames"],"picked":"SKIP","floor":32.0},{"not_picked":["hexamod:EmpoweringStance","hexamod:Toasty"],"picked":"hexamod:WildfireWeapon","floor":33.0},{"not_picked":["hexamod:NecessarySacrifice","hexamod:ThirdSeal","hexamod:UnleashSpirits"],"picked":"SKIP","floor":36},{"not_picked":["hexamod:SearingWound","hexamod:HeatCrush+1","hexamod:ChargedBarrage+1"],"picked":"SKIP","floor":36},{"not_picked":["hexamod:Again","hexamod:ChargedBarrage","hexamod:HauntingEcho"],"picked":"SKIP","floor":38},{"not_picked":["hexamod:GhostShield","hexamod:AdvancingGuard","hexamod:TimeWarp"],"picked":"SKIP","floor":38},{"not_picked":["hexamod:GhostflameInferno","hexamod:DynamicBlow"],"picked":"hexamod:FirstSeal","floor":40},{"not_picked":["hexamod:AdvancingGuard+1","hexamod:EmpoweredFlame","hexamod:BurningTouch+1"],"picked":"SKIP","floor":40},{"not_picked":["hexamod:Hexaguard","hexamod:HauntingEcho"],"picked":"hexamod:PhantomCloak+1","floor":41},{"not_picked":["hexamod:HauntingEcho","hexamod:NightmareGuise","hexamod:SkipABeat+1"],"picked":"SKIP","floor":43},{"not_picked":["hexamod:PowerFromBeyond","hexamod:FlamesFromBeyond+1","hexamod:ApocalypticArmor"],"picked":"SKIP","floor":43},{"not_picked":["hexamod:StepThrough+1","hexamod:RadiantFlame+1","hexamod:RainOfEmbers+1"],"picked":"SKIP","floor":45},{"not_picked":["hexamod:AdvancingGuard","hexamod:RainOfEmbers","hexamod:FastForward"],"picked":"SKIP","floor":45},{"not_picked":["hexamod:SwordOfDarkness","hexamod:ChargedBarrage"],"picked":"hexamod:ExtraCrispy","floor":46},{"not_picked":["hexamod:GhostLash","hexamod:HauntingEcho","hexamod:SkipABeat"],"picked":"SKIP","floor":46},{"not_picked":["hexamod:CatchUp","hexamod:GhostOfSpirePresent"],"picked":"hexamod:PowerFromBeyond+1","floor":47},{"not_picked":["hexamod:HauntingEcho","hexamod:ApocalypseNow","hexamod:CatchUp"],"picked":"SKIP","floor":47},{"not_picked":["hexamod:GhostOfSpireFuture+1","hexamod:SpectersWail","hexamod:RainOfEmbers"],"picked":"SKIP","floor":49}],"player_experience":631018,"relics_obtained":[{"floor":2.0,"key":"hubris:Zylophone"},{"floor":5.0,"key":"jedi:arcanewood"},{"floor":9.0,"key":"Ornamental Fan"},{"floor":21.0,"key":"hubris:FunFungus"},{"floor":21.0,"key":"StuffTheSpire:ForceGauntlet"},{"floor":23.0,"key":"CCEMRelics:Pendulum"},{"floor":23.0,"key":"Lantern"},{"floor":24.0,"key":"aspiration:FetidBarrel"},{"floor":25.0,"key":"Pantograph"},{"floor":25.0,"key":"jedi:kaleidoscope"},{"floor":27.0,"key":"Dream Catcher"},{"floor":27.0,"key":"Nunchaku"},{"floor":36,"key":"jedi:crownofsimplicity"},{"floor":36,"key":"Du-Vu Doll"},{"floor":38,"key":"Gremlin Food"},{"floor":38,"key":"CCEMRelics:FryingPan"},{"floor":41,"key":"jedi:purplefairy"},{"floor":43,"key":"Orichalcum"},{"floor":43,"key":"Mummified Hand"},{"floor":48,"key":"ReplayTheSpireMod:Ring of Collecting"},{"floor":48,"key":"ReplayTheSpireMod:Ring of Addiction"},{"floor":48,"key":"Toy Ornithopter"},{"floor":48,"key":"SacredBark"}],"event_choices":[{"damage_healed":0.0,"max_hp_gain":0.0,"max_hp_loss":0.0,"gold_gain":0.0,"event_name":"conspire:LoneGhost","player_choice":"Disagree","floor":4.0,"gold_loss":0.0,"damage_taken":0.0},{"damage_healed":0.0,"max_hp_gain":0.0,"max_hp_loss":0.0,"gold_gain":0.0,"event_name":"betterThird:BetterScrap","player_choice":"LEAVE","floor":13.0,"gold_loss":0.0,"damage_taken":0.0,"cards_obtained":["jedi:studyshivs"]}],"is_beta":false,"boss_relics":[{"not_picked":["hubris:Stopwatch","hubris:VirtuousBlindfold"],"picked":"Black Star"},{"not_picked":["conspire:RoyalGoblet","halation:PlatinumPhoenix"],"picked":"halation:Yufonium"}],"items_purged_floors":[],"is_endless":false,"potions_floor_spawned":[3,14,15,16,19,30,32,33,45,46,49],"ascension_level":1}}