{"host":"ggy1mjjy92c62u6a","time":1608346844,"event":{"mods":["ATMod(°¢èªMod)","BaseMod","Colored Powertips","Minty Spire (QoL Compilation)","Quick Restart","Shop Mod","Spicy Shops","StSLib"],"gold_per_floor":[117,117,67,27,202,202,49,49,49],"floor_reached":8,"playtime":209,"items_purged":["Strike_G"],"score":46,"play_id":"17d37ff6-f8b2-4529-a922-09100aa61316","local_time":"20201219110044","is_ascension_mode":true,"campfire_choices":[{"data":"AT_Dispersion","floor":6,"key":"SMITH"}],"circlet_count":0,"master_deck":["Strike_G","Strike_G","Strike_G","Strike_G","Defend_G","Defend_G","Defend_G","Defend_G","Survivor","Neutralize","Purity","AT_Dispersion+1","Escape Plan","Doubt"],"relics":["Ring of the Snake","AT_ATBox","Golden Idol","Juzu Bracelet"],"acts_visited":["Exordium"],"potions_floor_usage":[],"damage_taken":[{"damage":10,"enemies":"Small Slimes","floor":1,"turns":4},{"damage":49,"enemies":"Gremlin Nob","floor":8,"turns":6}],"seed_played":"1791863429054232935","potions_obtained":[],"is_trial":false,"path_per_floor":["M","?","?","$","?","R","$","E"],"character_chosen":"THE_SILENT","items_purchased":["Escape Plan","Juzu Bracelet"],"campfire_rested":0,"item_purchase_floors":[4,7],"current_hp_per_floor":[60,43,43,43,43,43,43,0,0],"gold":49,"neow_bonus":"RANDOM_COLORLESS","is_daily":false,"chose_seed":false,"campfire_upgraded":1,"win_rate":0.0,"timestamp":1608346844,"path_taken":["M","?","?","$","?","R","?","E"],"items_purchased_type":["Card","Relic"],"build_version":"2020-12-13","purchased_purges":1,"victory":false,"max_hp_per_floor":[70,70,70,70,70,70,70,70,70],"card_choices":[{"not_picked":["Trip","AT_PowerWithin"],"picked":"Purity","floor":0},{"not_picked":["Choke","Crippling Poison","Dagger Throw"],"picked":"SKIP","floor":1}],"player_experience":29097,"relics_obtained":[],"event_choices":[{"damage_healed":0,"gold_gain":0,"player_choice":"Take Damage","damage_taken":17,"relics_obtained":["Golden Idol"],"max_hp_gain":0,"max_hp_loss":0,"event_name":"Golden Idol","floor":2,"gold_loss":0},{"cards_removed":["Defend_G"],"damage_healed":0,"gold_gain":0,"player_choice":"Card Removal","damage_taken":0,"max_hp_gain":0,"max_hp_loss":0,"event_name":"The Cleric","floor":3,"gold_loss":50},{"damage_healed":0,"gold_gain":175,"player_choice":"AGREE","damage_taken":0,"max_hp_gain":0,"max_hp_loss":0,"event_name":"Liars Game","floor":5,"gold_loss":0,"cards_obtained":["Doubt"]}],"is_beta":false,"boss_relics":[],"items_purged_floors":[7],"is_endless":false,"potions_floor_spawned":[],"killed_by":"Gremlin Nob","ascension_level":2}}