{"host":"v4s5k3c6jywmeofl","time":1608408323,"event":{"mods":["Act Like it!","BaseMod","Colored Map","Downfall","Gensokyo","Hallownest","Hermit","Marisa????????","Minty Spire (QoL Compilation)","Quick Restart","Random Character Button","Rare Cards Sparkle","Replay The Spire","StSLib","The Animator","The Bug Knight","The Cursed","The Hierophant","The Servant 0.9.4"],"gold_per_floor":[135,135,148,168,118,118,132,174,252,285,285,310,336,261,261,361,361,380,87,100,100,113,113,129,129,129],"floor_reached":25,"playtime":1630,"items_purged":["Hallownest:curseDreamersLament","animator:Strike"],"score":270,"play_id":"3021f52a-f5fa-4195-b69a-7d0a1b7c182f","local_time":"20201219150523","is_ascension_mode":true,"campfire_choices":[{"data":"animator:Add","floor":6,"key":"SMITH"},{"floor":15,"key":"REST"},{"floor":23,"key":"REST"}],"circlet_count":0,"master_deck":["animator:Strike_Elsword","animator:Defend_Elsword","animator:Strike","animator:Strike","animator:Defend","animator:Defend","animator:Chung","animator:Raven","animator:ChaikaTrabant","animator:Add+1","animator:Aisha","animator:Ain","animator:Raven","animator:SakuraMatou","animator:Chung","animator:RinTohsaka","animator:Archer","animator:Arpeggio","animator:DwarfShaman","animator:Ciel"],"relics":["animator:LivingPicture","animator:TheMissingPiece","animator:PurgingStone","WarpedTongs","Nunchaku","Replay:Baseball","Replay:Towering Pillar of Hats","animator:HolyGrailRelic","Blood Vial"],"acts_visited":["Exordium","TheCity"],"potions_floor_usage":[],"damage_taken":[{"damage":1,"enemies":"2 Louse","floor":1,"turns":3},{"damage":3,"enemies":"Cultist","floor":3,"turns":3},{"damage":4,"enemies":"Small Slimes","floor":4,"turns":4},{"damage":1,"enemies":"Looter","floor":7,"turns":3},{"damage":8,"enemies":"3 Sentries","floor":8,"turns":9},{"damage":30,"enemies":"Lagavulin","floor":10,"turns":7},{"damage":3,"enemies":"Blue Slaver","floor":12,"turns":4},{"damage":14,"enemies":"Gremlin Nob","floor":13,"turns":4},{"damage":20,"enemies":"The Guardian","floor":16,"turns":9},{"damage":8,"enemies":"Chosen","floor":18,"turns":4},{"damage":24,"enemies":"3 Byrds","floor":20,"turns":7},{"damage":31,"enemies":"Snake Plant","floor":22,"turns":5},{"damage":15,"enemies":"Centurion and Healer","floor":24,"turns":7},{"damage":50,"enemies":"3 Cultists","floor":25,"turns":4}],"seed_played":"-664891056421957960","potions_obtained":[{"floor":1,"key":"BlessingOfTheForge"},{"floor":4,"key":"Death Potion"},{"floor":7,"key":"FearPotion"},{"floor":8,"key":"Fire Potion"}],"is_trial":false,"path_per_floor":["M","?","M","M","?","R","M","E","T","E","?","M","E","$","R","B",null,"M","$","M","?","M","R","M","M"],"character_chosen":"THE_ANIMATOR","items_purchased":["Blood Vial","animator:Archer"],"campfire_rested":2,"item_purchase_floors":[19,19],"current_hp_per_floor":[65,65,62,58,58,58,58,50,50,20,42,39,25,25,45,25,75,70,70,50,50,23,47,37,0,0],"gold":129,"neow_bonus":"THREE_RARE_CARDS","is_daily":false,"chose_seed":false,"campfire_upgraded":1,"win_rate":0.0,"timestamp":1608408323,"path_taken":["M","?","M","?","?","R","M","E","T","E","?","M","E","$","R","BOSS","M","$","M","?","M","R","M","M"],"items_purchased_type":["Relic","Card"],"build_version":"2020-12-13","purchased_purges":2,"victory":false,"max_hp_per_floor":[66,66,66,66,66,66,67,67,67,67,67,67,67,67,67,67,75,78,78,80,80,82,82,85,85,85],"card_choices":[{"not_picked":["animator:HomuraAkemi","animator:MadokaKaname"],"picked":"animator:ChaikaTrabant","floor":0},{"not_picked":["animator:YuiTsuruno","animator:ChaikaBohdan"],"picked":"animator:Add","floor":1},{"not_picked":["animator:DolaRiku","animator:OrikoMikuni","animator:YuiTsuruno"],"picked":"SKIP","floor":3},{"not_picked":["animator:Mitsuba","animator:PinaCoLada","animator:KyokoSakura"],"picked":"SKIP","floor":4},{"not_picked":["animator:Add","animator:Chung"],"picked":"animator:Aisha","floor":7},{"not_picked":["animator:YachiyoNanami","animator:ChlammyZell"],"picked":"animator:Ain","floor":8},{"not_picked":["animator:Saber","animator:Assassin"],"picked":"animator:Raven","floor":10},{"not_picked":["animator:Ara","animator:Illya"],"picked":"animator:SakuraMatou","floor":12},{"not_picked":["animator:Rena","animator:Elsword"],"picked":"animator:Chung","floor":13},{"not_picked":["animator:Ara","animator:Mitsuba"],"picked":"animator:RinTohsaka","floor":18},{"not_picked":["animator:SilverFang","animator:Geryuganshoop"],"picked":"animator:Arpeggio","floor":20},{"not_picked":["animator:Melzalgald","animator:Boros"],"picked":"animator:DwarfShaman","floor":22},{"not_picked":["animator:Elsword","animator:Aisha"],"picked":"animator:Ciel","floor":24}],"player_experience":82995,"relics_obtained":[{"floor":8,"key":"Nunchaku"},{"floor":10,"key":"Replay:Baseball"},{"floor":13,"key":"Replay:Towering Pillar of Hats"}],"event_choices":[{"damage_healed":0,"gold_gain":0,"player_choice":"Rummage","damage_taken":0,"relics_obtained":["WarpedTongs"],"max_hp_gain":0,"max_hp_loss":0,"event_name":"Accursed Blacksmith","floor":2,"gold_loss":0,"cards_obtained":["Pain"]},{"cards_removed":["Pain"],"damage_healed":0,"gold_gain":0,"player_choice":"Card Removal","damage_taken":0,"max_hp_gain":0,"max_hp_loss":0,"event_name":"The Cleric","floor":5,"gold_loss":50},{"damage_healed":22,"gold_gain":0,"player_choice":"Banana","damage_taken":0,"max_hp_gain":0,"max_hp_loss":0,"event_name":"Big Fish","floor":11,"gold_loss":0},{"cards_removed":["animator:Defend"],"damage_healed":0,"gold_gain":0,"player_choice":"Elegance","damage_taken":0,"max_hp_gain":0,"max_hp_loss":0,"event_name":"Back to Basics","floor":21,"gold_loss":0}],"is_beta":false,"boss_relics":[{"not_picked":["Busted Crown","SacredBark"],"picked":"animator:HolyGrailRelic"}],"items_purged_floors":[14,19],"is_endless":false,"potions_floor_spawned":[1,4,7,8,13,20,24],"killed_by":"3 Cultists","ascension_level":2}}