{"host":"rolltorest","time":1608417775,"event":{"mods":["BaseMod","Minty Spire (QoL Compilation)","StSLib"],"gold_per_floor":[117,192,192,211,226,226,259,276,276,276,303,314,339,339,339,412,412,426,51,39,39,39,73,73,73,73],"floor_reached":25,"playtime":1387,"items_purged":["Strike_R"],"score":478,"play_id":"88fddd9f-e1f3-414d-8a41-b4322b1237a1","local_time":"20201219144255","is_ascension_mode":true,"campfire_choices":[{"data":"Perfected Strike","floor":6,"key":"SMITH"},{"data":"Dark Embrace","floor":10,"key":"SMITH"},{"data":"Power Through","floor":15,"key":"SMITH"},{"floor":24,"key":"REST"}],"circlet_count":0,"master_deck":["AscendersBane","Strike_R","Strike_R","Strike_R","Strike_R","Defend_R","Defend_R","Defend_R","Defend_R","Bash","Perfected Strike+1","Pommel Strike","Armaments","Dark Embrace+1","Second Wind","Power Through+1","Reaper","Shrug It Off","Inflame","Combust+1"],"relics":["Burning Blood","NeowsBlessing","Tiny Chest","Matryoshka","Gambling Chip","Vajra","Cursed Key","Membership Card","Shuriken","Charon\u0027s Ashes"],"acts_visited":["Exordium","TheCity"],"potions_floor_usage":[7,13,25,25],"damage_taken":[{"damage":0,"enemies":"Cultist","floor":1,"turns":1},{"damage":0,"enemies":"Jaw Worm","floor":4,"turns":1},{"damage":0,"enemies":"Small Slimes","floor":5,"turns":1},{"damage":32,"enemies":"Gremlin Nob","floor":7,"turns":4},{"damage":2,"enemies":"Exordium Wildlife","floor":8,"turns":3},{"damage":20,"enemies":"Lagavulin","floor":11,"turns":7},{"damage":0,"enemies":"2 Fungi Beasts","floor":12,"turns":2},{"damage":8,"enemies":"Gremlin Nob","floor":13,"turns":3},{"damage":28,"enemies":"The Guardian","floor":16,"turns":13},{"damage":16,"enemies":"Spheric Guardian","floor":18,"turns":6},{"damage":19,"enemies":"2 Thieves","floor":20,"turns":5},{"damage":48,"enemies":"Gremlin Leader","floor":23,"turns":8},{"damage":72,"enemies":"Slavers","floor":25,"turns":4}],"seed_played":"-5579586518133118063","potions_obtained":[{"floor":3,"key":"SteroidPotion"},{"floor":3,"key":"SmokeBomb"},{"floor":4,"key":"BlessingOfTheForge"},{"floor":7,"key":"SmokeBomb"},{"floor":8,"key":"Dexterity Potion"},{"floor":13,"key":"GamblersBrew"},{"floor":16,"key":"PowerPotion"}],"is_trial":false,"path_per_floor":["M","?","?","M","M","R","E","M","T","R","E","M","E","?","R","B",null,"M","$","M","?","?","E","R","E"],"character_chosen":"IRONCLAD","items_purchased":["Membership Card","Shuriken","Shrug It Off"],"campfire_rested":1,"item_purchase_floors":[19,19,19],"current_hp_per_floor":[74,63,63,69,75,75,49,53,53,53,39,45,43,48,48,26,67,57,57,54,54,54,24,48,0,0],"gold":73,"neow_bonus":"THREE_ENEMY_KILL","is_daily":false,"chose_seed":false,"campfire_upgraded":3,"win_rate":0.0,"timestamp":1608417775,"path_taken":["M","?","?","?","M","R","E","M","T","R","E","M","E","?","R","BOSS","M","$","M","?","?","E","R","E"],"items_purchased_type":["Relic","Relic","Card"],"build_version":"2020-12-18","purchased_purges":1,"victory":false,"max_hp_per_floor":[75,75,75,75,75,75,75,75,75,75,75,75,75,80,80,80,80,80,80,80,80,80,80,80,80,80],"card_choices":[{"not_picked":["Twin Strike","Cleave","Sentinel"],"picked":"SKIP","floor":1},{"not_picked":["Reckless Charge","Corruption"],"picked":"Perfected Strike","floor":4},{"not_picked":["Feel No Pain","Rage"],"picked":"Pommel Strike","floor":5},{"not_picked":["Flex","Dark Embrace"],"picked":"Armaments","floor":7},{"not_picked":["True Grit","Twin Strike"],"picked":"Dark Embrace","floor":8},{"not_picked":["Flex","Cleave","Perfected Strike"],"picked":"SKIP","floor":11},{"not_picked":["Clash","Combust"],"picked":"Second Wind","floor":12},{"not_picked":["True Grit","Pommel Strike"],"picked":"Power Through","floor":13},{"not_picked":["Fiend Fire","Double Tap"],"picked":"Reaper","floor":16},{"not_picked":["Thunderclap","Iron Wave","Cleave"],"picked":"SKIP","floor":18},{"not_picked":["Twin Strike","Wild Strike"],"picked":"Inflame","floor":20},{"not_picked":["Perfected Strike","Headbutt"],"picked":"Combust+1","floor":23}],"player_experience":1683346,"relics_obtained":[{"floor":7,"key":"Tiny Chest"},{"floor":9,"key":"Matryoshka"},{"floor":11,"key":"Gambling Chip"},{"floor":13,"key":"Vajra"},{"floor":23,"key":"Charon\u0027s Ashes"}],"event_choices":[{"damage_healed":0,"gold_gain":75,"player_choice":"Gather Gold","damage_taken":11,"max_hp_gain":0,"max_hp_loss":0,"event_name":"World of Goop","floor":2,"gold_loss":0},{"damage_healed":0,"gold_gain":0,"player_choice":"Got Potions","damage_taken":0,"max_hp_gain":0,"max_hp_loss":0,"event_name":"Lab","floor":3,"gold_loss":0},{"damage_healed":0,"gold_gain":0,"player_choice":"Donut","damage_taken":0,"max_hp_gain":5,"max_hp_loss":0,"event_name":"Big Fish","floor":14,"gold_loss":0},{"damage_healed":0,"gold_gain":0,"player_choice":"Ignored","damage_taken":0,"max_hp_gain":0,"max_hp_loss":0,"event_name":"The Mausoleum","floor":21,"gold_loss":0},{"damage_healed":0,"gold_gain":0,"player_choice":"Ignored","damage_taken":0,"max_hp_gain":0,"max_hp_loss":0,"event_name":"Vampires","floor":22,"gold_loss":0}],"is_beta":true,"boss_relics":[{"not_picked":["Fusion Hammer","Runic Cube"],"picked":"Cursed Key"}],"items_purged_floors":[19],"is_endless":false,"potions_floor_spawned":[4,7,8,13,16],"killed_by":"Slavers","ascension_level":20}}