{"host":"dfkuodafa8pjwif8","time":1608356078,"event":{"mods":["AchievementEnabler","Aspiration","Bard","BaseMod","Beaked The Cultist","Better Altar","Better Match","Better Note","Better Sensory Stone","Better Skull","Better Third Choice","BetterRewards","CCEM","Clawfect","Colored Map","Conspire","Downfall","GifTheSpireLib","Googly Eyes","Halation","Hermit","Highlight Path","Hubris","Hunter ??","Infinite Spire","Jedi Mod","Jorbs\u0027s Wanderer Trilogy","Mad Scientist","Marisa????????","Mimic Mod","Minty Spire (QoL Compilation)","Permanent Neow","Replay The Spire","Shade Mod","Shop Mod","Spicy Shops","StSLib","Stuff the Spire","The Administrix","The Blackbeard","The Bug Knight","The Construct","The Cursed","The Disciple","The Gatherer","The Hierophant","The IronCluck","The Jungle","The Mystic","The Necromancer","The Problem Sleuth","The Runesmith","The Servant 0.9.4","The Spell Scribe","The Witch","Unceasing Turn Reminder","[IsaacMod]????","everything is the same but u backflip on backflip","slay the spire mod where everything is the same but ironclad has a cowboy hat"],"gold_per_floor":[99,116,136,136,154,254,280,293,218,236,256,256,256,273,291,291,291],"floor_reached":16,"playtime":1631,"items_purged":["StuffTheSpire:CuriosityCurse","Pain"],"score":96,"play_id":"b58a77ec-7cdd-410d-814d-bc45997d1bd7","local_time":"20201219003438","is_ascension_mode":false,"campfire_choices":[{"floor":1,"key":"RECALL"},{"data":"Slimebound:Split","floor":9,"key":"SMITH"}],"circlet_count":0,"master_deck":["Slimebound:Strike_Slimebound","Slimebound:Strike_Slimebound","Slimebound:Strike_Slimebound","Slimebound:Tackle","Slimebound:Defend_Slimebound","Slimebound:Defend_Slimebound","Slimebound:Defend_Slimebound","Slimebound:Defend_Slimebound","Slimebound:Split+1","Slimebound:CorrosiveSpit","DoctorFetus","Slimebound:GrowthPunch","Slimebound:Overexert","Slimebound:LeechEnergy","Slimebound:Gluttony","Slimebound:LeadByExample","Slimebound:SamplingLick","Slimebound:Schlurp","Slimebound:RejuvenatingLick","Slimebound:ViciousTackle","Slimebound:LeechingTouch","Slimebound:SplitLeeching"],"relics":["Slimebound:AbsorbEndCombat","HushsDoor","KeepersGift","WarpedTongs","Blood Vial","downfall:HeartBlessingRed","Centennial Puzzle","infinitespire:Broken Mirror"],"acts_visited":["Exordium"],"potions_floor_usage":[10,15,16],"damage_taken":[{"damage":9,"enemies":"Cultist","floor":2,"turns":5},{"damage":10,"enemies":"Jaw Worm","floor":3,"turns":5},{"damage":10,"enemies":"2 Louse","floor":5,"turns":3},{"damage":12,"enemies":"Large Slime","floor":8,"turns":4},{"damage":12,"enemies":"Red Slaver","floor":10,"turns":3},{"damage":27,"enemies":"Blue Slaver","floor":11,"turns":4},{"damage":30,"enemies":"Lots of Slimes","floor":14,"turns":3},{"damage":12,"enemies":"Blue Slaver","floor":15,"turns":3},{"damage":37,"enemies":"downfall:Silent","floor":16,"turns":4}],"seed_played":"-7582775384780474427","potions_obtained":[{"floor":3,"key":"Swift Potion"},{"floor":5,"key":"Slimebound:SlimedPotion"},{"floor":8,"key":"Block Potion"},{"floor":10,"key":"Weak Potion"}],"is_trial":false,"path_per_floor":["R","M","M","?","M","?","T","M","R","M","M","?","$","M","M","B"],"character_chosen":"SLIMEBOUND","items_purchased":["infinitespire:Broken Mirror"],"campfire_rested":0,"item_purchase_floors":[13],"current_hp_per_floor":[66,61,61,61,59,59,59,61,61,63,60,60,33,19,27,0,0],"gold":291,"neow_bonus":"TEN_PERCENT_HP_BONUS","is_daily":false,"chose_seed":false,"campfire_upgraded":1,"win_rate":0.0,"timestamp":1608356078,"path_taken":["R","M","?","?","M","?","T","?","R","M","M","?","?","M","M","BOSS"],"items_purchased_type":["Relic"],"build_version":"2020-12-13","purchased_purges":2,"victory":false,"max_hp_per_floor":[66,66,66,66,66,66,66,66,66,66,66,66,66,66,66,66,66],"card_choices":[{"not_picked":[],"picked":"DoctorFetus","floor":0},{"not_picked":["Slimebound:PressTheAttack","Slimebound:DisruptingSlam"],"picked":"Slimebound:GrowthPunch","floor":2},{"not_picked":["Bomb","Slimebound:ViciousTackle"],"picked":"Slimebound:Overexert","floor":3},{"not_picked":["Slimebound:Grow","Slimebound:RollThrough"],"picked":"Slimebound:LeechEnergy","floor":5},{"not_picked":["Slimebound:SplitAcid","Bomb"],"picked":"Slimebound:Gluttony","floor":6},{"not_picked":["Slimebound:GoopTackle","Slimebound:ProtectTheBoss"],"picked":"Slimebound:LeadByExample","floor":6},{"not_picked":["Bomb","Slimebound:FinishingTackle"],"picked":"Slimebound:SamplingLick","floor":6},{"not_picked":["Slimebound:Dissolve","Slimebound:RollThrough"],"picked":"Slimebound:Schlurp","floor":8},{"not_picked":["Slimebound:LivingWall","Slimebound:GoopSpray"],"picked":"Slimebound:RejuvenatingLick","floor":10},{"not_picked":["Slimebound:RollThrough","Slimebound:ComboTackle"],"picked":"Slimebound:ViciousTackle","floor":11},{"not_picked":["Slimebound:GrowthPunch","Slimebound:Schlurp"],"picked":"Slimebound:LeechingTouch","floor":14},{"not_picked":["Slimebound:Repurpose","Slimebound:GrowthPunch"],"picked":"Slimebound:SplitLeeching","floor":15}],"player_experience":238715,"relics_obtained":[{"floor":7,"key":"Blood Vial"}],"event_choices":[{"damage_healed":0,"gold_gain":0,"player_choice":"Rummage","damage_taken":0,"relics_obtained":["WarpedTongs"],"max_hp_gain":0,"max_hp_loss":0,"event_name":"Accursed Blacksmith","floor":4,"gold_loss":0,"cards_obtained":["Pain"]}],"is_beta":false,"boss_relics":[],"items_purged_floors":[13,13],"is_endless":false,"potions_floor_spawned":[3,5,8,10],"killed_by":"downfall:Silent","ascension_level":0}}