{"host":"csp9nt53rootlkah","time":1608379042,"event":{"mods":["Act Like it!","BaseMod","Colored Powertips","Friendly Minions","Gensokyo","Highlight Path","Luminous","Minty Spire (QoL Compilation)","Quick Restart","Replay The Spire","StSLib","TestMod","The Factory","The Jungle","UnlockEverythingMod"],"gold_per_floor":[110,110,128,128,58,86,97,97,97,52,52,72,84,111,111,206,206,226,236,56,56,56,82,82,107,107,107,107,124,124,135,135,240,240,254,268,168,168,185,217,235,267,293,325,612,420,440,468,468,468],"floor_reached":51,"playtime":2939,"items_purged":["Luminous:Switch_Luminous+1","Luminous:Light_Flash_Shower","Luminous:Mana_Well_Luminous"],"score":935,"play_id":"e8457a4d-05b1-45bc-8b71-62f09c8ab4f2","local_time":"20201219195722","is_ascension_mode":false,"campfire_choices":[{"data":"Luminous:Light_Wash_Luminous","floor":8.0,"key":"SMITH"},{"data":"Luminous:Light_Wash_Luminous","floor":11.0,"key":"SMITH"},{"floor":15.0,"key":"REST"},{"data":"Luminous:Balance_Aether_Conduit","floor":24.0,"key":"SMITH"},{"data":"Luminous:Magic_Accelerate_Luminous","floor":28.0,"key":"SMITH"},{"data":"Luminous:Light_Gather","floor":30.0,"key":"SMITH"},{"data":"Luminous:Concentrate_Luminous","floor":32.0,"key":"SMITH"}],"circlet_count":0,"master_deck":["Luminous:Light_Wash_Luminous+1","Luminous:Abyss_Heart_Luminous","Luminous:Light_Wash_Luminous+1","Luminous:Concentrate_Luminous+1","Luminous:Balance_Aether_Conduit+1","Luminous:Light_Gather+1","Luminous:Lania_Blessing_Luminous+1","Luminous:Accumulation_Luminous+1","Luminous:Concentrate_Luminous","Luminous:Lunar_Tide_Luminous+1","Luminous:Shadow_Shell_Luminous+1","Necronomicurse","Luminous:Light_Glare+1","Luminous:Magic_Accelerate_Luminous+1","Luminous:Equalize_Luminous+1","CurseOfTheBell","Luminous:Dusk_Guard_Luminous+1","Luminous:Concentrate_Luminous","Luminous:Dark_Crescendo_Luminous+1","Luminous:Light_Track","Luminous:Light_Glare+1","Luminous:Balance_Death_Scythe","Luminous:Darkness_Mastery_Luminous+1","Luminous:Shadow_Shell_Luminous+1","Luminous:Accumulation_Luminous+1"],"relics":["Luminous:MirrorRelic","testmod-TestBox","testmod-Temperance","NeowsBlessing","testmod-DragonStarHat","Golden Egg","Cursed Key","Necronomicon","testmod-CyclicPeriapt","Replay:Rubber Ducky","Meat on the Bone","Akabeko","Replay:Grab Bag","Philosopher\u0027s Stone","Coffee Dripper","testmod-NegativeEmotionEnhancer","Calling Bell","Gremlin Food","Quantum Egg","testmod-BlackFramedGlasses","Iron Hammer","Smiling Mask","MawBank","BargainBundle","Pet Ghost"],"acts_visited":["Gensokyo:Gensokyo","TheCity","TheBeyond"],"potions_floor_usage":[50,50,50],"damage_taken":[{"damage":0.0,"enemies":"Gensokyo:2_Kodama","floor":1.0,"turns":1.0},{"damage":0.0,"enemies":"Gensokyo:Gryphon","floor":3.0,"turns":1.0},{"damage":0.0,"enemies":"Gensokyo:Cirno","floor":6.0,"turns":2.0},{"damage":11.0,"enemies":"Gensokyo:Python","floor":7.0,"turns":4.0},{"damage":3.0,"enemies":"Gensokyo:VengefulSpirit","floor":12.0,"turns":6.0},{"damage":5.0,"enemies":"Gensokyo:Python_and_Kodama","floor":13.0,"turns":4.0},{"damage":12.0,"enemies":"Gensokyo:Mamizou","floor":14.0,"turns":5.0},{"damage":14.0,"enemies":"Gensokyo:Reimu","floor":16.0,"turns":9.0},{"damage":10.0,"enemies":"3 Byrds","floor":18.0,"turns":7.0},{"damage":6.0,"enemies":"Chosen","floor":19.0,"turns":4.0},{"damage":13.0,"enemies":"Replay:Snechameleon","floor":23.0,"turns":5.0},{"damage":12.0,"enemies":"Book of Stabbing","floor":25.0,"turns":4.0},{"damage":7.0,"enemies":"Sentry and Sphere","floor":29.0,"turns":5.0},{"damage":0.0,"enemies":"Centurion and Healer","floor":31.0,"turns":8.0},{"damage":13.0,"enemies":"Champ","floor":33.0,"turns":8.0},{"damage":20.0,"enemies":"Orb Walker","floor":35.0,"turns":4.0},{"damage":5.0,"enemies":"3 Shapes","floor":36.0,"turns":8.0},{"damage":0.0,"enemies":"Maw","floor":39.0,"turns":6.0},{"damage":0.0,"enemies":"R_Hoarder","floor":40.0,"turns":3.0},{"damage":38.0,"enemies":"Jaw Worm Horde","floor":41.0,"turns":3.0},{"damage":0.0,"enemies":"Reptomancer","floor":42.0,"turns":2.0},{"damage":0.0,"enemies":"Spire Growth","floor":44.0,"turns":3.0},{"damage":11,"enemies":"3 Darklings","floor":47,"turns":3},{"damage":0,"enemies":"R_Hoarder","floor":48,"turns":2},{"damage":28,"enemies":"Time Eater","floor":50,"turns":5}],"seed_played":"-1303111039457014187","potions_obtained":[{"floor":1.0,"key":"Milkshake"},{"floor":3.0,"key":"SteroidPotion"},{"floor":12.0,"key":"DistilledChaos"},{"floor":23.0,"key":"Doom Potion"},{"floor":33.0,"key":"PowerPotion"}],"is_trial":false,"path_per_floor":["M","?","M","?","?","E","M","R","T","$","R","M","M","E","R","B",null,"M","M","$","?","$","E","R","E","T","?","R","M","R","M","R","B",null,"M","M","$","?","M","E","M","E","T","M","?","$","M","E","R","B",null],"character_chosen":"LuminousClass","items_purchased":["Luminous:Light_Wash_Luminous","Luminous:Lunar_Tide_Luminous","Luminous:Shadow_Shell_Luminous","BargainBundle","Luminous:Darkness_Mastery_Luminous","Luminous:Shadow_Shell_Luminous","Luminous:Accumulation_Luminous"],"campfire_rested":1,"item_purchase_floors":[10,20,20,46,46,46,46],"current_hp_per_floor":[75,45,45,45,45,45,34,34,34,34,34,31,26,14,36,22,75,75,69,69,53,53,40,40,33,33,33,33,48,48,53,53,55,75,58,70,70,70,78,79,47,54,54,64,64,64,63,67,67,51],"gold":468,"neow_bonus":"THREE_ENEMY_KILL","is_daily":false,"chose_seed":false,"campfire_upgraded":6,"win_rate":0.0,"timestamp":1608379042,"path_taken":["M","?","M","?","?","E","M","R","T","$","R","?","?","E","R","BOSS","M","M","$","?","$","E","R","E","T","?","R","M","R","M","R","BOSS","M","M","$","?","M","E","?","E","T","M","?","?","M","E","R","BOSS"],"items_purchased_type":["Card","Card","Card","Relic","Card","Card","Card"],"build_version":"2020-12-13","purchased_purges":3,"victory":true,"max_hp_per_floor":[75,75,75,75,75,75,75,75,75,75,75,75,75,75,75,75,75,75,75,75,75,75,75,75,75,75,75,75,75,75,75,75,75,75,76,77,77,77,78,79,80,81,81,82,82,82,83,84,84,85],"card_choices":[{"not_picked":["Luminous:Light_Gather","Luminous:Blinding_Pillar_Luminous"],"picked":"Luminous:Mana_Well_Luminous","floor":1.0},{"not_picked":["Luminous:Light_Sylvan_Lance","Luminous:Concentrate_Luminous"],"picked":"Luminous:Light_Wash_Luminous","floor":3.0},{"not_picked":["Luminous:Concentrate_Luminous","Luminous:Dark_Apocalypse"],"picked":"Luminous:Abyss_Heart_Luminous","floor":6.0},{"not_picked":["Luminous:Blinding_Pillar_Luminous","Luminous:Dark_Raid","Luminous:Light_Disperse"],"picked":"SKIP","floor":7.0},{"not_picked":["Luminous:Blinding_Pillar_Luminous","Luminous:Light_Gather"],"picked":"Luminous:Concentrate_Luminous","floor":12.0},{"not_picked":["Luminous:Dark_Dim_Erosion","Luminous:Light_Gather"],"picked":"Luminous:Balance_Aether_Conduit","floor":13.0},{"not_picked":["Luminous:Light_Glare","Luminous:Mana_Overload_Luminous"],"picked":"Luminous:Light_Gather","floor":14.0},{"not_picked":["Luminous:Freud_Wisdom1_Luminous","Luminous:Armageddon_Luminous"],"picked":"Luminous:Lania_Blessing_Luminous","floor":16.0},{"not_picked":["Luminous:Photic_Meditation_Luminous","Luminous:Blinding_Pillar_Luminous+1"],"picked":"Luminous:Accumulation_Luminous+1","floor":18.0},{"not_picked":["Luminous:Light_Sylvan_Lance","Luminous:Dark_Raid"],"picked":"Luminous:Concentrate_Luminous","floor":19.0},{"not_picked":["Luminous:Shadow_Shell_Luminous+1","Luminous:Dark_Apocalypse+1"],"picked":"Luminous:Light_Glare+1","floor":23.0},{"not_picked":["Luminous:Dark_Dim_Erosion","Luminous:Accumulation_Luminous"],"picked":"Luminous:Magic_Accelerate_Luminous","floor":25.0},{"not_picked":["Luminous:Dark_Dim_Erosion+1","Luminous:Light_Wash_Luminous","Luminous:Dark_Pressure_Void+1"],"picked":"SKIP","floor":29.0},{"not_picked":["Luminous:Dark_Dim_Erosion+1","Luminous:Light_Wash_Luminous","Luminous:Dark_Pressure_Void+1"],"picked":"SKIP","floor":29.0},{"not_picked":["Luminous:Concentrate_Luminous","Luminous:Dark_Dim_Erosion","Luminous:Blinding_Pillar_Luminous"],"picked":"SKIP","floor":31.0},{"not_picked":["Luminous:Mirror_Force_Luminous","Luminous:Balance_Aether_Conduit"],"picked":"Luminous:Equalize_Luminous","floor":33.0},{"not_picked":["Luminous:Flash_Blink_Luminous","Luminous:Magic_Accelerate_Luminous+1"],"picked":"Luminous:Dusk_Guard_Luminous+1","floor":35.0},{"not_picked":["Luminous:Lunar_Tide_Luminous","Luminous:Accumulation_Luminous"],"picked":"Luminous:Concentrate_Luminous","floor":36.0},{"not_picked":["Luminous:Dark_Dim_Erosion","Luminous:Concentrate_Luminous","Luminous:Dark_Pressure_Void"],"picked":"SKIP","floor":39.0},{"not_picked":["Luminous:Dark_Dim_Erosion","Luminous:Concentrate_Luminous","Luminous:Dark_Pressure_Void"],"picked":"SKIP","floor":39.0},{"not_picked":["Luminous:Concentrate_Luminous+1","Luminous:Sympathy_Luminous+1"],"picked":"Luminous:Light_Glare+1","floor":40.0},{"not_picked":["Luminous:Fast_Spell_Luminous","Luminous:Dark_Dim_Erosion+1","Luminous:Light_Disperse"],"picked":"SKIP","floor":41.0},{"not_picked":["Luminous:Light_Gather+1","Luminous:Dark_Pressure_Void+1","Luminous:Blinding_Pillar_Luminous"],"picked":"SKIP","floor":42.0},{"not_picked":["Luminous:Light_Gather+1","Luminous:Dark_Pressure_Void+1","Luminous:Blinding_Pillar_Luminous"],"picked":"SKIP","floor":42.0},{"not_picked":["Luminous:Dark_Pressure_Void+1","Luminous:Light_Gather"],"picked":"Luminous:Balance_Death_Scythe","floor":44.0},{"not_picked":["Luminous:Concentrate_Luminous+1","Luminous:Mana_Overload_Luminous+1","Luminous:Light_Glare"],"picked":"SKIP","floor":47},{"not_picked":["Luminous:Light_Wash_Luminous","Luminous:Balance_Aether_Conduit","Luminous:Concentrate_Luminous"],"picked":"SKIP","floor":48}],"player_experience":111465,"relics_obtained":[{"floor":6.0,"key":"testmod-DragonStarHat"},{"floor":14.0,"key":"Golden Egg"},{"floor":21.0,"key":"Necronomicon"},{"floor":23.0,"key":"testmod-CyclicPeriapt"},{"floor":25.0,"key":"Replay:Rubber Ducky"},{"floor":26.0,"key":"Meat on the Bone"},{"floor":34.0,"key":"Gremlin Food"},{"floor":34.0,"key":"Quantum Egg"},{"floor":34.0,"key":"testmod-BlackFramedGlasses"},{"floor":40.0,"key":"Iron Hammer"},{"floor":42.0,"key":"Smiling Mask"},{"floor":43.0,"key":"MawBank"},{"floor":48,"key":"Pet Ghost"}],"event_choices":[{"damage_healed":0.0,"max_hp_gain":0.0,"max_hp_loss":0.0,"gold_gain":0.0,"event_name":"Cursed Tome","player_choice":"Obtained Book","floor":21.0,"gold_loss":0.0,"damage_taken":16.0},{"damage_healed":0.0,"max_hp_gain":0.0,"max_hp_loss":0.0,"gold_gain":0.0,"event_name":"Match and Keep!","player_choice":"2 cards matched","floor":38.0,"gold_loss":0.0,"damage_taken":0.0,"cards_obtained":["Luminous:Dark_Crescendo_Luminous","Luminous:Light_Track"]},{"damage_healed":0.0,"max_hp_gain":0.0,"max_hp_loss":0.0,"gold_gain":275.0,"event_name":"Golden Shrine","player_choice":"Desecrate","floor":45.0,"gold_loss":0.0,"damage_taken":0.0,"cards_obtained":["Regret"]},{"damage_healed":0,"gold_gain":0,"player_choice":"Ignored","damage_taken":0,"max_hp_gain":0,"max_hp_loss":0,"event_name":"给自己的盒子","floor":49,"gold_loss":0}],"is_beta":false,"boss_relics":[{"not_picked":["Runic Dome","testmod-Prudence"],"picked":"Cursed Key"},{"not_picked":["Ring of Chaos","testmod-KeyOfTheVoid"],"picked":"Replay:Grab Bag"},{"not_picked":["ChewingGum","Velvet Choker"],"picked":"Philosopher\u0027s Stone"},{"not_picked":["Busted Crown","SlaversCollar"],"picked":"Coffee Dripper"},{"not_picked":["testmod-EnergyCheck","testmod-StringDisintegrator"],"picked":"testmod-NegativeEmotionEnhancer"},{"not_picked":["testmod-CardMagician","testmod-Nine"],"picked":"Calling Bell"}],"items_purged_floors":[20,37,46],"is_endless":false,"potions_floor_spawned":[1,3,12,23,25,31,33,36,39,41,42,47],"ascension_level":0}}