{"host":"3ghjvsatr2fxka2l","time":1608414846,"event":{"mods":["AchievementEnabler","Act Like it!","Aspiration","BaseMod","Better Third Choice","Better Vampires","BetterRewards","Colored Powertips","Conspire","Curses Come First","Defuse TimeMaze Blight","Displayed Cursed Tome","Energized Spire","Gold Saver","Grow up Mod","Hallownest","Hubris","Infinite Spire","Lobotomy","Minty Spire (QoL Compilation)","Quick Restart","Replay The Spire","SacredBarkPlus","StSLib","The Blue Laboratory","The Bug Knight","Transform Curses","Uncapped","Waifu the Spire","Wandering Minibosses","vexMod","??????REMEMod"],"gold_per_floor":[515,215,215,234,248,280,280,293,319,319,338,355,280,299,299,403,1069,1089,1089,1104,1161,1177,1202,1202,1234,1234,1234,1234],"floor_reached":27,"playtime":3197,"items_purged":["HollowMod:NailStrikeStart"],"score":322,"play_id":"e1a287f7-65e7-4bfd-809d-18369853d819","local_time":"20201219135406","is_ascension_mode":false,"campfire_choices":[{"data":"HollowMod:ChannelNail","floor":7.0,"key":"SMITH"},{"floor":24,"key":"REST"}],"circlet_count":1,"master_deck":["HollowMod:NailStrikeStart","HollowMod:NailStrikeStart","HollowMod:NailStrikeStart","HollowMod:QuickDashStart","HollowMod:QuickDashStart","HollowMod:QuickDashStart","HollowMod:QuickDashStart","HollowMod:FocusHealStart","HollowMod:PogoStrike","Replay:Bag of Tricks","OldLady","HollowMod:ChannelNail+1","HollowMod:NewLastStag","HollowMod:GoodIntentions","HollowMod:SoulSplash","HollowMod:DashSlash","VoidDream","HollowMod:SoulStrike","HollowMod:MantisMark","HollowMod:ElderbugsWisdom","HollowMod:CycloneSlash","FairyFestival","HollowMod:AwokenDreamNail","QueenOfHatred","HollowMod:SoulStrike+1","infinitespire:Starlight","HollowMod:SoulStrike+1"],"relics":["HollowMod:VesselMask","REME_ComplimentaryCards","CogitoBucket","hubris:SlimyHat","aspiration:HiddenCompartment","vexMod:FocusSash","Hallownest:DreamNailRelic","Hallownest:BankAccountRelic","Circlet","vexMod:RockOfEvil","SkinProphecy","infinitespire:WardingShard","Bag of Preparation","vexMod:Dragonfruit"],"acts_visited":["Exordium","Hallownest:Greenpath"],"potions_floor_usage":[16,16,16,18,23,23,27],"damage_taken":[{"damage":10.0,"enemies":"Hallownest:2_Tiktiks_and_1_Crawlid","floor":1.0,"turns":3.0},{"damage":17.0,"enemies":"Hallownest:eliteCrystalGuardian","floor":3.0,"turns":5.0},{"damage":3.0,"enemies":"Hallownest:2_Baldur","floor":4.0,"turns":3.0},{"damage":0.0,"enemies":"Hallownest:2_MossCreeps","floor":5.0,"turns":5.0},{"damage":26.0,"enemies":"Hallownest:eliteMossKnight","floor":6.0,"turns":6.0},{"damage":16,"enemies":"Hallownest:monsterFoolEater","floor":8,"turns":5},{"damage":0,"enemies":"Hallownest:MossCreep_and_Mosskin","floor":11,"turns":5},{"damage":25,"enemies":"Hallownest:1_Ooma_and_2_Uuma","floor":12,"turns":11},{"damage":28,"enemies":"Hallownest:monsterFoolEater","floor":14,"turns":6},{"damage":35,"enemies":"Hallownest:BossFalseKnight","floor":16,"turns":7},{"damage":58,"enemies":"Hallownest:Flukemon_and_Top","floor":18,"turns":6},{"damage":16,"enemies":"Hallownest:3_Youths","floor":20,"turns":7},{"damage":10,"enemies":"Hallownest:Warrior_and_Youth","floor":22,"turns":6},{"damage":94,"enemies":"Nightmare","floor":23,"turns":10},{"damage":58,"enemies":"Hallownest:Glutton_and_Coward","floor":25,"turns":4},{"damage":77,"enemies":"Hallownest:2_Husk_Sentries","floor":27,"turns":4}],"seed_played":"-195672126333829035","potions_obtained":[{"floor":3.0,"key":"CultistPotion"},{"floor":5.0,"key":"blueLaboratory:FruitPunch"},{"floor":8,"key":"DistilledChaos"},{"floor":16,"key":"Toxic Potion"},{"floor":20,"key":"blueLaboratory:HorrorPotion"},{"floor":21,"key":"blueLaboratory:NullPotion"},{"floor":21,"key":"blueLaboratory:FruitPunch"},{"floor":22,"key":"blueLaboratory:CorrosionFlask"},{"floor":25,"key":"blueLaboratory:LouseDecoction"}],"is_trial":false,"path_per_floor":["M","?","?","M","M","E","R","M","T","?","M","M","?","M","R","B",null,"M","AVR","M","?","M","NM","R","M","T","M"],"character_chosen":"THE_BUGKNIGHT","items_purchased":[],"campfire_rested":1,"item_purchase_floors":[],"current_hp_per_floor":[85,95,88,95,111,95,105,99,109,119,129,124,134,122,132,115,134,92,102,100,69,76,20,90,55,70,0,0],"gold":1234,"neow_bonus":"","is_daily":false,"chose_seed":false,"campfire_upgraded":1,"win_rate":0.0,"timestamp":1608414846,"path_taken":["M","?","?","M","M","E","R","M","T","?","M","?","?","M","R","BOSS","M","AVR","M","?","M","NM","R","?","T","M"],"items_purchased_type":[],"build_version":"2020-12-13","purchased_purges":1,"victory":false,"max_hp_per_floor":[95,105,115,125,135,145,155,165,175,185,195,205,215,225,235,247,134,144,154,166,176,188,202,212,224,239,243,243],"card_choices":[{"not_picked":["RedShoes","MeatLantern","Murderer"],"picked":"Singing Bowl","floor":1.0},{"not_picked":["Variant","ShyLook"],"picked":"OldLady","floor":1.0},{"not_picked":["HollowMod:DoubleDash","HollowMod:TaintedHusks"],"picked":"HollowMod:ChannelNail","floor":1.0},{"not_picked":["Wellcheers","MeatLantern","GreedKing"],"picked":"Singing Bowl","floor":3.0},{"not_picked":["HollowMod:SiblingsShadow","HollowMod:CrystalDash","HollowMod:HeavyBlow"],"picked":"SKIP","floor":3.0},{"not_picked":["FieryBird","MHz","ShyLook"],"picked":"Singing Bowl","floor":4.0},{"not_picked":["HollowMod:AbyssShriek","HollowMod:CrystalDash"],"picked":"HollowMod:GoodIntentions","floor":4.0},{"not_picked":["FairyFestival","Wellcheers","Scorched"],"picked":"Singing Bowl","floor":5.0},{"not_picked":["HollowMod:SiblingsShadow","HollowMod:AbyssShriek"],"picked":"HollowMod:SoulSplash","floor":5.0},{"not_picked":["Wellcheers","Murderer","Scorched"],"picked":"Singing Bowl","floor":6.0},{"not_picked":["HollowMod:MothsMistake","HollowMod:SoulSplash","HollowMod:DungDefenderAura"],"picked":"SKIP","floor":6.0},{"not_picked":["HollowMod:ShadowDash","HollowMod:NewJinnsSoul"],"picked":"HollowMod:DashSlash","floor":8},{"not_picked":["WallGazer","SnowQueen","Porccubus"],"picked":"Singing Bowl","floor":8},{"not_picked":["LongBird","MeltingLove"],"picked":"VoidDream","floor":11},{"not_picked":["HollowMod:VengefulVoid","HollowMod:HeavyBlow","HollowMod:WraithStrike"],"picked":"SKIP","floor":11},{"not_picked":["ShyLook","MHz","PlagueDoctor"],"picked":"Singing Bowl","floor":12},{"not_picked":["HollowMod:SoulSplash","HollowMod:ShapeofUnn"],"picked":"HollowMod:SoulStrike","floor":12},{"not_picked":["BeautyBeast","Murderer","Bloodbath"],"picked":"Singing Bowl","floor":14},{"not_picked":["HollowMod:PerfectDash","HollowMod:Grubsong"],"picked":"HollowMod:MantisMark","floor":14},{"not_picked":["WhitesApple","BeautyBeast","ShyLook"],"picked":"Singing Bowl","floor":16},{"not_picked":["HollowMod:NewInfectedGuardian","HollowMod:VoidDash"],"picked":"HollowMod:ElderbugsWisdom","floor":16},{"not_picked":["HollowMod:Weaversong","HollowMod:HowlingWraiths"],"picked":"HollowMod:CycloneSlash","floor":18},{"not_picked":["Wellcheers","NothingThere","Woodsman"],"picked":"Singing Bowl","floor":18},{"not_picked":["Bloodbath","ShyLook"],"picked":"FairyFestival","floor":18},{"not_picked":["CherryBlossoms","PunishingBird","Bloodbath"],"picked":"Singing Bowl","floor":20},{"not_picked":["HollowMod:BlackTendrils+1","HollowMod:InfectedCysts","HollowMod:CrystalDash+1"],"picked":"SKIP","floor":20},{"not_picked":["HollowMod:CycloneSlash+1","HollowMod:ShadowDash"],"picked":"HollowMod:AwokenDreamNail","floor":21},{"not_picked":["HappyTeddy","Alriune","QueenBee"],"picked":"Singing Bowl","floor":22},{"not_picked":["ShyLook","OSAHOGD"],"picked":"QueenOfHatred","floor":22},{"not_picked":["HollowMod:ShadowDash","HollowMod:InfectionAssault","HollowMod:CornifersMapStart"],"picked":"SKIP","floor":22},{"not_picked":["HollowMod:GreatSlash","HollowMod:HowlingWraiths"],"picked":"HollowMod:SoulStrike+1","floor":23},{"not_picked":["infinitespire:SevenWalls","ReplayTheSpireMod:Black Plague"],"picked":"infinitespire:Starlight","floor":23},{"not_picked":["LittleHelper","NakedNest","Bloodbath"],"picked":"Singing Bowl","floor":23},{"not_picked":["HollowMod:SoulEater","HollowMod:InfectedAttack+1"],"picked":"HollowMod:SoulStrike+1","floor":25},{"not_picked":["PlagueDoctor","BlackSwan","Funeral"],"picked":"Singing Bowl","floor":25}],"player_experience":228291,"relics_obtained":[{"floor":3.0,"key":"hubris:SlimyHat"},{"floor":6.0,"key":"aspiration:HiddenCompartment"},{"floor":9,"key":"vexMod:FocusSash"},{"floor":23,"key":"Bag of Preparation"},{"floor":26,"key":"vexMod:Dragonfruit"}],"event_choices":[],"is_beta":false,"boss_relics":[{"not_picked":["Snecko Eye","Ectoplasm"],"picked":"vexMod:RockOfEvil"}],"items_purged_floors":[19],"is_endless":true,"potions_floor_spawned":[3,5,8,12,16,20,22,25],"killed_by":"Hallownest:2_Husk_Sentries","ascension_level":0}}