{"host":"dvpvhz1t6etneyb3","time":1608400214,"event":{"mods":["AchievementEnabler","BaseMod","Colored Map","Highlight Path","Minty Spire (QoL Compilation)","Permanent Neow","Quick Restart"],"gold_per_floor":[112,122,122,10,30,30,56,71,96,113,147,147,147,177,177,251,251,251,3,3,3,3,3,0,0,0,0,0,0,0,0,0,0,0,0,0,0,0,0,0,0,0,0,0,0,0,0,0,0,0,0],"floor_reached":52,"playtime":4448,"items_purged":["Pain"],"score":2232,"play_id":"2aa30546-befd-4892-bbe1-f3a6b2ee96fa","local_time":"20201219125014","is_ascension_mode":true,"campfire_choices":[{"data":"BowlingBash","floor":6.0,"key":"SMITH"},{"data":"MentalFortress","floor":12.0,"key":"SMITH"},{"data":"Protect","floor":15.0,"key":"SMITH"},{"data":"TalkToTheHand","floor":25.0,"key":"SMITH"},{"data":"LikeWater","floor":32.0,"key":"SMITH"},{"floor":40.0,"key":"RECALL"},{"floor":42.0,"key":"REST"},{"floor":49.0,"key":"REST"}],"circlet_count":0,"master_deck":["AscendersBane","Strike_P+1","Strike_P+1","Strike_P+1","Defend_P+1","Defend_P+1","Defend_P+1","Defend_P+1","Eruption","Vigilance+1","Consecrate","FearNoEvil","Protect+1","BowlingBash+1","MentalFortress+1","WheelKick+1","Crescendo","Vault+1","FlyingSleeves+1","Tantrum+1","LikeWater+1","TalkToTheHand+1","LessonLearned+1","ClearTheMind+1","Adaptation+1","ClearTheMind","Scrawl+1","Perseverance","SandsOfTime+1","Halt","Protect+1","MentalFortress+1","WaveOfTheHand+1"],"relics":["PureWater","Bag of Preparation","Oddly Smooth Stone","Anchor","Nunchaku","WarpedTongs","Blood Vial","Ectoplasm","Regal Pillow","Matryoshka","Bag of Marbles","Bottled Tornado","Potion Belt","Gambling Chip","Fusion Hammer","GoldenEye","Pear","CeramicFish","Happy Flower","Ancient Tea Set","TungstenRod","Boot"],"acts_visited":["Exordium","TheCity","TheBeyond"],"potions_floor_usage":[51,51],"damage_taken":[{"damage":7.0,"enemies":"2 Louse","floor":1.0,"turns":4.0},{"damage":0.0,"enemies":"Cultist","floor":2.0,"turns":2.0},{"damage":0.0,"enemies":"Small Slimes","floor":5.0,"turns":2.0},{"damage":8.0,"enemies":"Lagavulin","floor":7.0,"turns":5.0},{"damage":1.0,"enemies":"Blue Slaver","floor":8.0,"turns":7.0},{"damage":0.0,"enemies":"2 Fungi Beasts","floor":10.0,"turns":2.0},{"damage":0.0,"enemies":"3 Sentries","floor":11.0,"turns":7.0},{"damage":2.0,"enemies":"Gremlin Nob","floor":14.0,"turns":2.0},{"damage":9.0,"enemies":"Slime Boss","floor":16.0,"turns":7.0},{"damage":4.0,"enemies":"Chosen","floor":18.0,"turns":6.0},{"damage":0.0,"enemies":"Gremlin Leader","floor":23.0,"turns":3.0},{"damage":0.0,"enemies":"2 Thieves","floor":24.0,"turns":6.0},{"damage":0.0,"enemies":"Snecko","floor":27.0,"turns":1.0},{"damage":0.0,"enemies":"Book of Stabbing","floor":29.0,"turns":4.0},{"damage":1.0,"enemies":"Gremlin Leader","floor":31.0,"turns":4.0},{"damage":13.0,"enemies":"Champ","floor":33.0,"turns":12.0},{"damage":0.0,"enemies":"Orb Walker","floor":35.0,"turns":1.0},{"damage":0.0,"enemies":"Mind Bloom Boss Battle","floor":36.0,"turns":7.0},{"damage":0.0,"enemies":"3 Darklings","floor":37.0,"turns":3.0},{"damage":0.0,"enemies":"Jaw Worm Horde","floor":38.0,"turns":1.0},{"damage":1.0,"enemies":"Transient","floor":39.0,"turns":7.0},{"damage":0.0,"enemies":"Giant Head","floor":41.0,"turns":6.0},{"damage":1.0,"enemies":"Nemesis","floor":44.0,"turns":6.0},{"damage":18.0,"enemies":"2 Orb Walkers","floor":45.0,"turns":5.0},{"damage":0.0,"enemies":"Reptomancer","floor":46.0,"turns":4.0},{"damage":0.0,"enemies":"3 Darklings","floor":47.0,"turns":2.0},{"damage":7,"enemies":"Time Eater","floor":50,"turns":14},{"damage":2,"enemies":"Donu and Deca","floor":51,"turns":12}],"seed_played":"-6566259022071197019","potions_obtained":[{"floor":1.0,"key":"AttackPotion"},{"floor":5.0,"key":"DuplicationPotion"},{"floor":8.0,"key":"Fire Potion"},{"floor":18.0,"key":"AttackPotion"},{"floor":23.0,"key":"SkillPotion"},{"floor":31.0,"key":"BlessingOfTheForge"},{"floor":36.0,"key":"Weak Potion"},{"floor":37.0,"key":"SpeedPotion"},{"floor":39.0,"key":"Fruit Juice"},{"floor":45.0,"key":"DuplicationPotion"},{"floor":46.0,"key":"BottledMiracle"},{"floor":47.0,"key":"SteroidPotion"}],"is_trial":false,"path_per_floor":["M","M","?","$","M","R","E","M","T","M","E","R","?","E","R","B",null,"M","$","?","?","T","E","M","R","T","M","$","E","$","E","R","B",null,"M","?","M","M","M","R","E","R","T","E","?","E","M","$","R","B","B",null],"character_chosen":"WATCHER","items_purchased":["FearNoEvil","Protect","Tantrum","LikeWater"],"campfire_rested":2,"item_purchase_floors":[4,4,19,19],"current_hp_per_floor":[54,54,54,54,54,54,46,45,45,45,45,45,45,43,43,36,60,58,58,58,58,58,60,62,62,62,64,64,66,66,67,67,55,65,67,68,68,68,67,67,78,78,78,77,60,62,69,69,83,76,76],"gold":0,"neow_bonus":"RANDOM_COMMON_RELIC","is_daily":false,"chose_seed":false,"campfire_upgraded":5,"win_rate":0.0,"timestamp":1608400214,"path_taken":["M","M","?","$","M","R","E","?","T","M","E","R","?","E","R","BOSS","M","?","?","?","?","E","M","R","T","M","?","E","$","E","R","BOSS","M","?","M","M","M","R","E","R","T","E","?","E","M","$","R","BOSS","BOSS"],"items_purchased_type":["Card","Card","Card","Card"],"build_version":"2020-12-13","purchased_purges":1,"victory":true,"max_hp_per_floor":[68,68,68,68,68,68,68,68,68,68,68,68,68,68,68,68,68,68,68,68,68,68,68,68,68,68,68,68,68,68,68,68,68,68,68,68,68,68,68,68,78,78,78,78,78,78,83,83,83,83,83],"card_choices":[{"not_picked":["Adaptation","JustLucky","ForeignInfluence"],"picked":"SKIP","floor":1.0},{"not_picked":["Halt","Adaptation"],"picked":"Consecrate","floor":2.0},{"not_picked":["FearNoEvil","Wireheading"],"picked":"BowlingBash","floor":5.0},{"not_picked":["Swivel","Worship"],"picked":"MentalFortress","floor":7.0},{"not_picked":["Halt","Crescendo"],"picked":"WheelKick","floor":8.0},{"not_picked":["Evaluate","FollowUp","Halt"],"picked":"SKIP","floor":10.0},{"not_picked":["Indignation","Halt","EmptyFist"],"picked":"SKIP","floor":11.0},{"not_picked":["Indignation","Halt","EmptyFist"],"picked":"SKIP","floor":11.0},{"not_picked":["EmptyFist","EmptyBody"],"picked":"Crescendo","floor":14.0},{"not_picked":["Devotion","Ragnarok"],"picked":"Vault","floor":16.0},{"not_picked":["Evaluate","FollowUp"],"picked":"FlyingSleeves","floor":18.0},{"not_picked":["SandsOfTime","SashWhip"],"picked":"LessonLearned","floor":23.0},{"not_picked":["FearNoEvil","Indignation"],"picked":"ClearTheMind","floor":24.0},{"not_picked":["EmptyMind+1","Protect"],"picked":"Adaptation+1","floor":27.0},{"not_picked":["JustLucky","Evaluate","EmptyMind"],"picked":"SKIP","floor":29.0},{"not_picked":["Collect","BowlingBash"],"picked":"ClearTheMind","floor":31.0},{"not_picked":["Brilliance","Establishment"],"picked":"Scrawl","floor":33.0},{"not_picked":["Tantrum","Study"],"picked":"Perseverance","floor":35.0},{"not_picked":["Perseverance","Adaptation+1"],"picked":"SandsOfTime+1","floor":37.0},{"not_picked":["Consecrate","EmptyBody+1","Halt"],"picked":"SKIP","floor":38.0},{"not_picked":["Consecrate","EmptyBody+1"],"picked":"Halt","floor":38.0},{"not_picked":["Scrawl","JustLucky","Study"],"picked":"SKIP","floor":39.0},{"not_picked":["EmptyMind","CutThroughFate"],"picked":"Protect+1","floor":41.0},{"not_picked":["CutThroughFate","WheelKick"],"picked":"MentalFortress+1","floor":44.0},{"not_picked":["ThirdEye","Perseverance+1"],"picked":"WaveOfTheHand+1","floor":46.0},{"not_picked":["Worship","ReachHeaven+1","FlurryOfBlows"],"picked":"SKIP","floor":47.0}],"player_experience":1901848,"relics_obtained":[{"floor":7.0,"key":"Oddly Smooth Stone"},{"floor":9.0,"key":"Anchor"},{"floor":11.0,"key":"Nunchaku"},{"floor":14.0,"key":"Blood Vial"},{"floor":22.0,"key":"Regal Pillow"},{"floor":23.0,"key":"Matryoshka"},{"floor":26.0,"key":"Bag of Marbles"},{"floor":26.0,"key":"Bottled Tornado"},{"floor":29.0,"key":"Potion Belt"},{"floor":31.0,"key":"Gambling Chip"},{"floor":36.0,"key":"GoldenEye"},{"floor":41.0,"key":"Pear"},{"floor":43.0,"key":"CeramicFish"},{"floor":43.0,"key":"Happy Flower"},{"floor":44.0,"key":"Ancient Tea Set"},{"floor":45.0,"key":"TungstenRod"},{"floor":46.0,"key":"Boot"}],"event_choices":[{"cards_removed":["Strike_P"],"damage_healed":0.0,"max_hp_gain":0.0,"max_hp_loss":0.0,"gold_gain":0.0,"event_name":"Purifier","player_choice":"Purged","floor":3.0,"gold_loss":0.0,"damage_taken":0.0},{"damage_healed":0.0,"max_hp_gain":0.0,"max_hp_loss":0.0,"gold_gain":0.0,"event_name":"Accursed Blacksmith","player_choice":"Rummage","floor":13.0,"gold_loss":0.0,"damage_taken":0.0,"relics_obtained":["WarpedTongs"],"cards_obtained":["Pain"]},{"damage_healed":0.0,"max_hp_gain":0.0,"max_hp_loss":0.0,"gold_gain":0.0,"event_name":"Back to Basics","player_choice":"Simplicity","floor":20.0,"gold_loss":0.0,"damage_taken":0.0,"cards_upgraded":["Strike_P","Strike_P","Strike_P","Defend_P","Defend_P","Defend_P","Defend_P"]},{"damage_healed":0.0,"max_hp_gain":0.0,"max_hp_loss":0.0,"gold_gain":0.0,"event_name":"The Library","player_choice":"Read","floor":21.0,"gold_loss":0.0,"damage_taken":0.0,"cards_obtained":["TalkToTheHand"]},{"damage_healed":0.0,"max_hp_gain":0.0,"max_hp_loss":0.0,"gold_gain":0.0,"event_name":"MindBloom","player_choice":"Fight","floor":36.0,"gold_loss":0.0,"damage_taken":0.0},{"damage_healed":0.0,"max_hp_gain":0.0,"max_hp_loss":0.0,"gold_gain":0.0,"event_name":"Mysterious Sphere","player_choice":"Fight","floor":45.0,"gold_loss":0.0,"damage_taken":0.0}],"is_beta":false,"boss_relics":[{"not_picked":["HolyWater","Busted Crown"],"picked":"Ectoplasm"},{"not_picked":["Runic Pyramid","Runic Dome"],"picked":"Fusion Hammer"}],"items_purged_floors":[19],"is_endless":false,"potions_floor_spawned":[1,5,8,10,18,23,31,36,37,39,45,46,47],"ascension_level":20}}