{"host":"wg33yb1rgt3nbe17","time":1608356361,"event":{"mods":["AchievementEnabler","BaseMod","Colored Map","Minty Spire (QoL Compilation)","Permanent Neow","Relic Stats","StSLib"],"gold_per_floor":[15,35,46,61,2,30,30,30,30,61,6,18,168,93,93,164,164,180,195,195,64,76,76,76],"floor_reached":23,"playtime":1466,"items_purged":["Strike_R"],"score":362,"play_id":"3e7855ac-89f0-4e58-ac17-4678d65cb2bd","local_time":"20201219003921","is_ascension_mode":true,"campfire_choices":[{"data":"Flex","floor":7,"key":"SMITH"},{"floor":15,"key":"REST"}],"circlet_count":0,"master_deck":["AscendersBane","Strike_R","Strike_R","Strike_R","Strike_R","Defend_R","Defend_R","Bash","Sword Boomerang","Flex+1","Disarm","Reaper","True Grit","True Grit","Burning Pact","Shrug It Off","Demon Form","Pummel","Flex","Uppercut"],"relics":["Burning Blood","Ancient Tea Set","Regal Pillow","Self Forming Clay","Runic Pyramid"],"acts_visited":["Exordium","TheCity"],"potions_floor_usage":[6,6,12,16,19,22,22],"damage_taken":[{"damage":1,"enemies":"Cultist","floor":1,"turns":3},{"damage":9,"enemies":"2 Louse","floor":2,"turns":3},{"damage":0,"enemies":"Small Slimes","floor":3,"turns":3},{"damage":26,"enemies":"3 Louse","floor":4,"turns":3},{"damage":36,"enemies":"Lagavulin","floor":6,"turns":7},{"damage":54,"enemies":"3 Sentries","floor":10,"turns":9},{"damage":12,"enemies":"Looter","floor":12,"turns":3},{"damage":53,"enemies":"The Guardian","floor":16,"turns":15},{"damage":29,"enemies":"Spheric Guardian","floor":18,"turns":6},{"damage":31,"enemies":"Shell Parasite","floor":19,"turns":5},{"damage":27,"enemies":"Snake Plant","floor":22,"turns":5},{"damage":22,"enemies":"Slavers","floor":23,"turns":1}],"seed_played":"-2940830747936871043","potions_obtained":[{"floor":3,"key":"LiquidMemories"},{"floor":4,"key":"DistilledChaos"},{"floor":10,"key":"BlessingOfTheForge"},{"floor":18,"key":"Explosive Potion"},{"floor":19,"key":"AttackPotion"}],"is_trial":false,"path_per_floor":["M","M","M","M","$","E","R","$","T","E","$","M","?","?","R","B",null,"M","M","?","$","M","E"],"character_chosen":"IRONCLAD","items_purchased":["True Grit","SkillPotion","Dexterity Potion"],"campfire_rested":1,"item_purchase_floors":[5,11,21],"current_hp_per_floor":[73,70,75,55,55,32,32,32,32,8,8,10,10,10,47,8,58,46,21,36,36,21,0,0],"gold":76,"neow_bonus":"REMOVE_TWO","is_daily":false,"chose_seed":false,"campfire_upgraded":1,"win_rate":0.0,"timestamp":1608356361,"path_taken":["M","M","M","M","?","E","R","$","T","E","$","M","?","?","R","BOSS","M","M","?","$","M","E"],"items_purchased_type":["Card","Potion","Potion"],"build_version":"2020-12-13","purchased_purges":1,"victory":false,"max_hp_per_floor":[75,75,75,75,75,75,75,75,75,75,75,75,75,75,75,75,75,75,75,75,75,75,75,75],"relic_stats":{"Regal Pillow":15,"counters":[12,63],"Self Forming Clay":[81],"obtain_stats":[{"Regal Pillow":9,"Self Forming Clay":10,"Ancient Tea Set":6,"Burning Blood":0,"Runic Pyramid":17},{"Regal Pillow":5,"Self Forming Clay":6,"Ancient Tea Set":5,"Burning Blood":0,"Runic Pyramid":8},{"Regal Pillow":19,"Self Forming Clay":28,"Ancient Tea Set":19,"Burning Blood":0,"Runic Pyramid":46}],"Burning Blood":65},"card_choices":[{"not_picked":["Body Slam","Thunderclap"],"picked":"Sword Boomerang","floor":1},{"not_picked":["Reckless Charge","Body Slam"],"picked":"Flex","floor":2},{"not_picked":["Wild Strike","Bloodletting"],"picked":"Disarm","floor":3},{"not_picked":["Perfected Strike","Intimidate"],"picked":"Reaper","floor":4},{"not_picked":["Dark Embrace","Armaments"],"picked":"True Grit","floor":6},{"not_picked":["Bloodletting","Perfected Strike"],"picked":"Burning Pact","floor":10},{"not_picked":["Sword Boomerang","Headbutt"],"picked":"Shrug It Off","floor":12},{"not_picked":["Immolate","Barricade"],"picked":"Demon Form","floor":16},{"not_picked":["Flex","Cleave+1"],"picked":"Pummel","floor":18},{"not_picked":["Cleave+1","Anger"],"picked":"Flex","floor":19},{"not_picked":["Iron Wave","Warcry"],"picked":"Uppercut","floor":22}],"player_experience":516279,"relics_obtained":[{"floor":6,"key":"Ancient Tea Set"},{"floor":9,"key":"Regal Pillow"},{"floor":10,"key":"Self Forming Clay"}],"event_choices":[{"damage_healed":0,"gold_gain":150,"player_choice":"AGREE","damage_taken":0,"max_hp_gain":0,"max_hp_loss":0,"event_name":"Liars Game","floor":13,"gold_loss":0,"cards_obtained":["Doubt"]},{"cards_removed":["Doubt"],"damage_healed":0,"gold_gain":0,"player_choice":"Card Removal","damage_taken":0,"max_hp_gain":0,"max_hp_loss":0,"event_name":"The Cleric","floor":14,"gold_loss":75},{"damage_healed":15,"gold_gain":0,"player_choice":"Heal","damage_taken":0,"max_hp_gain":0,"max_hp_loss":0,"event_name":"The Library","floor":20,"gold_loss":0}],"is_beta":false,"boss_relics":[{"not_picked":["SlaversCollar","Cursed Key"],"picked":"Runic Pyramid"}],"items_purged_floors":[21],"is_endless":false,"potions_floor_spawned":[3,4,10,18,19],"killed_by":"Slavers","ascension_level":16}}