{"host":"18wi9kpcl4eah7pe","time":1608337096,"event":{"mods":["BaseMod","Colored Powertips","Downfall","Minty Spire (QoL Compilation)","StSLib","The Cursed"],"gold_per_floor":[99,64,64,64,29,29,52,52,66,66,66],"floor_reached":10,"playtime":410,"items_purged":[],"score":52,"play_id":"51f18f6a-8ffc-4d1e-a7d2-67e68349596f","local_time":"20201218181816","is_ascension_mode":false,"campfire_choices":[{"floor":1,"key":"RECALL"},{"data":"champ:BerserkerStyle","floor":4,"key":"SMITH"},{"data":"champ:BringItOn","floor":6,"key":"SMITH"},{"data":"champ:FocusedGladiator","floor":8,"key":"SMITH"}],"circlet_count":0,"master_deck":["champ:Strike","champ:Strike","champ:Strike","champ:Strike","champ:Defend","champ:Defend","champ:Defend","champ:Defend","champ:Execute","champ:Taunt","champ:FocusedGladiator+1","champ:BerserkerStyle+1","champ:BerserkersShout","champ:BringItOn+1","champ:SkillfulDodge","champ:RisingSlash"],"relics":["champ:ChampionCrown","downfall:HeartsMalice"],"acts_visited":["Exordium"],"potions_floor_usage":[],"damage_taken":[{"damage":0,"enemies":"downfall:FleeingMerchant","floor":2,"turns":1},{"damage":0,"enemies":"Cultist","floor":3,"turns":1},{"damage":0,"enemies":"downfall:FleeingMerchant","floor":5,"turns":1},{"damage":8,"enemies":"Small Slimes","floor":9,"turns":5},{"damage":87,"enemies":"Gremlin Nob","floor":10,"turns":6}],"seed_played":"-2272343599423870684","potions_obtained":[{"floor":9,"key":"Swift Potion"}],"is_trial":false,"path_per_floor":["R","$","M","R","$","R","T","R","M","E"],"character_chosen":"THE_CHAMP","items_purchased":["champ:BerserkerStyle","champ:SkillfulDodge"],"campfire_rested":0,"item_purchase_floors":[2,5],"current_hp_per_floor":[90,90,90,90,90,90,90,90,85,0,0],"gold":66,"neow_bonus":"THREE_ENEMY_KILL","is_daily":false,"chose_seed":false,"campfire_upgraded":3,"win_rate":0.0,"timestamp":1608337096,"path_taken":["R","$","?","R","$","R","T","R","M","E"],"items_purchased_type":["Card","Card"],"build_version":"2020-12-13","purchased_purges":0,"victory":false,"max_hp_per_floor":[90,90,90,90,90,90,90,90,90,90,90],"card_choices":[{"not_picked":["champ:Devastate","champ:RapidStrikes"],"picked":"champ:FocusedGladiator","floor":2},{"not_picked":["champ:DefensiveShout","champ:GladiatorsShout"],"picked":"champ:BerserkersShout","floor":3},{"not_picked":["champ:Encircle","champ:PreciseThrust"],"picked":"champ:BringItOn","floor":5},{"not_picked":["champ:GladiatorsShout","champ:DeathBlow"],"picked":"champ:RisingSlash","floor":9}],"player_experience":815736,"relics_obtained":[],"event_choices":[],"is_beta":false,"boss_relics":[],"items_purged_floors":[],"is_endless":false,"potions_floor_spawned":[9],"killed_by":"Gremlin Nob","ascension_level":0}}