{"host":"jrmqsbok61y7b34d","time":1608420644,"event":{"mods":["BaseMod","Colored Map","Colored Powertips","Emptier Cage","Minty Spire (QoL Compilation)","Permanent Neow","Quick Restart","Relic Stats","StSLib","Unceasing Turn Reminder"],"gold_per_floor":[110,124,136,136,61,61,89,108,108,108,123,158,176,208,208,313,313,329,429,371,382,395,424,424,442,520,550,550,567,567,97,97,97,97],"floor_reached":33,"playtime":4956,"items_purged":["Clumsy","Strike_G"],"score":571,"play_id":"0a1b2a50-e555-48ba-887c-e5ee27020566","local_time":"20201219233044","is_ascension_mode":true,"campfire_choices":[{"data":"Skewer","floor":6.0,"key":"SMITH"},{"data":"Accuracy","floor":15.0,"key":"SMITH"},{"floor":24.0,"key":"REST"},{"data":"Glass Knife","floor":30.0,"key":"SMITH"},{"data":"Backflip","floor":32.0,"key":"SMITH"}],"circlet_count":0,"master_deck":["AscendersBane","Strike_G","Strike_G","Strike_G","Defend_G","Defend_G","Defend_G","Defend_G","Defend_G","Survivor","Neutralize","Corpse Explosion","All Out Attack","Infinite Blades","Skewer+1","Blade Dance","PiercingWail","Dash","Blade Dance","Accuracy+1","Glass Knife+1","Cloak And Dagger","Noxious Fumes","Escape Plan","Dark Shackles","Backflip+1","Accuracy"],"relics":["Ring of the Snake","Snake Skull","Bag of Marbles","StrikeDummy","Juzu Bracelet","Sozu","Happy Flower","Question Card","Singing Bowl","Ancient Tea Set","Incense Burner"],"acts_visited":["Exordium","TheCity"],"potions_floor_usage":[],"damage_taken":[{"damage":1.0,"enemies":"Jaw Worm","floor":1.0,"turns":5.0},{"damage":0.0,"enemies":"Small Slimes","floor":2.0,"turns":2.0},{"damage":3.0,"enemies":"Cultist","floor":3.0,"turns":4.0},{"damage":0.0,"enemies":"Lagavulin","floor":7.0,"turns":7.0},{"damage":0.0,"enemies":"Lots of Slimes","floor":8.0,"turns":1.0},{"damage":0.0,"enemies":"Gremlin Gang","floor":11.0,"turns":2.0},{"damage":12.0,"enemies":"3 Sentries","floor":12.0,"turns":3.0},{"damage":0.0,"enemies":"Large Slime","floor":13.0,"turns":3.0},{"damage":10.0,"enemies":"Lagavulin","floor":14.0,"turns":5.0},{"damage":25.0,"enemies":"Slime Boss","floor":16.0,"turns":9.0},{"damage":0.0,"enemies":"3 Byrds","floor":18.0,"turns":3.0},{"damage":0.0,"enemies":"Chosen","floor":21.0,"turns":3.0},{"damage":5.0,"enemies":"Snecko","floor":22.0,"turns":3.0},{"damage":26.0,"enemies":"Book of Stabbing","floor":23.0,"turns":5.0},{"damage":7.0,"enemies":"Shelled Parasite and Fungi","floor":25.0,"turns":4.0},{"damage":0.0,"enemies":"Gremlin Leader","floor":27.0,"turns":6.0},{"damage":0.0,"enemies":"Snake Plant","floor":29.0,"turns":3.0},{"damage":52,"enemies":"Collector","floor":33,"turns":5}],"seed_played":"-6060831955746986871","potions_obtained":[{"floor":1.0,"key":"PowerPotion"},{"floor":2.0,"key":"Strength Potion"},{"floor":7.0,"key":"CunningPotion"},{"floor":12.0,"key":"Energy Potion"},{"floor":16.0,"key":"LiquidMemories"}],"is_trial":false,"path_per_floor":["M","M","M","?","$","R","E","M","T","?","M","E","M","E","R","B",null,"M","?","?","M","M","E","R","M","T","E","?","M","R","$","R","B"],"character_chosen":"THE_SILENT","items_purchased":["Accuracy","Incense Burner"],"campfire_rested":1,"item_purchase_floors":[31,31],"current_hp_per_floor":[62,62,59,59,59,59,59,59,59,59,59,47,47,37,37,12,56,56,56,56,56,51,25,46,39,39,41,41,41,41,41,41,0,0],"gold":97,"neow_bonus":"THREE_RARE_CARDS","is_daily":false,"chose_seed":false,"campfire_upgraded":4,"win_rate":0.0,"timestamp":1608420644,"path_taken":["M","M","M","?","$","R","E","M","T","?","?","E","M","E","R","BOSS","M","?","?","M","M","E","R","M","T","E","?","M","R","$","R","BOSS"],"items_purchased_type":["Card","Relic"],"build_version":"2020-12-13","purchased_purges":2,"victory":false,"max_hp_per_floor":[70,70,70,70,70,70,70,70,70,70,70,70,70,70,70,70,70,70,70,70,70,70,70,70,70,70,72,72,72,72,72,72,72,72],"relic_stats":{"Sozu":3,"Happy Flower":[9],"Singing Bowl":2,"counters":[18,73],"Snake Skull":[24],"Juzu Bracelet":3,"Question Card":3,"obtain_stats":[{"Sozu":17,"Happy Flower":20,"Singing Bowl":26,"Snake Skull":7,"Bag of Marbles":9,"Juzu Bracelet":14,"Incense Burner":31,"StrikeDummy":12,"Question Card":23,"Ancient Tea Set":27,"Ring of the Snake":0},{"Sozu":10,"Happy Flower":11,"Singing Bowl":15,"Snake Skull":4,"Bag of Marbles":5,"Juzu Bracelet":9,"Incense Burner":17,"StrikeDummy":7,"Question Card":14,"Ancient Tea Set":16,"Ring of the Snake":0},{"Sozu":41,"Happy Flower":44,"Singing Bowl":59,"Snake Skull":18,"Bag of Marbles":19,"Juzu Bracelet":32,"Incense Burner":68,"StrikeDummy":24,"Question Card":55,"Ancient Tea Set":65,"Ring of the Snake":0}],"Ring of the Snake":[36]},"card_choices":[{"not_picked":["Bullet Time","Tools of the Trade"],"picked":"Corpse Explosion","floor":0.0},{"not_picked":["Backflip","Predator"],"picked":"All Out Attack","floor":1.0},{"not_picked":["Accuracy","Underhanded Strike"],"picked":"Infinite Blades","floor":2.0},{"not_picked":["Slice","Infinite Blades"],"picked":"Skewer","floor":3.0},{"not_picked":["Deflect","Expertise"],"picked":"Blade Dance","floor":7.0},{"not_picked":["Underhanded Strike","Flying Knee"],"picked":"PiercingWail","floor":8.0},{"not_picked":["Dodge and Roll","Prepared","Quick Slash"],"picked":"SKIP","floor":11.0},{"not_picked":["Corpse Explosion","Outmaneuver"],"picked":"Blade Dance","floor":12.0},{"not_picked":["Quick Slash","PiercingWail","Slice"],"picked":"SKIP","floor":13.0},{"not_picked":["Outmaneuver","Tools of the Trade"],"picked":"Accuracy","floor":14.0},{"not_picked":["Corpse Explosion","Venomology"],"picked":"Glass Knife","floor":16.0},{"not_picked":["Prepared","Calculated Gamble","Slice"],"picked":"SKIP","floor":18.0},{"not_picked":["Bane+1","Concentrate","Quick Slash"],"picked":"SKIP","floor":21.0},{"not_picked":["Dash","Flechettes"],"picked":"Cloak And Dagger","floor":22.0},{"not_picked":["Finisher","Choke"],"picked":"Noxious Fumes","floor":23.0},{"not_picked":["Outmaneuver","Dash+1","Deflect"],"picked":"Escape Plan","floor":25.0},{"not_picked":["Cloak And Dagger","Well Laid Plans","Acrobatics+1","Catalyst"],"picked":"Singing Bowl","floor":27.0},{"not_picked":["Distraction","Cloak And Dagger","Heel Hook"],"picked":"Backflip","floor":29.0}],"player_experience":959615,"relics_obtained":[{"floor":7.0,"key":"Snake Skull"},{"floor":9.0,"key":"Bag of Marbles"},{"floor":12.0,"key":"StrikeDummy"},{"floor":14.0,"key":"Juzu Bracelet"},{"floor":23.0,"key":"Question Card"},{"floor":26.0,"key":"Singing Bowl"},{"floor":27.0,"key":"Ancient Tea Set"}],"event_choices":[{"damage_healed":0.0,"max_hp_gain":0.0,"max_hp_loss":0.0,"gold_gain":0.0,"event_name":"Liars Game","player_choice":"Ignored","floor":4.0,"gold_loss":0.0,"damage_taken":0.0},{"damage_healed":0.0,"max_hp_gain":0.0,"max_hp_loss":0.0,"gold_gain":0.0,"cards_transformed":["Strike_G"],"event_name":"Transmorgrifier","player_choice":"Transformed","floor":10.0,"gold_loss":0.0,"damage_taken":0.0,"cards_obtained":["Dash"]},{"damage_healed":0.0,"max_hp_gain":0.0,"max_hp_loss":0.0,"gold_gain":100.0,"event_name":"Golden Shrine","player_choice":"Pray","floor":19.0,"gold_loss":0.0,"damage_taken":0.0},{"damage_healed":0.0,"max_hp_gain":0.0,"max_hp_loss":0.0,"gold_gain":0.0,"event_name":"WeMeetAgain","player_choice":"Paid Gold","floor":20.0,"gold_loss":58.0,"damage_taken":0.0,"relics_obtained":["Happy Flower"]},{"damage_healed":0.0,"max_hp_gain":0.0,"max_hp_loss":0.0,"gold_gain":0.0,"event_name":"Match and Keep!","player_choice":"1 cards matched","floor":28.0,"gold_loss":0.0,"damage_taken":0.0,"cards_obtained":["Dark Shackles"]}],"is_beta":false,"boss_relics":[{"not_picked":["Busted Crown","Velvet Choker"],"picked":"Sozu"}],"items_purged_floors":[5,31],"is_endless":false,"potions_floor_spawned":[1,2,3,7,12,16,23,25,27],"killed_by":"Collector","ascension_level":12}}