{"host":"wg33yb1rgt3nbe17","time":1608417515,"event":{"mods":["AchievementEnabler","BaseMod","Colored Map","Minty Spire (QoL Compilation)","Permanent Neow","Relic Stats","StSLib"],"gold_per_floor":[115,130,140,0,0,0,0,27,27,27,27,27,58,78,78,155,155,169,94,94,106,6,6,22,22,22,22,41,59,59,94,94,167,167,179,179,179,179,21,21,36,36,83,83,100,100,100],"floor_reached":46,"playtime":1326,"items_purged":["Strike_R","Parasite"],"score":893,"play_id":"18e7e89c-12ca-4985-bbe0-ca0c6210006f","local_time":"20201219173835","is_ascension_mode":true,"campfire_choices":[{"data":"Searing Blow","floor":6,"key":"SMITH"},{"data":"Searing Blow+1","floor":10,"key":"SMITH"},{"data":"Searing Blow+2","floor":12,"key":"SMITH"},{"data":"Searing Blow+3","floor":15,"key":"SMITH"},{"data":"Searing Blow+5","floor":23,"key":"SMITH"},{"data":"Searing Blow+6","floor":25,"key":"SMITH"},{"data":"Searing Blow+7","floor":27,"key":"SMITH"},{"data":"Searing Blow+8","floor":32,"key":"SMITH"},{"data":"Searing Blow+9","floor":40,"key":"SMITH"},{"data":"Searing Blow+10","floor":42,"key":"SMITH"},{"data":"Searing Blow+11","floor":44,"key":"SMITH"}],"circlet_count":0,"master_deck":["AscendersBane","Strike_R","Strike_R","Strike_R","Defend_R+1","Defend_R+1","Defend_R","Defend_R","Bash","Anger","Pommel Strike","Searing Blow+12","Warcry","Fiend Fire","Bloodletting","Feed","Sever Soul","Pommel Strike","Disarm","Shrug It Off","Havoc","Barricade","CurseOfTheBell","Writhe"],"relics":["Burning Blood","Ginger","Self Forming Clay","Eternal Feather","Orichalcum","Coffee Dripper","Pantograph","Vajra","Calling Bell","Ancient Tea Set","Singing Bowl","Bird Faced Urn","Strawberry","Regal Pillow"],"acts_visited":["Exordium","TheCity","TheBeyond"],"potions_floor_usage":[13,16,21,24,31,33,38,41],"damage_taken":[{"damage":8,"enemies":"2 Louse","floor":1,"turns":4},{"damage":9,"enemies":"Jaw Worm","floor":2,"turns":3},{"damage":6,"enemies":"Cultist","floor":3,"turns":3},{"damage":35,"enemies":"3 Sentries","floor":8,"turns":7},{"damage":16,"enemies":"Gremlin Nob","floor":13,"turns":3},{"damage":13,"enemies":"Blue Slaver","floor":14,"turns":3},{"damage":39,"enemies":"Hexaghost","floor":16,"turns":10},{"damage":18,"enemies":"Chosen","floor":18,"turns":4},{"damage":0,"enemies":"Spheric Guardian","floor":21,"turns":2},{"damage":11,"enemies":"3 Cultists","floor":24,"turns":5},{"damage":15,"enemies":"Centurion and Healer","floor":28,"turns":4},{"damage":0,"enemies":"Sentry and Sphere","floor":29,"turns":2},{"damage":27,"enemies":"Gremlin Leader","floor":31,"turns":4},{"damage":77,"enemies":"Champ","floor":33,"turns":9},{"damage":45,"enemies":"3 Shapes","floor":35,"turns":8},{"damage":28,"enemies":"3 Darklings","floor":41,"turns":5},{"damage":34,"enemies":"4 Shapes","floor":45,"turns":5},{"damage":58,"enemies":"Jaw Worm Horde","floor":46,"turns":4}],"seed_played":"2069064553424920860","potions_obtained":[{"floor":8,"key":"DuplicationPotion"},{"floor":13,"key":"EssenceOfSteel"},{"floor":14,"key":"SteroidPotion"},{"floor":16,"key":"LiquidMemories"},{"floor":18,"key":"PowerPotion"},{"floor":21,"key":"FearPotion"},{"floor":29,"key":"Strength Potion"},{"floor":33,"key":"Dexterity Potion"},{"floor":38,"key":"Fruit Juice"},{"floor":38,"key":"SkillPotion"}],"is_trial":false,"path_per_floor":["M","M","M","$","?","R","?","E","T","R","?","R","E","M","R","B",null,"M","$","?","M","$","R","M","R","T","R","M","M","?","E","R","B",null,"M","?","?","?","$","R","M","R","T","R","M","M"],"character_chosen":"IRONCLAD","items_purchased":["Searing Blow","SpeedPotion","Strawberry"],"campfire_rested":0,"item_purchase_floors":[4,4,39],"current_hp_per_floor":[66,63,63,63,68,68,46,17,17,26,44,53,43,36,45,12,58,49,49,49,55,55,64,62,74,74,76,67,76,76,55,67,8,61,26,42,42,47,54,66,48,60,60,72,49,0,0],"gold":100,"neow_bonus":"ONE_RARE_RELIC","is_daily":false,"chose_seed":false,"campfire_upgraded":11,"win_rate":0.0,"timestamp":1608417515,"path_taken":["M","M","M","$","?","R","?","E","T","R","?","R","E","?","R","BOSS","M","$","?","?","$","R","M","R","T","R","M","M","?","E","R","BOSS","M","?","?","?","$","R","M","R","T","R","M","M"],"items_purchased_type":["Card","Potion","Relic"],"build_version":"2020-12-13","purchased_purges":2,"victory":false,"max_hp_per_floor":[68,68,68,68,73,73,73,73,73,73,73,73,73,73,73,73,73,76,76,76,76,73,73,76,76,76,76,76,79,79,79,79,79,79,81,81,81,86,93,93,95,95,95,95,100,100,100],"relic_stats":{"Regal Pillow":0,"Singing Bowl":6,"counters":[18,85],"Self Forming Clay":[126],"Pantograph":12,"Bird Faced Urn":[6],"Eternal Feather":98,"Ginger":[8],"Orichalcum":[84],"obtain_stats":[{"Regal Pillow":43,"Singing Bowl":34,"Self Forming Clay":8,"Vajra":31,"Eternal Feather":9,"Ginger":0,"Orichalcum":13,"Ancient Tea Set":34,"Burning Blood":0,"Calling Bell":34,"Pantograph":26,"Bird Faced Urn":34,"Strawberry":39,"Coffee Dripper":17},{"Regal Pillow":16,"Singing Bowl":14,"Self Forming Clay":4,"Vajra":13,"Eternal Feather":4,"Ginger":0,"Orichalcum":5,"Ancient Tea Set":14,"Burning Blood":0,"Calling Bell":14,"Pantograph":10,"Bird Faced Urn":14,"Strawberry":15,"Coffee Dripper":7},{"Regal Pillow":76,"Singing Bowl":63,"Self Forming Clay":17,"Vajra":54,"Eternal Feather":17,"Ginger":0,"Orichalcum":20,"Ancient Tea Set":63,"Burning Blood":0,"Calling Bell":63,"Pantograph":44,"Bird Faced Urn":63,"Strawberry":71,"Coffee Dripper":33}],"Burning Blood":102},"card_choices":[{"not_picked":["Clash","Perfected Strike"],"picked":"Anger","floor":1},{"not_picked":["Perfected Strike","Fire Breathing"],"picked":"Pommel Strike","floor":2},{"not_picked":["Thunderclap","Body Slam","Clash"],"picked":"SKIP","floor":3},{"not_picked":["Uppercut","Power Through"],"picked":"Warcry","floor":8},{"not_picked":["Combust","Sword Boomerang"],"picked":"Fiend Fire","floor":13},{"not_picked":["Heavy Blade","Whirlwind"],"picked":"Bloodletting","floor":14},{"not_picked":["Reaper","Immolate"],"picked":"Feed","floor":16},{"not_picked":["Clash","Sword Boomerang"],"picked":"Sever Soul","floor":18},{"not_picked":["Reckless Charge","Sword Boomerang"],"picked":"Pommel Strike","floor":21},{"not_picked":["Warcry","Clothesline"],"picked":"Disarm","floor":24},{"not_picked":["Bludgeon","Cleave+1"],"picked":"Shrug It Off","floor":28},{"not_picked":["Dropkick","Iron Wave","Infernal Blade"],"picked":"SKIP","floor":29},{"not_picked":["Carnage","Power Through"],"picked":"Havoc","floor":31},{"not_picked":["Juggernaut","Limit Break"],"picked":"Barricade","floor":33},{"not_picked":["Dark Embrace","True Grit","Combust"],"picked":"Singing Bowl","floor":35},{"not_picked":["Wild Strike+1","Armaments","Pommel Strike"],"picked":"Singing Bowl","floor":41},{"not_picked":["Infernal Blade","Rupture","Spot Weakness"],"picked":"Singing Bowl","floor":45}],"player_experience":519437,"relics_obtained":[{"floor":8,"key":"Self Forming Clay"},{"floor":9,"key":"Eternal Feather"},{"floor":13,"key":"Orichalcum"},{"floor":26,"key":"Pantograph"},{"floor":31,"key":"Vajra"},{"floor":34,"key":"Ancient Tea Set"},{"floor":34,"key":"Singing Bowl"},{"floor":34,"key":"Bird Faced Urn"},{"floor":43,"key":"Regal Pillow"}],"event_choices":[{"damage_healed":0,"gold_gain":0,"player_choice":"Donut","damage_taken":0,"max_hp_gain":5,"max_hp_loss":0,"event_name":"Big Fish","floor":5,"gold_loss":0},{"damage_healed":0,"gold_gain":0,"player_choice":"Entered Light","damage_taken":22,"max_hp_gain":0,"max_hp_loss":0,"event_name":"Shining Light","floor":7,"gold_loss":0,"cards_upgraded":["Defend_R","Defend_R"]},{"damage_healed":18,"gold_gain":0,"player_choice":"Healed and dodged fight","damage_taken":0,"max_hp_gain":0,"max_hp_loss":0,"event_name":"Mushrooms","floor":11,"gold_loss":0,"cards_obtained":["Parasite"]},{"damage_healed":0,"gold_gain":0,"player_choice":"Upgraded","damage_taken":0,"max_hp_gain":0,"max_hp_loss":0,"event_name":"Upgrade Shrine","floor":20,"gold_loss":0,"cards_upgraded":["Searing Blow"]},{"damage_healed":0,"gold_gain":0,"player_choice":"Ignored","damage_taken":0,"max_hp_gain":0,"max_hp_loss":0,"event_name":"Vampires","floor":30,"gold_loss":0},{"damage_healed":16,"gold_gain":0,"player_choice":"Writhe","damage_taken":0,"max_hp_gain":0,"max_hp_loss":0,"event_name":"Winding Halls","floor":36,"gold_loss":0,"cards_obtained":["Writhe"]},{"cards_removed":["Strike_R"],"damage_healed":0,"gold_gain":0,"player_choice":"Removed Attack","damage_taken":0,"max_hp_gain":0,"max_hp_loss":0,"event_name":"Falling","floor":37,"gold_loss":0},{"damage_healed":0,"gold_gain":0,"player_choice":"Got Potions","damage_taken":0,"max_hp_gain":0,"max_hp_loss":0,"event_name":"Lab","floor":38,"gold_loss":0}],"is_beta":false,"boss_relics":[{"not_picked":["Fusion Hammer","Ectoplasm"],"picked":"Coffee Dripper"},{"not_picked":["Cursed Key","Astrolabe"],"picked":"Calling Bell"}],"items_purged_floors":[19,22],"is_endless":false,"potions_floor_spawned":[8,13,14,16,18,21,29,33],"killed_by":"Jaw Worm Horde","ascension_level":17}}