{"host":"jksa5rawk3m4gilz","time":1608391144,"event":{"mods":["BaseMod","Colored Map","Highlight Path","Minty Spire (QoL Compilation)","Quick Restart"],"gold_per_floor":[119,119,137,148,162,197,197,254,254,272,272,302,314,314,314,414,414,430,448,216,229,243,243,243],"floor_reached":23,"playtime":892,"items_purged":["Defend_P"],"score":355,"play_id":"a04d8fda-6879-487e-b18c-adc9197e414c","local_time":"20201219161904","is_ascension_mode":true,"campfire_choices":[{"data":"Eruption","floor":7,"key":"SMITH"},{"floor":11,"key":"REST"},{"data":"PathToVictory","floor":15,"key":"SMITH"}],"circlet_count":0,"master_deck":["AscendersBane","Strike_P","Defend_P","Defend_P","Eruption+1","Vigilance","PathToVictory+1","BowlingBash+1","BowlingBash+1","LikeWater","SpiritShield","LikeWater","Wish","PathToVictory+1","Judgement","ClearTheMind"],"relics":["Astrolabe","Dead Branch","Toy Ornithopter","Bottled Lightning","FossilizedHelix","Akabeko","SacredBark","Art of War"],"acts_visited":["Exordium","TheCity"],"potions_floor_usage":[5,12,19,23],"damage_taken":[{"damage":0,"enemies":"2 Louse","floor":1,"turns":1},{"damage":0,"enemies":"Jaw Worm","floor":3,"turns":3},{"damage":0,"enemies":"Small Slimes","floor":4,"turns":2},{"damage":1,"enemies":"Exordium Thugs","floor":5,"turns":4},{"damage":8,"enemies":"Gremlin Nob","floor":6,"turns":3},{"damage":12,"enemies":"3 Sentries","floor":8,"turns":6},{"damage":8,"enemies":"Lots of Slimes","floor":10,"turns":5},{"damage":11,"enemies":"Gremlin Nob","floor":12,"turns":4},{"damage":0,"enemies":"Looter","floor":13,"turns":2},{"damage":2,"enemies":"Slime Boss","floor":16,"turns":10},{"damage":0,"enemies":"Spheric Guardian","floor":18,"turns":1},{"damage":9,"enemies":"2 Thieves","floor":19,"turns":4},{"damage":28,"enemies":"3 Cultists","floor":21,"turns":5},{"damage":0,"enemies":"Sentry and Sphere","floor":22,"turns":2},{"damage":37,"enemies":"Book of Stabbing","floor":23,"turns":4}],"seed_played":"7594734085738858750","potions_obtained":[{"floor":3,"key":"Energy Potion"},{"floor":4,"key":"SpeedPotion"},{"floor":6,"key":"PowerPotion"},{"floor":12,"key":"Ambrosia"},{"floor":16,"key":"Fire Potion"},{"floor":19,"key":"LiquidMemories"}],"is_trial":false,"path_per_floor":["M","?","M","M","M","E","R","E","T","M","R","E","M","?","R","B",null,"M","M","$","M","M","E"],"character_chosen":"WATCHER","items_purchased":["Art of War"],"campfire_rested":1,"item_purchase_floors":[20],"current_hp_per_floor":[65,65,65,65,64,56,56,44,44,36,57,51,51,39,39,37,63,63,59,59,31,31,0,0],"gold":243,"neow_bonus":"BOSS_RELIC","is_daily":false,"chose_seed":false,"campfire_upgraded":2,"win_rate":0.0,"timestamp":1608391144,"path_taken":["M","?","M","M","M","E","R","E","T","M","R","E","M","?","R","BOSS","M","M","$","M","M","E"],"items_purchased_type":["Relic"],"build_version":"2020-12-13","purchased_purges":1,"victory":false,"max_hp_per_floor":[72,72,72,72,72,72,72,72,72,72,72,72,72,72,72,72,72,72,72,72,72,72,72,72],"card_choices":[{"not_picked":["CrushJoints","SignatureMove"],"picked":"LikeWater","floor":1},{"not_picked":["Pray","CarveReality"],"picked":"LikeWater","floor":3},{"not_picked":["BattleHymn","Vengeance","Swivel"],"picked":"SKIP","floor":4},{"not_picked":["EmptyMind","Nirvana","ThirdEye"],"picked":"SKIP","floor":5},{"not_picked":["FlyingSleeves","SashWhip"],"picked":"Wish","floor":6},{"not_picked":["Perseverance","ForeignInfluence"],"picked":"PathToVictory","floor":8},{"not_picked":["Weave","WindmillStrike","FlurryOfBlows"],"picked":"SKIP","floor":10},{"not_picked":["Perseverance","Crescendo","ThirdEye"],"picked":"SKIP","floor":12},{"not_picked":["Adaptation","Prostrate","FollowUp"],"picked":"SKIP","floor":13},{"not_picked":["Vault","Establishment"],"picked":"Judgement","floor":16},{"not_picked":["BowlingBash","FlurryOfBlows","Halt"],"picked":"SKIP","floor":18},{"not_picked":["Halt+1","ThirdEye","Wallop"],"picked":"SKIP","floor":19},{"not_picked":["Halt","Crescendo","CutThroughFate+1"],"picked":"SKIP","floor":21},{"not_picked":["PathToVictory","Vault"],"picked":"ClearTheMind","floor":22}],"player_experience":2038176,"relics_obtained":[{"floor":6,"key":"Dead Branch"},{"floor":8,"key":"Toy Ornithopter"},{"floor":9,"key":"Bottled Lightning"},{"floor":12,"key":"FossilizedHelix"}],"event_choices":[{"damage_healed":0,"gold_gain":0,"cards_transformed":["Strike_P"],"player_choice":"Change","damage_taken":0,"max_hp_gain":0,"max_hp_loss":0,"event_name":"Living Wall","floor":2,"gold_loss":0,"cards_obtained":["SpiritShield"]},{"damage_healed":0,"gold_gain":0,"player_choice":"Success","damage_taken":12,"relics_obtained":["Akabeko"],"max_hp_gain":0,"max_hp_loss":0,"event_name":"Scrap Ooze","floor":14,"gold_loss":0}],"is_beta":false,"boss_relics":[{"not_picked":["Coffee Dripper","Ectoplasm"],"picked":"SacredBark"}],"items_purged_floors":[20],"is_endless":false,"potions_floor_spawned":[3,4,6,12,13,16,19,21],"killed_by":"Book of Stabbing","ascension_level":13}}