{"host":"dvpvhz1t6etneyb3","time":1608341757,"event":{"mods":["AchievementEnabler","BaseMod","Colored Map","Highlight Path","Minty Spire (QoL Compilation)","Permanent Neow","Quick Restart"],"gold_per_floor":[216,229,229,43,63,88,88,13,60,75,90,116,131,165,165,239,239,251,271,281,28,28,28,28],"floor_reached":23,"playtime":7662,"items_purged":["Pain"],"score":426,"play_id":"8a7e27f9-6dce-423d-812f-98594a7696ba","local_time":"20201218203557","is_ascension_mode":true,"campfire_choices":[{"data":"Gash","floor":7.0,"key":"SMITH"},{"floor":15.0,"key":"REST"}],"circlet_count":0,"master_deck":["AscendersBane","Strike_B","Strike_B","Strike_B","Defend_B","Defend_B","Defend_B+1","Defend_B","Zap","Dualcast","Gash+1","Melter","Reprogram+1","Conserve Battery","Hologram","Echo Form","Sunder","Reinforced Body","Fission","Undo","Fusion","Multi-Cast","Reinforced Body","Steam Power","Steam+1"],"relics":["Cracked Core","WarpedTongs","War Paint","Centennial Puzzle","Nunchaku","Ancient Tea Set","Black Star","Orrery"],"acts_visited":["Exordium","TheCity"],"potions_floor_usage":[23],"damage_taken":[{"damage":7.0,"enemies":"2 Louse","floor":1.0,"turns":3.0},{"damage":2.0,"enemies":"Cultist","floor":2.0,"turns":4.0},{"damage":0.0,"enemies":"Small Slimes","floor":5.0,"turns":3.0},{"damage":8.0,"enemies":"Gremlin Nob","floor":6.0,"turns":3.0},{"damage":4.0,"enemies":"Exordium Thugs","floor":10.0,"turns":4.0},{"damage":8.0,"enemies":"Exordium Wildlife","floor":11.0,"turns":3.0},{"damage":12.0,"enemies":"3 Sentries","floor":12.0,"turns":10.0},{"damage":1.0,"enemies":"3 Louse","floor":13.0,"turns":3.0},{"damage":18.0,"enemies":"Gremlin Nob","floor":14.0,"turns":4.0},{"damage":2.0,"enemies":"The Guardian","floor":16.0,"turns":11.0},{"damage":11.0,"enemies":"Shell Parasite","floor":18.0,"turns":7.0},{"damage":0.0,"enemies":"Spheric Guardian","floor":19.0,"turns":2.0},{"damage":7.0,"enemies":"Snake Plant","floor":20.0,"turns":7.0},{"damage":62,"enemies":"Slavers","floor":23,"turns":6}],"seed_played":"5348309590202565086","potions_obtained":[{"floor":1.0,"key":"AttackPotion"},{"floor":5.0,"key":"Swift Potion"},{"floor":10.0,"key":"SpeedPotion"},{"floor":12.0,"key":"SkillPotion"},{"floor":16.0,"key":"Block Potion"},{"floor":20.0,"key":"Strength Potion"}],"is_trial":false,"path_per_floor":["M","M","?","$","M","E","R","?","T","M","M","E","M","E","R","B",null,"M","M","M","$","?","E"],"character_chosen":"DEFECT","items_purchased":["Fruit Juice","Fusion","Orrery"],"campfire_rested":1,"item_purchase_floors":[4,21,21],"current_hp_per_floor":[57,55,55,55,60,52,52,52,52,48,40,28,27,9,31,29,64,53,53,46,46,46,0,0],"gold":28,"neow_bonus":"HUNDRED_GOLD","is_daily":false,"chose_seed":false,"campfire_upgraded":1,"win_rate":0.0,"timestamp":1608341757,"path_taken":["M","M","?","$","?","E","R","?","T","M","M","E","M","E","R","BOSS","M","M","M","$","?","E"],"items_purchased_type":["Potion","Card","Relic"],"build_version":"2020-12-13","purchased_purges":1,"victory":false,"max_hp_per_floor":[71,71,71,71,76,76,76,76,76,76,76,76,76,76,76,76,76,76,76,76,76,76,76,76],"card_choices":[{"not_picked":["Fusion","Genetic Algorithm"],"picked":"Gash","floor":1.0},{"not_picked":["Go for the Eyes","Coolheaded"],"picked":"Melter","floor":2.0},{"not_picked":["Turbo","Redo"],"picked":"Reprogram","floor":5.0},{"not_picked":["Steam","Storm"],"picked":"Conserve Battery","floor":6.0},{"not_picked":["Tempest","Melter","Storm"],"picked":"SKIP","floor":10.0},{"not_picked":["Stack","Beam Cell"],"picked":"Hologram","floor":11.0},{"not_picked":["Steam Power","Cold Snap"],"picked":"Echo Form","floor":12.0},{"not_picked":["Consume","Go for the Eyes"],"picked":"Sunder","floor":13.0},{"not_picked":["Lockon","Go for the Eyes"],"picked":"Reinforced Body","floor":14.0},{"not_picked":["Meteor Strike","Creative AI"],"picked":"Fission","floor":16.0},{"not_picked":["Hello World","Doom and Gloom"],"picked":"Undo","floor":18.0},{"not_picked":["Beam Cell","Stack","Redo"],"picked":"SKIP","floor":19.0},{"not_picked":["Melter","Loop","Stack"],"picked":"SKIP","floor":20.0},{"not_picked":["Coolheaded","Cold Snap"],"picked":"Multi-Cast","floor":21.0},{"not_picked":["Gash","Steam"],"picked":"Reinforced Body","floor":21.0},{"not_picked":["Ball Lightning","Barrage"],"picked":"Steam Power","floor":21.0},{"not_picked":["Streamline","Auto Shields+1"],"picked":"Steam+1","floor":21.0}],"player_experience":1889332,"relics_obtained":[{"floor":6.0,"key":"War Paint"},{"floor":9.0,"key":"Centennial Puzzle"},{"floor":12.0,"key":"Nunchaku"},{"floor":14.0,"key":"Ancient Tea Set"}],"event_choices":[{"damage_healed":0.0,"max_hp_gain":0.0,"max_hp_loss":0.0,"gold_gain":0.0,"event_name":"Accursed Blacksmith","player_choice":"Rummage","floor":3.0,"gold_loss":0.0,"damage_taken":0.0,"relics_obtained":["WarpedTongs"],"cards_obtained":["Pain"]},{"cards_removed":["Strike_B"],"damage_healed":0.0,"max_hp_gain":0.0,"max_hp_loss":0.0,"gold_gain":0.0,"event_name":"The Cleric","player_choice":"Card Removal","floor":8.0,"gold_loss":75.0,"damage_taken":0.0},{"damage_healed":0.0,"max_hp_gain":0.0,"max_hp_loss":0.0,"gold_gain":0.0,"event_name":"Ghosts","player_choice":"Ignored","floor":22.0,"gold_loss":0.0,"damage_taken":0.0}],"is_beta":false,"boss_relics":[{"not_picked":["SacredBark","Coffee Dripper"],"picked":"Black Star"}],"items_purged_floors":[4],"is_endless":false,"potions_floor_spawned":[1,5,10,12,16,20],"killed_by":"Slavers","ascension_level":20}}