{"host":"3jpwrwmmgyabjceh","time":1608403580,"event":{"mods":["AchievementEnabler","BaseMod","Colored Map","Colored Powertips","Highlight Path","Minty Spire (QoL Compilation)","StSLib"],"gold_per_floor":[116,126,138,165,165,165,180,198,198,198,273,298,320,345,345,447,447,470,470,492,511,511,511],"floor_reached":22,"playtime":847,"items_purged":[],"score":209,"play_id":"d51fe946-7af9-488f-b5f9-3a2f855a0bab","local_time":"20201219214620","is_ascension_mode":true,"campfire_choices":[{"data":"Zap","floor":6,"key":"SMITH"},{"data":"Echo Form","floor":15,"key":"SMITH"}],"circlet_count":0,"master_deck":["Strike_B","Strike_B","Strike_B","Strike_B","Defend_B","Defend_B","Defend_B","Defend_B","Zap+1","Dualcast","Self Repair","Streamline","Go for the Eyes","Glacier","Coolheaded","Blizzard","Blizzard","Echo Form+1","Steam+1","Redo+1"],"relics":["Cracked Core","NeowsBlessing","CeramicFish","Inserter","Orichalcum"],"acts_visited":["Exordium","TheCity"],"potions_floor_usage":[18,22],"damage_taken":[{"damage":0,"enemies":"Cultist","floor":1,"turns":1},{"damage":0,"enemies":"Jaw Worm","floor":2,"turns":1},{"damage":0,"enemies":"2 Louse","floor":3,"turns":1},{"damage":7,"enemies":"2 Fungi Beasts","floor":7,"turns":4},{"damage":6,"enemies":"Gremlin Gang","floor":8,"turns":5},{"damage":1,"enemies":"Exordium Thugs","floor":12,"turns":3},{"damage":2,"enemies":"2 Fungi Beasts","floor":13,"turns":4},{"damage":5,"enemies":"Large Slime","floor":14,"turns":7},{"damage":25,"enemies":"Hexaghost","floor":16,"turns":12},{"damage":42,"enemies":"3 Byrds","floor":18,"turns":4},{"damage":6,"enemies":"Chosen","floor":20,"turns":8},{"damage":33,"enemies":"Shelled Parasite and Fungi","floor":21,"turns":7},{"damage":24,"enemies":"3 Cultists","floor":22,"turns":3}],"seed_played":"8829581421041891629","potions_obtained":[{"floor":2,"key":"Strength Potion"},{"floor":3,"key":"SteroidPotion"},{"floor":8,"key":"Ancient Potion"},{"floor":16,"key":"LiquidBronze"},{"floor":18,"key":"SpeedPotion"},{"floor":20,"key":"EntropicBrew"}],"is_trial":false,"path_per_floor":["M","M","M","T","?","R","M","M","T","?","?","M","M","M","R","B",null,"M","?","M","M","M"],"character_chosen":"DEFECT","items_purchased":[],"campfire_rested":0,"item_purchase_floors":[],"current_hp_per_floor":[75,75,75,75,75,75,75,75,75,80,69,75,80,80,80,62,80,45,45,46,20,0,0],"gold":511,"neow_bonus":"THREE_ENEMY_KILL","is_daily":false,"chose_seed":false,"campfire_upgraded":2,"win_rate":0.0,"timestamp":1608403580,"path_taken":["M","M","M","?","?","R","?","M","T","?","?","M","M","M","R","BOSS","M","?","M","M","M"],"items_purchased_type":[],"build_version":"2020-12-13","purchased_purges":0,"victory":false,"max_hp_per_floor":[75,75,75,75,75,75,75,75,75,80,80,80,80,80,80,80,80,80,80,80,80,80,80],"card_choices":[{"not_picked":["Barrage","Doom and Gloom"],"picked":"Self Repair","floor":1},{"not_picked":["Go for the Eyes","Auto Shields"],"picked":"Streamline","floor":2},{"not_picked":["Steam","White Noise"],"picked":"Go for the Eyes","floor":3},{"not_picked":["Biased Cognition","Darkness"],"picked":"Glacier","floor":7},{"not_picked":["Heatsinks","Go for the Eyes"],"picked":"Coolheaded","floor":8},{"not_picked":["Barrage","Turbo"],"picked":"Blizzard","floor":12},{"not_picked":["Steam","BootSequence"],"picked":"Blizzard","floor":13},{"not_picked":["Steam","Ball Lightning"],"picked":"Echo Form","floor":14},{"not_picked":["Gash","Reinforced Body"],"picked":"Steam+1","floor":18},{"not_picked":["Hologram+1","Chaos"],"picked":"Redo+1","floor":20},{"not_picked":["Rip and Tear","Lockon","Tempest"],"picked":"SKIP","floor":21}],"player_experience":227321,"relics_obtained":[{"floor":9,"key":"CeramicFish"}],"event_choices":[{"damage_healed":0,"gold_gain":0,"player_choice":"Bought 0 Potions","damage_taken":0,"max_hp_gain":0,"max_hp_loss":0,"event_name":"The Woman in Blue","floor":5,"gold_loss":0},{"damage_healed":0,"gold_gain":0,"player_choice":"Donut","damage_taken":0,"max_hp_gain":5,"max_hp_loss":0,"event_name":"Big Fish","floor":10,"gold_loss":0},{"damage_healed":0,"gold_gain":75,"player_choice":"Gather Gold","damage_taken":11,"max_hp_gain":0,"max_hp_loss":0,"event_name":"World of Goop","floor":11,"gold_loss":0},{"damage_healed":0,"gold_gain":0,"player_choice":"Gave Potion","damage_taken":0,"relics_obtained":["Orichalcum"],"max_hp_gain":0,"max_hp_loss":0,"event_name":"WeMeetAgain","floor":19,"gold_loss":0}],"is_beta":false,"boss_relics":[{"not_picked":["Black Star","Astrolabe"],"picked":"Inserter"}],"items_purged_floors":[],"is_endless":false,"potions_floor_spawned":[2,3,8,16,18,20],"killed_by":"3 Cultists","ascension_level":3}}