{"host":"9ndbo4kgsfoemf7y","time":1608384432,"event":{"mods":["AchievementEnabler","BaseMod","Colored Map","DeckTracker","Keyboard Shortcuts","Minty Spire (QoL Compilation)","Permanent Neow","Quick Restart","Relic Stats","StSLib","SuperFastMode"],"gold_per_floor":[368,384,137,137,137,165,165,179,179,14,14,14,31,31,31,31,31],"floor_reached":16,"playtime":334,"items_purged":["Strike_R"],"score":191,"play_id":"c6771b82-4a23-4969-ae42-a9959e969af8","local_time":"20201219222712","is_ascension_mode":true,"campfire_choices":[{"floor":7.0,"key":"REST"},{"data":"Searing Blow","floor":12.0,"key":"SMITH"},{"data":"Searing Blow+1","floor":15.0,"key":"SMITH"}],"circlet_count":0,"master_deck":["AscendersBane","Strike_R","Strike_R","Strike_R","Defend_R","Defend_R","Defend_R","Defend_R","Bash","Armaments","Perfected Strike","Cleave","Intimidate","Searing Blow+2","Pommel Strike"],"relics":["Burning Blood","Juzu Bracelet","Eternal Feather","MealTicket","Pantograph","Membership Card"],"acts_visited":["Exordium"],"potions_floor_usage":[],"damage_taken":[{"damage":14.0,"enemies":"Small Slimes","floor":1.0,"turns":4.0},{"damage":12.0,"enemies":"2 Louse","floor":2.0,"turns":3.0},{"damage":34.0,"enemies":"Lagavulin","floor":6.0,"turns":7.0},{"damage":7.0,"enemies":"Jaw Worm","floor":8.0,"turns":3.0},{"damage":14.0,"enemies":"Looter","floor":13.0,"turns":3.0},{"damage":83,"enemies":"Slime Boss","floor":16,"turns":8}],"seed_played":"3625268457665003080","potions_obtained":[{"floor":2.0,"key":"Dexterity Potion"},{"floor":13.0,"key":"SteroidPotion"}],"is_trial":false,"path_per_floor":["M","M","$","?","?","E","R","M","T","$","?","R","M","$","R","B"],"character_chosen":"IRONCLAD","items_purchased":["Juzu Bracelet","Membership Card"],"campfire_rested":1,"item_purchase_floors":[3,10],"current_hp_per_floor":[60,54,54,36,41,13,40,39,39,54,54,60,52,67,73,0,0],"gold":31,"neow_bonus":"TWO_FIFTY_GOLD","is_daily":false,"chose_seed":false,"campfire_upgraded":2,"win_rate":0.0,"timestamp":1608384432,"path_taken":["M","M","$","?","?","E","R","M","T","?","?","R","M","$","R","BOSS"],"items_purchased_type":["Relic","Relic"],"build_version":"2020-12-13","purchased_purges":1,"victory":false,"max_hp_per_floor":[68,68,68,68,73,73,73,73,73,73,73,73,73,73,73,73,73],"relic_stats":{"counters":[6,28],"Pantograph":0,"Eternal Feather":18,"MealTicket":30,"Juzu Bracelet":0,"obtain_stats":[{"Pantograph":9,"Eternal Feather":4,"MealTicket":6,"Juzu Bracelet":3,"Membership Card":10,"Burning Blood":0},{"Pantograph":4,"Eternal Feather":2,"MealTicket":3,"Juzu Bracelet":2,"Membership Card":4,"Burning Blood":0},{"Pantograph":17,"Eternal Feather":7,"MealTicket":14,"Juzu Bracelet":7,"Membership Card":17,"Burning Blood":0}],"Burning Blood":30},"card_choices":[{"not_picked":["Body Slam","Iron Wave"],"picked":"Armaments","floor":1.0},{"not_picked":["Body Slam","Combust"],"picked":"Perfected Strike","floor":2.0},{"not_picked":["Flex","Sentinel"],"picked":"Cleave","floor":6.0},{"not_picked":["Cleave","Havoc"],"picked":"Intimidate","floor":8.0},{"not_picked":["Infernal Blade","Twin Strike"],"picked":"Pommel Strike","floor":13.0}],"player_experience":711396,"relics_obtained":[{"floor":6.0,"key":"MealTicket"},{"floor":9.0,"key":"Pantograph"}],"event_choices":[{"damage_healed":0.0,"max_hp_gain":0.0,"max_hp_loss":0.0,"gold_gain":0.0,"event_name":"Scrap Ooze","player_choice":"Success","floor":4.0,"gold_loss":0.0,"damage_taken":18.0,"relics_obtained":["Eternal Feather"]},{"damage_healed":0.0,"max_hp_gain":5.0,"max_hp_loss":0.0,"gold_gain":0.0,"event_name":"Big Fish","player_choice":"Donut","floor":5.0,"gold_loss":0.0,"damage_taken":0.0},{"damage_healed":0.0,"max_hp_gain":0.0,"max_hp_loss":0.0,"gold_gain":0.0,"cards_transformed":["Strike_R"],"event_name":"Living Wall","player_choice":"Change","floor":11.0,"gold_loss":0.0,"damage_taken":0.0,"cards_obtained":["Searing Blow"]}],"is_beta":false,"boss_relics":[],"items_purged_floors":[3],"is_endless":false,"potions_floor_spawned":[2,13],"killed_by":"Slime Boss","ascension_level":19}}