{"host":"0azimyi6n3ugndj4","time":1608419376,"event":{"mods":["BaseMod","Bestiary","Conspire","Curses Come First","Defuse TimeMaze Blight","Hyrulean Relics","Infinite Spire","Minty Spire (QoL Compilation)","Relic Sorter","Relic Stats","Replay The Spire","StSLib","SuperFastMode","Uncapped","¡¼?Úª?ø«¡½REMEMod"],"gold_per_floor":[129,129,159,434,464,464,464],"floor_reached":6,"playtime":93,"items_purged":[],"score":147,"play_id":"1e88070a-73d4-46e5-ab4f-31e329b7c7f8","local_time":"20201220080936","daily_mods":["Insanity","Chimera","Specialized","Vintage","ControlledChaos","Allstar","Diverse","Colorless Cards","Heirloom","Time Dilation","Binary","Elite Swarm","Lethality","Midas","Uncertain Future"],"is_ascension_mode":true,"campfire_choices":[],"circlet_count":0,"master_deck":["Demon Form","Wraith Form v2","Echo Form","DevaForm","AscendersBane","Bash","Survivor","Zap","Eruption","Strike_R","Strike_G","Strike_B","Defend_R","Defend_G","Defend_P","Flame Barrier","Poisoned Stab","Dagger Spray","REME_Repentance","Slice","Footwork","Sunder","Backflip","Leap","Leap","Scrape","Dodge and Roll","Hidden Blade","ClearTheMind","Caltrops","Consecrate","Barrage","Leap","Dodge and Roll","Fusion","Turbo","ReplayTheSpireMod:Strike From Hell","Mind Blast","Bane","ReplayTheSpireMod:Trickstab","Headbutt","Beam Cell","Iron Wave","Rebound","Chaos","REME_MagicPocketWatch","Replay:BluntJabs","Slice","Pray","PanicButton","Glacier","Crescendo","Footwork","Rebound","ReplayTheSpireMod:Repulse","PathToVictory","Purity","BattleHymn","Heavy Blade","Draining Mist","Armaments","FearNoEvil","REME_Compress","Run Through","Compile Driver","Double Tap","Panache","Panache","Panache","Panache","Panache","REME_BattleFury","The Bomb","Poisoned Strike","Apotheosis","Apotheosis","ReplayTheSpireMod:The Works","Regret"],"relics":["Ring of the Snake","Frozen Eye","REME_ComplimentaryCards","conspire:GiftBox","Anchor","Bronze Scales","Replay:Bottled Flurry"],"acts_visited":["Exordium"],"potions_floor_usage":[6,6],"damage_taken":[{"damage":13,"enemies":"Small Slimes","floor":1,"turns":3},{"damage":0,"enemies":"Cultist","floor":3,"turns":2},{"damage":12,"enemies":"2 Louse","floor":5,"turns":3},{"damage":47,"enemies":"3 Sentries","floor":6,"turns":3}],"seed_played":"-5292693370389774956","potions_obtained":[{"floor":1,"key":"AttackPotion"},{"floor":5,"key":"Weak Potion"}],"is_trial":true,"path_per_floor":["M","$","M","?","M","E"],"character_chosen":"THE_SILENT","items_purchased":[],"campfire_rested":0,"item_purchase_floors":[],"current_hp_per_floor":[46,46,46,46,34,0,0],"gold":464,"neow_bonus":"","is_daily":false,"chose_seed":false,"campfire_upgraded":0,"win_rate":0.0,"timestamp":1608419376,"path_taken":["M","$","M","?","?","E"],"items_purchased_type":[],"build_version":"2020-12-13","purchased_purges":0,"victory":false,"max_hp_per_floor":[66,66,66,66,66,66,66],"relic_stats":{"counters":[4,11],"Bronze Scales":[12],"obtain_stats":[{"Frozen Eye":0,"conspire:GiftBox":0,"Anchor":1,"Bronze Scales":3,"Replay:Bottled Flurry":5,"Ring of the Snake":0,"REME_ComplimentaryCards":0},{"Frozen Eye":0,"conspire:GiftBox":0,"Anchor":1,"Bronze Scales":2,"Replay:Bottled Flurry":3,"Ring of the Snake":0,"REME_ComplimentaryCards":0},{"Frozen Eye":0,"conspire:GiftBox":0,"Anchor":3,"Bronze Scales":5,"Replay:Bottled Flurry":8,"Ring of the Snake":0,"REME_ComplimentaryCards":0}],"Ring of the Snake":[8]},"card_choices":[{"not_picked":["Meteor Strike"],"picked":"Double Tap","floor":0}],"player_experience":1475565,"relics_obtained":[{"floor":1,"key":"Anchor"},{"floor":3,"key":"Bronze Scales"},{"floor":5,"key":"Replay:Bottled Flurry"}],"event_choices":[{"damage_healed":0,"gold_gain":275,"player_choice":"Desecrate","damage_taken":0,"max_hp_gain":0,"max_hp_loss":0,"event_name":"Golden Shrine","floor":4,"gold_loss":0,"cards_obtained":["Regret"]}],"is_beta":false,"boss_relics":[],"items_purged_floors":[],"is_endless":false,"potions_floor_spawned":[1,5],"killed_by":"3 Sentries","ascension_level":20}}