{"host":"bg8va46pgqgvtzim","time":1608387364,"event":{"mods":["BaseMod","Minty Spire (QoL Compilation)","Quick Restart","StSLib","SuperFastMode","¡¾ÒÅÎï¿¨ÅÆ¡¿REMEMod"],"gold_per_floor":[118,118,132,146,156,156,188,188,188,201,201,232,232,246,246,349,349,361,380,380,380,400,400,431,443,443,443,477,477,508,608,608,704,704,717,734,503,503,520,549,549,549,549,575,575,609,626,641,641,641,641,641,64,96,96],"floor_reached":56,"playtime":2060,"items_purged":["Strike_P","Defend_P"],"score":1617,"play_id":"975780a0-5b17-4d9a-8ca0-4bc6e8cd44ec","local_time":"20201219221604","is_ascension_mode":true,"campfire_choices":[{"data":"Eruption","floor":6.0,"key":"SMITH"},{"data":"Glass Knife","floor":8,"key":"SMITH"},{"data":"Pray","floor":13,"key":"SMITH"},{"data":"Prostrate","floor":15,"key":"SMITH"},{"data":"Collect","floor":23,"key":"SMITH"},{"floor":27,"key":"REST"},{"data":"Worship","floor":32,"key":"SMITH"},{"data":"Establishment","floor":45,"key":"SMITH"},{"floor":49,"key":"RECALL"},{"data":"Finesse","floor":52,"key":"SMITH"}],"circlet_count":0,"master_deck":["Defend_P+1","Defend_P+1","Defend_P","Eruption+1","Vigilance","Establishment+1","Glass Knife+1","LikeWater+1","Consecrate","Prostrate+1","Indignation+1","Meditate+1","Pray+1","Collect+1","Brilliance+1","Protect+1","EmptyMind+1","TalkToTheHand+1","Sanctity+1","Nirvana+1","Worship+1","FlurryOfBlows+1","LessonLearned+1","MentalFortress+1","Wallop+1","Finesse+1","Flash of Steel+1","Prostrate","Deep Breath"],"relics":["PureWater","REME_ComplimentaryCards","WarpedTongs","REME_HandOfSuture","Ornamental Fan","SlaversCollar","Centennial Puzzle","Singing Bowl","Calipers","Pen Nib","Lizard Tail","REME_HourglassOfDeath","Coffee Dripper","Anchor","Oddly Smooth Stone","CaptainsWheel","Vajra","Blue Candle","Membership Card","TeardropLocket","HornCleat","REME_LimitBreaker"],"acts_visited":["Exordium","TheCity","TheBeyond","TheEnding"],"potions_floor_usage":[7,7,22,35,40,46,55,55],"damage_taken":[{"damage":4.0,"enemies":"2 Louse","floor":1.0,"turns":2.0},{"damage":2.0,"enemies":"Cultist","floor":3.0,"turns":5.0},{"damage":2.0,"enemies":"Small Slimes","floor":4.0,"turns":2.0},{"damage":10.0,"enemies":"3 Louse","floor":5.0,"turns":3.0},{"damage":14,"enemies":"Lagavulin","floor":7,"turns":6},{"damage":9,"enemies":"Exordium Wildlife","floor":10,"turns":5},{"damage":20,"enemies":"Gremlin Nob","floor":12,"turns":4},{"damage":1,"enemies":"Lots of Slimes","floor":14,"turns":4},{"damage":0,"enemies":"Slime Boss","floor":16,"turns":7},{"damage":7,"enemies":"Shell Parasite","floor":18,"turns":4},{"damage":6,"enemies":"Spheric Guardian","floor":19,"turns":7},{"damage":5,"enemies":"Cultist and Chosen","floor":22,"turns":7},{"damage":34,"enemies":"Book of Stabbing","floor":24,"turns":6},{"damage":0,"enemies":"Snecko","floor":25,"turns":5},{"damage":0,"enemies":"Gremlin Leader","floor":28,"turns":2},{"damage":9,"enemies":"Book of Stabbing","floor":30,"turns":2},{"damage":3,"enemies":"Colosseum Slavers","floor":31,"turns":4},{"damage":0,"enemies":"Colosseum Nobs","floor":31,"turns":2},{"damage":0,"enemies":"Collector","floor":33,"turns":6},{"damage":2,"enemies":"3 Shapes","floor":35,"turns":5},{"damage":7,"enemies":"Orb Walker","floor":36,"turns":3},{"damage":0,"enemies":"Maw","floor":39,"turns":5},{"damage":0,"enemies":"Nemesis","floor":40,"turns":1},{"damage":0,"enemies":"Giant Head","floor":44,"turns":6},{"damage":0,"enemies":"Nemesis","floor":46,"turns":7},{"damage":0,"enemies":"Writhing Mass","floor":47,"turns":8},{"damage":2,"enemies":"4 Shapes","floor":48,"turns":5},{"damage":3,"enemies":"Time Eater","floor":50,"turns":9},{"damage":5,"enemies":"Shield and Spear","floor":54,"turns":4},{"damage":29,"enemies":"The Heart","floor":55,"turns":7}],"seed_played":"-3761424339192777189","potions_obtained":[{"floor":4.0,"key":"BlessingOfTheForge"},{"floor":5.0,"key":"DistilledChaos"},{"floor":10,"key":"Weak Potion"},{"floor":16,"key":"SpeedPotion"},{"floor":28,"key":"Energy Potion"},{"floor":30,"key":"Regen Potion"},{"floor":33,"key":"Fire Potion"},{"floor":39,"key":"Fruit Juice"},{"floor":40,"key":"Regen Potion"},{"floor":46,"key":"AttackPotion"}],"is_trial":false,"path_per_floor":["M","?","M","M","M","R","E","R","T","M","?","E","R","M","R","B",null,"M","M","?","?","M","R","E","M","T","R","E","?","E","?","R","B",null,"M","M","$","?","M","E","?","?","T","E","R","E","M","M","R","B",null,"R","$","E","B",null],"character_chosen":"WATCHER","items_purchased":["Anchor","Membership Card","TeardropLocket","HornCleat","Prostrate","DuplicationPotion","PowerPotion","Deep Breath"],"campfire_rested":1,"item_purchase_floors":[37,53,53,53,53,53,53,53],"current_hp_per_floor":[68,68,66,64,54,54,40,40,40,31,31,11,11,10,10,10,72,65,59,59,59,54,54,20,20,20,41,41,41,32,31,31,31,74,74,67,67,67,67,74,66,66,66,68,68,85,87,87,87,84,89,89,89,86,57],"gold":96,"neow_bonus":"ONE_RANDOM_RARE_CARD","is_daily":false,"chose_seed":false,"campfire_upgraded":8,"win_rate":0.0,"timestamp":1608387364,"path_taken":["M","?","M","?","M","R","E","R","T","M","?","E","R","M","R","BOSS","M","?","?","?","M","R","E","?","T","R","E","?","E","?","R","BOSS","M","M","$","?","?","E","?","?","T","E","R","E","M","M","R","BOSS","R","$","E","BOSS"],"items_purchased_type":["Relic","Relic","Relic","Relic","Card","Potion","Potion","Card"],"build_version":"2020-12-13","purchased_purges":2,"victory":true,"max_hp_per_floor":[72,72,72,72,72,72,72,72,72,72,72,72,72,72,72,72,72,72,72,72,72,72,72,72,72,72,72,72,72,72,74,74,74,74,76,76,76,76,76,83,85,81,81,83,83,85,87,89,89,89,89,89,89,91,91],"card_choices":[{"not_picked":["FlyingSleeves","EmptyBody"],"picked":"LikeWater","floor":1.0},{"not_picked":["SashWhip","Protect"],"picked":"Consecrate","floor":3.0},{"not_picked":["SignatureMove","Evaluate"],"picked":"Prostrate","floor":4.0},{"not_picked":["Judgement","ThirdEye"],"picked":"Indignation","floor":5.0},{"not_picked":["Evaluate","Crescendo","ForeignInfluence"],"picked":"SKIP","floor":7},{"not_picked":["SashWhip","FlyingSleeves"],"picked":"Meditate","floor":10},{"not_picked":["Establishment","ReachHeaven"],"picked":"Pray","floor":12},{"not_picked":["Consecrate","Protect"],"picked":"Collect","floor":14},{"not_picked":["REME_CRH","SpiritShield"],"picked":"Brilliance","floor":16},{"not_picked":["Consecrate+1","Evaluate"],"picked":"Protect+1","floor":18},{"not_picked":["Judgement","BowlingBash","ReachHeaven+1"],"picked":"SKIP","floor":19},{"not_picked":["CrushJoints","CutThroughFate+1","BattleHymn"],"picked":"SKIP","floor":22},{"not_picked":["Vengeance","Protect"],"picked":"EmptyMind","floor":24},{"not_picked":["WheelKick","REME_MusicOfDeath"],"picked":"TalkToTheHand+1","floor":25},{"not_picked":["Vengeance","Wish"],"picked":"Sanctity+1","floor":28},{"not_picked":["ClearTheMind","FollowUp+1"],"picked":"FlurryOfBlows","floor":30},{"not_picked":["Weave","WheelKick","Fasting2"],"picked":"Singing Bowl","floor":31},{"not_picked":["REME_WorshipGod","Brilliance"],"picked":"LessonLearned","floor":33},{"not_picked":["Consecrate","LikeWater+1","WaveOfTheHand+1"],"picked":"Singing Bowl","floor":35},{"not_picked":["Pray","ClearTheMind+1"],"picked":"MentalFortress+1","floor":36},{"not_picked":["SandsOfTime+1","CrushJoints"],"picked":"Wallop+1","floor":39},{"not_picked":["FlurryOfBlows","ForeignInfluence+1","Conclude"],"picked":"Singing Bowl","floor":40},{"not_picked":["REME_PuzzleBox","Jack Of All Trades"],"picked":"Finesse","floor":41},{"not_picked":["Bandage Up","Panache"],"picked":"Flash of Steel","floor":41},{"not_picked":["Jack Of All Trades","Panache","Forethought"],"picked":"Singing Bowl","floor":41},{"not_picked":["Vengeance+1","ThirdEye","SandsOfTime+1"],"picked":"Singing Bowl","floor":44},{"not_picked":["Nirvana","Evaluate","Vengeance+1"],"picked":"Singing Bowl","floor":46},{"not_picked":["CutThroughFate","MentalFortress","Indignation+1"],"picked":"Singing Bowl","floor":47},{"not_picked":["REME_Repentance","SignatureMove","Protect+1"],"picked":"Singing Bowl","floor":48},{"not_picked":["EmptyFist+1","SpiritShield","FearNoEvil"],"picked":"Singing Bowl","floor":54}],"player_experience":2129735,"relics_obtained":[{"floor":7,"key":"REME_HandOfSuture"},{"floor":12,"key":"Ornamental Fan"},{"floor":24,"key":"Centennial Puzzle"},{"floor":26,"key":"Singing Bowl"},{"floor":28,"key":"Calipers"},{"floor":30,"key":"Pen Nib"},{"floor":31,"key":"Lizard Tail"},{"floor":31,"key":"REME_HourglassOfDeath"},{"floor":40,"key":"Oddly Smooth Stone"},{"floor":43,"key":"CaptainsWheel"},{"floor":44,"key":"Vajra"},{"floor":46,"key":"Blue Candle"},{"floor":54,"key":"REME_LimitBreaker"}],"event_choices":[{"damage_healed":0.0,"max_hp_gain":0.0,"max_hp_loss":0.0,"gold_gain":0.0,"event_name":"Accursed Blacksmith","player_choice":"Rummage","floor":2.0,"gold_loss":0.0,"damage_taken":0.0,"relics_obtained":["WarpedTongs"],"cards_obtained":["Pain"]},{"cards_removed":["Pain"],"damage_healed":0,"gold_gain":0,"player_choice":"Purged","damage_taken":0,"max_hp_gain":0,"max_hp_loss":0,"event_name":"Purifier","floor":11,"gold_loss":0},{"cards_removed":["Strike_P"],"damage_healed":0,"gold_gain":0,"player_choice":"Elegance","damage_taken":0,"max_hp_gain":0,"max_hp_loss":0,"event_name":"Back to Basics","floor":20,"gold_loss":0},{"damage_healed":0,"gold_gain":0,"player_choice":"Upgraded","damage_taken":0,"max_hp_gain":0,"max_hp_loss":0,"event_name":"Upgrade Shrine","floor":21,"gold_loss":0,"cards_upgraded":["Meditate"]},{"damage_healed":0,"gold_gain":0,"cards_transformed":["Strike_P","Strike_P"],"player_choice":"Became Test Subject","damage_taken":0,"max_hp_gain":0,"max_hp_loss":0,"event_name":"Drug Dealer","floor":29,"gold_loss":0,"cards_obtained":["Nirvana","Worship"]},{"damage_healed":0,"gold_gain":0,"player_choice":"Fight","damage_taken":0,"max_hp_gain":0,"max_hp_loss":0,"event_name":"Colosseum","floor":31,"gold_loss":0},{"damage_healed":0,"gold_gain":0,"player_choice":"Fought Nobs","damage_taken":0,"max_hp_gain":0,"max_hp_loss":0,"event_name":"Colosseum","floor":31,"gold_loss":0},{"damage_healed":0,"gold_gain":0,"player_choice":"Upgraded","damage_taken":0,"max_hp_gain":0,"max_hp_loss":0,"event_name":"Upgrade Shrine","floor":38,"gold_loss":0,"cards_upgraded":["EmptyMind"]},{"damage_healed":0,"gold_gain":0,"player_choice":"Memory 3","damage_taken":10,"max_hp_gain":0,"max_hp_loss":0,"event_name":"SensoryStone","floor":41,"gold_loss":0},{"damage_healed":0,"gold_gain":0,"player_choice":"Max HP","damage_taken":0,"max_hp_gain":0,"max_hp_loss":4,"event_name":"Winding Halls","floor":42,"gold_loss":0}],"is_beta":false,"boss_relics":[{"not_picked":["Sozu","SacredBark"],"picked":"SlaversCollar"},{"not_picked":["REME_DemonsWealth","Philosopher\u0027s Stone"],"picked":"Coffee Dripper"}],"items_purged_floors":[37,53],"is_endless":false,"potions_floor_spawned":[4,5,10,16,28,30,31,33,39,40,46],"ascension_level":1}}