{"host":"7s9cy3ihj997zbmc","time":1608349144,"event":{"mods":["AchievementEnabler","Ascension Reborn","Aspiration","Bard","BaseMod","Colored Powertips","Downfall","Friendly Minions","Highlight Path","HololiveMod","Hunter 猎人","KinomotoSakuraMod(木之本樱)","Kiyohime（清姬）","Koishi","LagranYue(拉格朗・月)","Marisa（F雨　魔理沙）","Minty Spire (QoL Compilation)","Prisma Mod","Quick Restart","Reimu（博丽灵梦）","Remilia_Scarlet Moed（蕾米莉亚・斯卡雷特）3.3.5","Remilia（蕾米莉亚）","Replay The Spire","Shop Mod","StSLib","Td1madao Mod","The Administrix","The Animator","The Bladedancer","The Construct","The Cursed","The Gatherer","The Hierophant","The Senshi","The Servant 0.9.4","UnlockEverythingMod","WarShipGirlsR/战舰少女R mod","Yohane!","Youmu（魂魄妖梦）","Yuri Mod","Yuyuko","【功能Mod】聪明的最终Boss","【角色mod】十八桐人"],"gold_per_floor":[109,127,138,155,155,155,155,155],"floor_reached":7,"playtime":264,"items_purged":[],"score":86,"play_id":"640e0f1d-e0ae-4b48-99ed-0bee2d1b7ca8","local_time":"20201219113904","is_ascension_mode":true,"campfire_choices":[{"data":"BasicCrystalCard","floor":6,"key":"SMITH"}],"circlet_count":0,"master_deck":["AscendersBane","Strike_B","Strike_B","Strike_B","Strike_B","Defend_B","Defend_B","Defend_B","Defend_B","Zap","Dualcast","BasicCrystalCard","Consume","Turbo","BasicCrystalCard+1","Pain"],"relics":["Cracked Core","LagranYue:RandomDrawCardRelic","aspiration:Nostalgia","FlyPower:ReiMu","WarpedTongs"],"acts_visited":["Exordium"],"potions_floor_usage":[],"damage_taken":[{"damage":5,"enemies":"2 Louse","floor":1,"turns":2},{"damage":0,"enemies":"Cultist","floor":2,"turns":3},{"damage":8,"enemies":"Jaw Worm","floor":3,"turns":3},{"damage":11,"enemies":"2 Fungi Beasts","floor":4,"turns":3},{"damage":68,"enemies":"Replay:BlueRogue","floor":7,"turns":9}],"seed_played":"-1685350431896212310","potions_obtained":[{"floor":2,"key":"FairyPotion"},{"floor":4,"key":"Block Potion"}],"is_trial":false,"path_per_floor":["M","M","M","M","?","R","E"],"character_chosen":"DEFECT","items_purchased":[],"campfire_rested":0,"item_purchase_floors":[],"current_hp_per_floor":[59,59,51,40,40,40,0,0],"gold":155,"neow_bonus":"NOSTALGIA","is_daily":false,"chose_seed":false,"campfire_upgraded":1,"win_rate":0.0,"timestamp":1608349144,"path_taken":["M","M","M","M","?","R","E"],"items_purchased_type":[],"build_version":"2020-12-13","purchased_purges":0,"victory":false,"max_hp_per_floor":[71,71,71,71,71,71,71,71],"card_choices":[{"not_picked":["Hologram","Ball Lightning"],"picked":"BasicCrystalCard","floor":1},{"not_picked":["Conserve Battery","ReplayTheSpireMod:Repulse"],"picked":"Consume","floor":2},{"not_picked":["Sweeping Beam","Sunder"],"picked":"Turbo","floor":3},{"not_picked":["Chill","Cold Snap"],"picked":"BasicCrystalCard","floor":4}],"player_experience":252332,"relics_obtained":[],"event_choices":[{"damage_healed":0,"gold_gain":0,"player_choice":"Rummage","damage_taken":0,"relics_obtained":["WarpedTongs"],"max_hp_gain":0,"max_hp_loss":0,"event_name":"Accursed Blacksmith","floor":5,"gold_loss":0,"cards_obtained":["Pain"]}],"is_beta":false,"boss_relics":[],"items_purged_floors":[],"is_endless":false,"potions_floor_spawned":[2,4],"killed_by":"Replay:BlueRogue","ascension_level":20}}