{"host":"kpyoctgc7jne3jiy","time":1608386209,"event":{"mods":["AchievementEnabler","BaseMod","Minty Spire (QoL Compilation)"],"gold_per_floor":[113,123,103,49,64,64,74,74,74,109,134,144,144,1,1,97,97,113,124,124,142,161,161,161,161],"floor_reached":24,"playtime":1349,"items_purged":[],"score":218,"play_id":"9350cc85-8101-4d99-82c9-e2f41ab0a4f0","local_time":"20201219145649","is_ascension_mode":true,"campfire_choices":[{"data":"Perseverance","floor":6,"key":"SMITH"},{"data":"Protect","floor":8,"key":"SMITH"},{"data":"Scrawl","floor":13,"key":"SMITH"},{"floor":15,"key":"REST"},{"floor":23,"key":"REST"}],"circlet_count":0,"master_deck":["Strike_P","Strike_P","Strike_P","Strike_P","Defend_P","Defend_P","Defend_P","Defend_P","Eruption","Vigilance","Perseverance+1","FollowUp","Prostrate","Protect+1","Scrawl+1","BattleHymn","Prostrate","ForeignInfluence","DevaForm","WheelKick+1","Consecrate"],"relics":["PureWater","Vajra","Singing Bowl","Odd Mushroom","Sling","Black Star"],"acts_visited":["Exordium","TheCity"],"potions_floor_usage":[10,12,21,21,24],"damage_taken":[{"damage":16,"enemies":"Small Slimes","floor":1,"turns":4},{"damage":0,"enemies":"Cultist","floor":2,"turns":3},{"damage":0,"enemies":"Jaw Worm","floor":5,"turns":3},{"damage":3,"enemies":"Looter","floor":7,"turns":3},{"damage":20,"enemies":"3 Sentries","floor":10,"turns":6},{"damage":9,"enemies":"The Mushroom Lair","floor":11,"turns":6},{"damage":0,"enemies":"2 Fungi Beasts","floor":12,"turns":3},{"damage":5,"enemies":"Slime Boss","floor":16,"turns":9},{"damage":14,"enemies":"Shell Parasite","floor":18,"turns":6},{"damage":7,"enemies":"Chosen","floor":19,"turns":5},{"damage":21,"enemies":"Centurion and Healer","floor":21,"turns":7},{"damage":13,"enemies":"3 Cultists","floor":22,"turns":6},{"damage":68,"enemies":"Book of Stabbing","floor":24,"turns":7}],"seed_played":"8438653165395790987","potions_obtained":[{"floor":1,"key":"Energy Potion"},{"floor":3,"key":"Regen Potion"},{"floor":5,"key":"Energy Potion"},{"floor":11,"key":"ColorlessPotion"},{"floor":16,"key":"SneckoOil"},{"floor":18,"key":"StancePotion"},{"floor":19,"key":"SkillPotion"}],"is_trial":false,"path_per_floor":["M","M","?","$","M","R","M","R","T","E","?","M","R","$","R","B",null,"M","M","$","M","M","R","E"],"character_chosen":"WATCHER","items_purchased":["Prostrate","Sling"],"campfire_rested":2,"item_purchase_floors":[4,14],"current_hp_per_floor":[63,63,63,63,63,63,60,60,60,40,31,31,31,31,54,49,79,67,60,60,39,28,52,0,0],"gold":161,"neow_bonus":"TEN_PERCENT_HP_BONUS","is_daily":false,"chose_seed":false,"campfire_upgraded":3,"win_rate":0.0,"timestamp":1608386209,"path_taken":["M","M","?","$","M","R","?","R","T","E","?","M","R","$","R","BOSS","M","M","$","M","M","R","E"],"items_purchased_type":["Card","Relic"],"build_version":"2020-12-13","purchased_purges":0,"victory":false,"max_hp_per_floor":[79,79,79,79,79,79,79,79,79,79,79,79,79,79,79,79,79,81,81,81,81,83,83,83,83],"card_choices":[{"not_picked":["Indignation","EmptyMind"],"picked":"Perseverance","floor":1},{"not_picked":["JustLucky","FlurryOfBlows"],"picked":"FollowUp","floor":2},{"not_picked":["FlurryOfBlows","EmptyFist"],"picked":"Protect","floor":5},{"not_picked":["FlurryOfBlows","Adaptation"],"picked":"Scrawl","floor":7},{"not_picked":["Consecrate","CrushJoints"],"picked":"BattleHymn","floor":10},{"not_picked":["Wireheading","BattleHymn"],"picked":"Prostrate","floor":11},{"not_picked":["FlurryOfBlows","InnerPeace"],"picked":"ForeignInfluence","floor":12},{"not_picked":["SpiritShield","ConjureBlade"],"picked":"DevaForm","floor":16},{"not_picked":["CrushJoints","FlyingSleeves","Indignation+1"],"picked":"Singing Bowl","floor":18},{"not_picked":["FlyingSleeves","WreathOfFlame"],"picked":"WheelKick+1","floor":19},{"not_picked":["Protect","Weave+1"],"picked":"Consecrate","floor":21},{"not_picked":["Wallop","Meditate","Nirvana"],"picked":"Singing Bowl","floor":22}],"player_experience":222862,"relics_obtained":[{"floor":9,"key":"Vajra"},{"floor":10,"key":"Singing Bowl"},{"floor":11,"key":"Odd Mushroom"}],"event_choices":[{"damage_healed":0,"gold_gain":0,"player_choice":"Bought 1 Potion","damage_taken":0,"max_hp_gain":0,"max_hp_loss":0,"event_name":"The Woman in Blue","floor":3,"gold_loss":0},{"damage_healed":0,"gold_gain":0,"player_choice":"Fought Mushrooms","damage_taken":0,"max_hp_gain":0,"max_hp_loss":0,"event_name":"Mushrooms","floor":11,"gold_loss":0}],"is_beta":false,"boss_relics":[{"not_picked":["Pandora\u0027s Box","Velvet Choker"],"picked":"Black Star"}],"items_purged_floors":[],"is_endless":false,"potions_floor_spawned":[1,5,11,16,18,19],"killed_by":"Book of Stabbing","ascension_level":2}}