{"host":"drk0p5jtlzl1xmwe","time":1608372731,"event":{"mods":["2.2 Compatiblity","AchievementEnabler","Act Like it!","Bard","BaseMod","Better Note","Better Vampires","Ekko","Friendly Minions","Hermit","Hubris","Infinite Spire","Luminous","Marisa????????","Minty Spire (QoL Compilation)","Rare Cards Sparkle","Relic Stats","Replay The Spire","Shade Mod","StSLib","The Animator","The Bug Knight","The Cursed","The Disciple","The Gatherer","The Servant 0.9.4","The Spell Scribe"],"gold_per_floor":[113,67,83,102,102,132,146,159,159,177,196,211,211,191,191,295,295,309,309,309,249,26,57,57,57,57],"floor_reached":25,"playtime":1056,"items_purged":[],"score":256,"play_id":"e2b02473-ff57-4504-b5f5-bb8001f0859b","local_time":"20201219101211","is_ascension_mode":true,"campfire_choices":[{"data":"Fluid Movement","floor":13,"key":"SMITH"},{"data":"Neutralize","floor":13,"key":"SMITH"},{"floor":15,"key":"REST"},{"data":"Deadly Poison","floor":24,"key":"SMITH"},{"data":"Catalyst","floor":24,"key":"SMITH"}],"circlet_count":0,"master_deck":["Strike_G","Strike_G","Strike_G","Strike_G","Strike_G","Defend_G","Defend_G","Defend_G","Defend_G","Survivor","Neutralize+1","Catalyst+1","Poisoned Stab","Bane","Dodge and Roll","Bane","ReplayTheSpireMod:From All Sides","Backflip","Fluid Movement+1","ReplayTheSpireMod:Necrosis","Poisoned Stab","CurseOfTheBell","A Thousand Cuts","Deadly Poison+1"],"relics":["Ring of the Snake","NeowsBlessing","Vajra","Replay:Arrowhead","Calling Bell","Gremlin Food","hubris:MysteriousPyramids","Gambling Chip","Enchiridion","hubris:TenFootPole","hubris:64BitClover"],"acts_visited":["Exordium","TheCity"],"potions_floor_usage":[6,7,16,16],"damage_taken":[{"damage":0,"enemies":"Small Slimes","floor":1,"turns":1},{"damage":0,"enemies":"Cultist","floor":3,"turns":1},{"damage":0,"enemies":"Jaw Worm","floor":4,"turns":1},{"damage":37,"enemies":"3 Sentries","floor":6,"turns":12},{"damage":7,"enemies":"Lots of Slimes","floor":7,"turns":6},{"damage":4,"enemies":"Blue Slaver","floor":8,"turns":3},{"damage":2,"enemies":"3 Louse","floor":10,"turns":4},{"damage":10,"enemies":"Exordium Wildlife","floor":11,"turns":4},{"damage":12,"enemies":"Lots of Slimes","floor":12,"turns":5},{"damage":2,"enemies":"Hexaghost","floor":16,"turns":9},{"damage":3,"enemies":"Chosen","floor":18,"turns":5},{"damage":31,"enemies":"HollowMod:Nosk","floor":23,"turns":9},{"damage":20,"enemies":"Replay:Snechameleon","floor":25,"turns":4}],"seed_played":"-2005257545725922271","potions_obtained":[{"floor":3,"key":"Milkshake"},{"floor":4,"key":"FearPotion"},{"floor":6,"key":"Regen Potion"},{"floor":10,"key":"SkillPotion"},{"floor":14,"key":"Languid Potion"},{"floor":23,"key":"SteroidPotion"}],"is_trial":false,"path_per_floor":["M","$","M","M","?","E","M","M","T","M","M","M","R","?","R","B",null,"M","AVR","?","?","$","E","R","E"],"character_chosen":"THE_SILENT","items_purchased":["Poisoned Stab","hubris:TenFootPole","A Thousand Cuts"],"campfire_rested":1,"item_purchase_floors":[2,22,22],"current_hp_per_floor":[70,70,70,70,70,33,41,37,37,35,25,13,13,13,34,32,70,67,67,51,51,51,20,20,0,0],"gold":57,"neow_bonus":"THREE_ENEMY_KILL","is_daily":false,"chose_seed":false,"campfire_upgraded":4,"win_rate":0.0,"timestamp":1608372731,"path_taken":["M","$","M","M","?","E","M","M","T","M","M","M","R","?","R","BOSS","M","AVR","?","?","?","E","R","E"],"items_purchased_type":["Card","Relic","Card"],"build_version":"2020-12-13","purchased_purges":0,"victory":false,"max_hp_per_floor":[70,70,70,70,70,70,70,70,70,70,70,70,70,70,70,70,70,70,70,70,70,70,70,70,70,70],"relic_stats":{"counters":[13,64],"Gambling Chip":[3],"obtain_stats":[{"Calling Bell":19,"Gremlin Food":19,"NeowsBlessing":0,"hubris:64BitClover":23,"Gambling Chip":19,"Vajra":6,"Enchiridion":20,"hubris:TenFootPole":22,"hubris:MysteriousPyramids":19,"Replay:Arrowhead":9,"Ring of the Snake":0},{"Calling Bell":11,"Gremlin Food":11,"NeowsBlessing":0,"hubris:64BitClover":12,"Gambling Chip":11,"Vajra":4,"Enchiridion":11,"hubris:TenFootPole":11,"hubris:MysteriousPyramids":11,"Replay:Arrowhead":6,"Ring of the Snake":0},{"Calling Bell":51,"Gremlin Food":51,"NeowsBlessing":0,"hubris:64BitClover":60,"Gambling Chip":51,"Vajra":15,"Enchiridion":51,"hubris:TenFootPole":51,"hubris:MysteriousPyramids":51,"Replay:Arrowhead":24,"Ring of the Snake":0}],"Ring of the Snake":[27]},"card_choices":[{"not_picked":["Dagger Spray","Bouncing Flask"],"picked":"Catalyst","floor":1},{"not_picked":["Hidden Blade","Blade Dance"],"picked":"Bane","floor":3},{"not_picked":["Distraction","Deflect"],"picked":"Dodge and Roll","floor":4},{"not_picked":["Choke","Underhanded Strike","Prepared"],"picked":"SKIP","floor":6},{"not_picked":["Distraction","Cloak And Dagger","Dagger Spray"],"picked":"SKIP","floor":7},{"not_picked":["Sucker Punch","Hidden Blade"],"picked":"Bane","floor":8},{"not_picked":["Cloak And Dagger","Setup"],"picked":"ReplayTheSpireMod:From All Sides","floor":10},{"not_picked":["Underhanded Strike","Acrobatics"],"picked":"Backflip","floor":11},{"not_picked":["Well Laid Plans","Crippling Poison"],"picked":"Fluid Movement","floor":12},{"not_picked":["Poison Darts","Wraith Form v2"],"picked":"ReplayTheSpireMod:Necrosis","floor":16},{"not_picked":["Dodge and Roll","Sneak Up"],"picked":"Poisoned Stab","floor":18},{"not_picked":["PiercingWail","hubris:TrickCloak+1"],"picked":"Deadly Poison","floor":23}],"player_experience":651699,"relics_obtained":[{"floor":6,"key":"Vajra"},{"floor":9,"key":"Replay:Arrowhead"},{"floor":19,"key":"Gremlin Food"},{"floor":19,"key":"hubris:MysteriousPyramids"},{"floor":19,"key":"Gambling Chip"},{"floor":20,"key":"Enchiridion"},{"floor":23,"key":"hubris:64BitClover"}],"event_choices":[{"damage_healed":0,"gold_gain":0,"player_choice":"Bought 1 Potion","damage_taken":0,"max_hp_gain":0,"max_hp_loss":0,"event_name":"The Woman in Blue","floor":14,"gold_loss":0},{"damage_healed":0,"gold_gain":0,"player_choice":"Obtained Book","damage_taken":16,"max_hp_gain":0,"max_hp_loss":0,"event_name":"Cursed Tome","floor":20,"gold_loss":0}],"is_beta":false,"boss_relics":[{"not_picked":["Cursed Key","Replay:Wanted Poster","Snecko Scales"]}],"items_purged_floors":[],"is_endless":false,"potions_floor_spawned":[3,4,6,10,23],"killed_by":"Replay:Snechameleon","ascension_level":3}}