{"host":"363c1o4m0ew2jbar","time":1608368541,"event":{"mods":["AchievementEnabler","BaseMod","Better Note","Downfall","Minty Spire (QoL Compilation)","StSLib"],"gold_per_floor":[99,99,99,99,99,99,99,99,131,56,56,56,72,147,160,160,160],"floor_reached":16,"playtime":409,"items_purged":[],"score":119,"play_id":"eb9fd9cb-5eaa-4ef5-b1ab-dc2e2c61bc16","local_time":"20201218230221","is_ascension_mode":false,"campfire_choices":[{"data":"champ:Execute","floor":1,"key":"SMITH"},{"floor":6,"key":"RECALL"},{"data":"champ:EndlessRage","floor":10,"key":"SMITH"}],"circlet_count":0,"master_deck":["champ:Strike","champ:Strike","champ:Strike","champ:Strike","champ:Defend","champ:Defend","champ:Defend","champ:Defend+1","champ:Execute+1","champ:Taunt+1","champ:FocusedGladiator+1","Regret","Regret","champ:EndlessRage+1","champ:SkillfulDodge","champ:RapidStrikes","champ:CalledShot"],"relics":["champ:ChampionCrown","downfall:HeartsMalice","Regal Pillow","Pear","Matryoshka","Guardian:PocketSentry","downfall:HeartBlessingRed","downfall:ShatteredFragment","Oddly Smooth Stone","Eternal Feather"],"acts_visited":["Exordium"],"potions_floor_usage":[16,16],"damage_taken":[{"damage":0,"enemies":"Jaw Worm","floor":2,"turns":1},{"damage":0,"enemies":"3 Sentries","floor":9,"turns":1},{"damage":0,"enemies":"2 Louse","floor":11,"turns":1},{"damage":7,"enemies":"Small Slimes","floor":13,"turns":3},{"damage":15,"enemies":"Exordium Thugs","floor":15,"turns":3},{"damage":38,"enemies":"downfall:Watcher","floor":16,"turns":7}],"seed_played":"-497128124654427231","potions_obtained":[{"floor":8,"key":"Explosive Potion"},{"floor":8,"key":"Slimebound:ThreeZeroPotion"},{"floor":8,"key":"ColorlessPotion"}],"is_trial":false,"path_per_floor":["R","M","?","?","?","R","T","?","E","R","M","?","M","T","M","B"],"character_chosen":"THE_CHAMP","items_purchased":[],"campfire_rested":0,"item_purchase_floors":[],"current_hp_per_floor":[90,90,83,93,93,93,93,93,93,93,93,66,66,66,53,15,15],"gold":160,"neow_bonus":"THREE_ENEMY_KILL","is_daily":false,"chose_seed":false,"campfire_upgraded":2,"win_rate":0.0,"timestamp":1608368541,"path_taken":["R","M","?","?","?","R","T","?","E","R","?","?","M","?","M","BOSS"],"items_purchased_type":[],"build_version":"2020-12-13","purchased_purges":0,"victory":false,"max_hp_per_floor":[90,90,90,100,100,100,100,100,100,100,100,100,100,100,100,100,100],"card_choices":[{"not_picked":["champ:GladiatorsShout","champ:BringItOn"],"picked":"champ:FocusedGladiator","floor":2},{"not_picked":["champ:RisingSlash","champ:Backstep"],"picked":"champ:EndlessRage","floor":9},{"not_picked":["champ:FlashCut","champ:BerserkersShout"],"picked":"champ:SkillfulDodge","floor":11},{"not_picked":["champ:Circumvent","champ:TornadoPunch"],"picked":"champ:RapidStrikes","floor":13},{"not_picked":["champ:Encircle","champ:DefensiveShout"],"picked":"champ:CalledShot","floor":15}],"player_experience":1115472,"relics_obtained":[{"floor":7,"key":"Matryoshka"},{"floor":9,"key":"Guardian:PocketSentry"},{"floor":14,"key":"Oddly Smooth Stone"},{"floor":14,"key":"Eternal Feather"}],"event_choices":[{"damage_healed":0,"gold_gain":0,"player_choice":"Success","damage_taken":7,"relics_obtained":["Regal Pillow"],"max_hp_gain":0,"max_hp_loss":0,"event_name":"Scrap Ooze","floor":3,"gold_loss":0},{"damage_healed":0,"gold_gain":0,"player_choice":"Box","damage_taken":0,"relics_obtained":["Pear"],"max_hp_gain":0,"max_hp_loss":0,"event_name":"Big Fish","floor":4,"gold_loss":0,"cards_obtained":["Regret"]},{"damage_healed":0,"gold_gain":0,"player_choice":"Got Potions","damage_taken":0,"max_hp_gain":0,"max_hp_loss":0,"event_name":"Lab","floor":8,"gold_loss":0}],"is_beta":false,"boss_relics":[],"items_purged_floors":[],"is_endless":false,"potions_floor_spawned":[15],"killed_by":"downfall:Watcher","ascension_level":0}}