{"host":"nox","time":1608374796,"event":{"mods":["Aspiration","BaseMod","Better Third Choice","Colored Powertips","Conspire","Hubris","Infinite Spire","Minty Spire (QoL Compilation)","Quick Restart","Rare Cards Sparkle","Replay The Spire","Shop Mod","Spikes Relics","StSLib","SuperFastMode","The Alterego","vexMod"],"gold_per_floor":[111,111,126,51,51,76,90,90,140,140,155,155,170,195,195,195,195],"floor_reached":16,"playtime":473,"items_purged":["Strike_B"],"score":132,"play_id":"7e43898d-a2a5-480b-86e2-8d92340df9ca","local_time":"20201219174636","is_ascension_mode":true,"campfire_choices":[{"data":"hubris:PowerSurge","floor":8.0,"key":"SMITH"},{"data":"hubris:DoWhile","floor":10.0,"key":"SMITH"}],"circlet_count":0,"master_deck":["Defend_B","Defend_B","Defend_B","Defend_B","Zap","Dualcast","ReplayTheSpireMod:Calculation Training+1","Melter+1","Sweeping Beam+1","ReplayTheSpireMod:Calculation Training+1","hubris:DoWhile+1","hubris:PowerSurge+1","White Noise+1"],"relics":["Astrolabe","Pen Nib","Toxic Egg 2"],"acts_visited":["Exordium"],"potions_floor_usage":[16],"damage_taken":[{"damage":4.0,"enemies":"Jaw Worm","floor":1.0,"turns":3.0},{"damage":5.0,"enemies":"conspire:RoseBush","floor":3.0,"turns":3.0},{"damage":25.0,"enemies":"3 Sentries","floor":6.0,"turns":6.0},{"damage":13.0,"enemies":"infinitespire:Voidling","floor":7.0,"turns":3.0},{"damage":18.0,"enemies":"Large Slime","floor":11.0,"turns":4.0},{"damage":0.0,"enemies":"2 Fungi Beasts","floor":13.0,"turns":2.0},{"damage":15.0,"enemies":"Replay:BlueRogue","floor":14.0,"turns":5.0},{"damage":33,"enemies":"Slime Boss","floor":16,"turns":5}],"seed_played":"-4786226514110862203","potions_obtained":[{"floor":3.0,"key":"SteroidPotion"},{"floor":11.0,"key":"Venom Potion"},{"floor":12.0,"key":"GamblersBrew"},{"floor":12.0,"key":"Ancient Potion"},{"floor":13.0,"key":"conspire:TimeTravelPotion"},{"floor":14.0,"key":"FearPotion"}],"is_trial":false,"path_per_floor":["M","$","M","$","?","E","M","R","T","R","M","?","M","E","R","B"],"character_chosen":"DEFECT","items_purchased":[],"campfire_rested":0,"item_purchase_floors":[],"current_hp_per_floor":[71,71,66,66,66,41,28,28,28,28,10,10,10,1,23,0,0],"gold":195,"neow_bonus":"BOSS_RELIC","is_daily":false,"chose_seed":false,"campfire_upgraded":2,"win_rate":0.0,"timestamp":1608374796,"path_taken":["M","$","M","$","?","E","M","R","T","R","M","?","?","E","R","BOSS"],"items_purchased_type":[],"build_version":"2020-11-17","purchased_purges":1,"victory":false,"max_hp_per_floor":[75,75,75,75,75,75,75,75,75,75,75,75,75,75,75,75,75],"card_choices":[{"not_picked":["Redo","Cold Snap"],"picked":"ReplayTheSpireMod:Calculation Training","floor":1.0},{"not_picked":["Stack","Self Repair","Auto Shields"],"picked":"SKIP","floor":3.0},{"not_picked":["Sweeping Beam","Hologram"],"picked":"hubris:DoWhile","floor":6.0},{"not_picked":["Steam","Stack"],"picked":"hubris:PowerSurge","floor":7.0},{"not_picked":["Ball Lightning","Rebound"],"picked":"White Noise","floor":11.0},{"not_picked":["Rebound","Seek","ReplaySolidLightProjector"],"picked":"SKIP","floor":13.0},{"not_picked":["Go for the Eyes","Panic Button+1","Beam Cell"],"picked":"SKIP","floor":14.0}],"player_experience":195954,"relics_obtained":[{"floor":6.0,"key":"Pen Nib"},{"floor":14.0,"key":"Toxic Egg 2"}],"event_choices":[{"damage_healed":0.0,"max_hp_gain":0.0,"max_hp_loss":0.0,"gold_gain":0.0,"event_name":"Lab","player_choice":"Got Potions","floor":12.0,"gold_loss":0.0,"damage_taken":0.0}],"is_beta":true,"boss_relics":[],"items_purged_floors":[4],"is_endless":false,"potions_floor_spawned":[3,11,13,14],"killed_by":"Slime Boss","ascension_level":4}}