{"host":"y0g3igjvi2dlgj2k","time":1608386995,"event":{"mods":["BaseMod","Colored Powertips","Defuse TimeMaze Blight","Downfall","Minty Spire (QoL Compilation)","StSLib"],"gold_per_floor":[99,112,144,69,79,79,148,159,185,110,122,122,32,44,63,63,63],"floor_reached":16,"playtime":944,"items_purged":["Pain"],"score":112,"play_id":"57e4e1b1-a42d-495c-8094-22ea0202451b","local_time":"20201219150955","is_ascension_mode":false,"campfire_choices":[{"floor":1,"key":"RECALL"},{"data":"Guardian:TwinSlam","floor":4,"key":"SMITH"},{"floor":10,"key":"REST"}],"circlet_count":0,"master_deck":["Guardian:Strike_Guardian","Guardian:Strike_Guardian","Guardian:Strike_Guardian","Guardian:Strike_Guardian","Guardian:Defend_Guardian","Guardian:Defend_Guardian","Guardian:Defend_Guardian","Guardian:Defend_Guardian","Guardian:CurlUp","Guardian:TwinSlam+1","Guardian:ChargeCore","Guardian:BaubleBeam","Guardian:PrismaticBeam","Parasite","Guardian:Gem_Red","Guardian:TimeCapacitor"],"relics":["Guardian:ModeShifter","Ancient Tea Set","downfall:HeartBlessingRed","WarpedTongs","Toxic Egg 2","Regal Pillow","downfall:HeartBlessingGreen"],"acts_visited":["Exordium"],"potions_floor_usage":[16,16],"damage_taken":[{"damage":0,"enemies":"Jaw Worm","floor":2,"turns":4},{"damage":20,"enemies":"Gremlin Nob","floor":3,"turns":5},{"damage":0,"enemies":"Cultist","floor":5,"turns":2},{"damage":5,"enemies":"Small Slimes","floor":8,"turns":3},{"damage":29,"enemies":"Lagavulin","floor":9,"turns":8},{"damage":9,"enemies":"3 Louse","floor":11,"turns":2},{"damage":3,"enemies":"downfall:FleeingMerchant","floor":13,"turns":4},{"damage":18,"enemies":"Exordium Thugs","floor":14,"turns":4},{"damage":12,"enemies":"Lots of Slimes","floor":15,"turns":4},{"damage":55,"enemies":"downfall:Defect","floor":16,"turns":10}],"seed_played":"1921777964954196681","potions_obtained":[{"floor":2,"key":"champ:CounterPotion"},{"floor":15,"key":"SkillPotion"}],"is_trial":false,"path_per_floor":["R","M","E","R","M","?","T","M","E","R","M","?","$","M","M","B"],"character_chosen":"GUARDIAN","items_purchased":[],"campfire_rested":1,"item_purchase_floors":[],"current_hp_per_floor":[88,88,68,68,68,68,68,63,34,75,66,88,85,67,55,0,0],"gold":63,"neow_bonus":"TEN_PERCENT_HP_BONUS","is_daily":false,"chose_seed":false,"campfire_upgraded":1,"win_rate":0.0,"timestamp":1608386995,"path_taken":["R","M","E","R","M","?","T","?","E","R","M","?","$","M","M","BOSS"],"items_purchased_type":[],"build_version":"2020-12-13","purchased_purges":1,"victory":false,"max_hp_per_floor":[88,88,88,88,88,88,88,88,88,88,88,88,88,88,88,88,88],"card_choices":[{"not_picked":["Guardian:Gem_Red","Guardian:TemporalStrike"],"picked":"Guardian:Gem_Crimson","floor":2},{"not_picked":["Guardian:Harden","Guardian:Planning"],"picked":"Guardian:ChargeCore","floor":3},{"not_picked":["Guardian:Gem_Cyan","Guardian:Incinerate"],"picked":"Guardian:BaubleBeam","floor":5},{"not_picked":["Guardian:WalkerClaw","Guardian:Gem_Fragmented"],"picked":"Guardian:Gem_Purple","floor":8},{"not_picked":["Guardian:Gem_Cyan","Guardian:DecasProtection+1"],"picked":"Guardian:PrismaticBeam","floor":9},{"not_picked":["Guardian:RollAttack","Guardian:Gem_Lightblue","Guardian:VentSteam+1"],"picked":"SKIP","floor":11},{"not_picked":["Guardian:SpikerProtocol","Guardian:Emergency+1"],"picked":"Guardian:Gem_Red","floor":13},{"not_picked":["Guardian:HyperBeam_Guardian","Guardian:Suspension+1"],"picked":"Guardian:TimeCapacitor","floor":14},{"not_picked":["Guardian:Suspension+1","Guardian:Gem_Green","Guardian:Planning+1"],"picked":"SKIP","floor":15}],"player_experience":122934,"relics_obtained":[{"floor":3,"key":"Ancient Tea Set"},{"floor":7,"key":"Toxic Egg 2"},{"floor":9,"key":"Regal Pillow"}],"event_choices":[{"damage_healed":22,"gold_gain":0,"player_choice":"Healed and dodged fight","damage_taken":0,"max_hp_gain":0,"max_hp_loss":0,"event_name":"Mushrooms","floor":12,"gold_loss":0,"cards_obtained":["Parasite"]}],"is_beta":false,"boss_relics":[],"items_purged_floors":[13],"is_endless":false,"potions_floor_spawned":[2,5,9,15],"killed_by":"downfall:Defect","ascension_level":0}}