{"host":"jmdwsiegw2vwqzt1","time":1608419923,"event":{"mods":["2.2 Compatiblity","AchievementEnabler","BaseMod","Better Third Choice","Better Vampires","Colored Powertips","Custom Start","Dio Mod","Downfall","Hermit","Highlight Path","Jorbs\u0027s Wanderer Trilogy","Marisa????????","Minty Spire (QoL Compilation)","Permanent Neow","Quick Restart","Rare Cards Sparkle","Relic Stats","Spicy Shops","StSLib","SuperFastMode","The Bug Knight","The Cursed","The Disciple","The Hierophant","The Necromancer","The Servant 0.9.4","slay the spire mod where everything is the same but ironclad has a cowboy hat"],"gold_per_floor":[99,110,127,141,126,226,226,242,258,258,268,280,299,11,26,131,131,131,131,142,153,153,166,214,214,214,214,68,80,100,112,129,225,225,225,225,225],"floor_reached":36,"playtime":3724,"items_purged":[],"score":362,"play_id":"484c5a1b-e5cd-48b6-ae0e-37cf29175e9e","local_time":"20201219181843","is_ascension_mode":false,"campfire_choices":[{"data":"Guardian:Strike_Guardian","floor":1.0,"key":"SMITH"},{"floor":10.0,"key":"REST"},{"data":"Guardian:Orbwalk","floor":18.0,"key":"SMITH"},{"data":"Guardian:Preprogram","floor":25.0,"key":"SMITH"},{"data":"Guardian:ChargeUp","floor":27.0,"key":"SMITH"},{"data":"Guardian:SentryBeam","floor":35.0,"key":"SMITH"}],"circlet_count":0,"master_deck":["Guardian:Strike_Guardian","Guardian:Strike_Guardian","Guardian:Strike_Guardian","Guardian:Strike_Guardian+1","Guardian:Defend_Guardian","Guardian:Defend_Guardian","Guardian:Defend_Guardian","Guardian:Defend_Guardian","Guardian:CurlUp","Guardian:TwinSlam","Guardian:ExploitGems","Guardian:ChargeUp+1","Guardian:SentryBeam+1","Guardian:Orbwalk+1","Guardian:BronzeOrb","Guardian:StasisStrike","Guardian:Preprogram+1","Guardian:Incinerate","Guardian:PrimingBeam","Guardian:TimeSifter+1","Guardian:EvasiveProtocol+1","Guardian:VentSteam","Parasite","Guardian:TimeSifter+1","Guardian:Suspension","Guardian:SpikerProtocol+1","Guardian:TimeSifter+1"],"relics":["Guardian:ModeShifter","White Beast Statue","Pocketwatch","Membership Card","Frozen Egg 2","Cursed Key","Tiny Chest","Molten Egg 2","Busted Crown"],"acts_visited":[],"potions_floor_usage":[],"damage_taken":[{"damage":3.0,"enemies":"Cultist","floor":2.0,"turns":5.0},{"damage":0.0,"enemies":"Small Slimes","floor":3.0,"turns":3.0},{"damage":7.0,"enemies":"2 Louse","floor":4.0,"turns":3.0},{"damage":0.0,"enemies":"downfall:FleeingMerchant","floor":5.0,"turns":4.0},{"damage":42.0,"enemies":"downfall:WomanInBlue","floor":6.0,"turns":14.0},{"damage":6.0,"enemies":"Red Slaver","floor":8.0,"turns":3.0},{"damage":0.0,"enemies":"Exordium Wildlife","floor":9.0,"turns":4.0},{"damage":0.0,"enemies":"2 Fungi Beasts","floor":11.0,"turns":3.0},{"damage":3.0,"enemies":"Blue Slaver","floor":12.0,"turns":3.0},{"damage":0.0,"enemies":"Large Slime","floor":13.0,"turns":5.0},{"damage":10.0,"enemies":"downfall:FleeingMerchant","floor":14.0,"turns":4.0},{"damage":6.0,"enemies":"2 Fungi Beasts","floor":15.0,"turns":3.0},{"damage":25.0,"enemies":"downfall:CharBossWatcher","floor":16.0,"turns":8.0},{"damage":5.0,"enemies":"Spheric Guardian","floor":20.0,"turns":4.0},{"damage":10.0,"enemies":"3 Cultists","floor":21.0,"turns":5.0},{"damage":1.0,"enemies":"Snake Plant","floor":23.0,"turns":5.0},{"damage":0.0,"enemies":"downfall:FleeingMerchant","floor":28.0,"turns":4.0},{"damage":11.0,"enemies":"Cultist and Chosen","floor":29.0,"turns":6.0},{"damage":12.0,"enemies":"3 Cultists","floor":30.0,"turns":5.0},{"damage":19.0,"enemies":"Snecko","floor":31.0,"turns":5.0},{"damage":16.0,"enemies":"Snake Plant","floor":32.0,"turns":5.0},{"damage":27.0,"enemies":"downfall:CharBossDefect","floor":33.0,"turns":9.0},{"damage":0,"enemies":"downfall:FleeingMerchant","floor":36,"turns":1}],"seed_played":"-7750274334266138740","potions_obtained":[{"floor":2.0,"key":"FairyPotion"},{"floor":6.0,"key":"DuplicationPotion"},{"floor":6.0,"key":"LiquidMemories"},{"floor":8.0,"key":"Slimebound:ThreeZeroPotion"},{"floor":9.0,"key":"PowerPotion"},{"floor":12.0,"key":"FairyPotion"},{"floor":33.0,"key":"Guardian:AcceleratePotion"}],"is_trial":false,"path_per_floor":["R","M","M","M","$","?","T","M","M","R","M","M","M","$","M","B",null,"R","?","M","M","?","M","T","R","?","R","$","M","M","M","M","B",null,"R","$"],"character_chosen":"GUARDIAN","items_purchased":["Membership Card","Frozen Egg 2","Molten Egg 2"],"campfire_rested":1,"item_purchase_floors":[14,14,28],"current_hp_per_floor":[80,77,77,70,70,28,28,22,22,46,46,43,43,33,27,2,80,80,80,75,65,65,64,64,64,64,64,64,53,41,22,6,3,80,80,80,80],"gold":225,"neow_bonus":"ONE_RANDOM_RARE_CARD","is_daily":false,"chose_seed":false,"campfire_upgraded":5,"win_rate":0.0,"timestamp":1608419923,"path_taken":["R","M","M","?","$","?","T","?","M","R","M","M","M","$","M","BOSS","R","?","M","M","?","M","T","R","?","R","$","M","M","?","M","BOSS","R","$"],"items_purchased_type":["Relic","Relic","Relic"],"build_version":"2020-12-13","purchased_purges":0,"victory":false,"max_hp_per_floor":[80,80,80,80,80,80,80,80,80,80,80,80,80,80,80,80,80,80,80,80,80,80,80,80,80,80,80,80,80,80,80,80,80,80,80,80,80],"relic_stats":{"Busted Crown":0,"counters":[23,110],"Tiny Chest":0,"Cursed Key":1,"obtain_stats":[{"Busted Crown":34,"Guardian:ModeShifter":0,"Tiny Chest":24,"Molten Egg 2":28,"Membership Card":14,"Frozen Egg 2":14,"Cursed Key":17,"White Beast Statue":6,"Pocketwatch":7},{"Busted Crown":22,"Guardian:ModeShifter":0,"Tiny Chest":16,"Molten Egg 2":17,"Membership Card":11,"Frozen Egg 2":11,"Cursed Key":13,"White Beast Statue":5,"Pocketwatch":5},{"Busted Crown":110,"Guardian:ModeShifter":0,"Tiny Chest":76,"Molten Egg 2":80,"Membership Card":51,"Frozen Egg 2":51,"Cursed Key":62,"White Beast Statue":29,"Pocketwatch":29}],"Pocketwatch":[9]},"card_choices":[{"not_picked":["Guardian:PolyBeam","Guardian:ChargeCore"],"picked":"Guardian:ChargeUp","floor":2.0},{"not_picked":["Guardian:PrismaticBarrier","Guardian:PiercingHide"],"picked":"Guardian:Gem_Purple","floor":3.0},{"not_picked":["Guardian:TemporalStrike","Guardian:Repulse"],"picked":"Guardian:SentryBeam","floor":4.0},{"not_picked":["Guardian:Gem_Green","Guardian:Reroute"],"picked":"Guardian:Orbwalk","floor":6.0},{"not_picked":["Guardian:CrystalBeam","Guardian:TemporalShield"],"picked":"Guardian:BronzeOrb","floor":8.0},{"not_picked":["Guardian:Gem_Red","Guardian:TemporalShield"],"picked":"Guardian:Gem_Blue","floor":9.0},{"not_picked":["Guardian:TemporalStrike","Guardian:Gem_Fragmented"],"picked":"Guardian:StasisStrike","floor":11.0},{"not_picked":["Guardian:ChargeCore","Guardian:Gem_Green"],"picked":"Guardian:Preprogram","floor":12.0},{"not_picked":["Guardian:Gem_Green","Guardian:Planning"],"picked":"Guardian:Incinerate","floor":13.0},{"not_picked":["Guardian:Gem_Red","Guardian:Repulse+1"],"picked":"Guardian:PrimingBeam","floor":15.0},{"not_picked":["Guardian:Gem_Synthetic","Guardian:SphericShield"],"picked":"Guardian:TimeSifter+1","floor":16.0},{"not_picked":["Guardian:BronzeArmor","Guardian:WalkerClaw"],"picked":"Guardian:EvasiveProtocol+1","floor":20.0},{"not_picked":["Guardian:Planning","Guardian:Recover"],"picked":"Guardian:VentSteam","floor":21.0},{"not_picked":["Guardian:VentSteam","Guardian:Planning"],"picked":"Guardian:Gem_Red","floor":23.0},{"not_picked":["Guardian:ShieldCharger+1","Guardian:AncientConstruct+1"],"picked":"Guardian:Gem_White","floor":29.0},{"not_picked":["Guardian:BronzeArmor","Guardian:PrimingBeam+1"],"picked":"Guardian:Suspension","floor":30.0},{"not_picked":["Guardian:Preprogram","Guardian:Recover+1","Guardian:ShieldCharger"],"picked":"SKIP","floor":31.0},{"not_picked":["Guardian:DonusPower","Guardian:VentSteam+1"],"picked":"Guardian:SpikerProtocol+1","floor":32.0},{"not_picked":["Guardian:WeakpointTargeting","Guardian:GatlingBeam+1"],"picked":"Guardian:TimeSifter+1","floor":33.0}],"player_experience":294775,"relics_obtained":[{"floor":6.0,"key":"White Beast Statue"},{"floor":7.0,"key":"Pocketwatch"},{"floor":24.0,"key":"Tiny Chest"}],"event_choices":[],"is_beta":false,"boss_relics":[{"not_picked":["SacredBark","Astrolabe"],"picked":"Cursed Key"},{"not_picked":["Empty Cage","Fusion Hammer"],"picked":"Busted Crown"}],"items_purged_floors":[],"is_endless":false,"potions_floor_spawned":[2,8,9,11,12,13,15,16,20,21,23,29,30,31,32,33],"killed_by":"downfall:FleeingMerchant","ascension_level":0}}