{"host":"ydb2tj77qwtn71sy","time":1608384707,"event":{"mods":["2.2 Compatiblity","AchievementEnabler","Aspiration","BaseMod","Bestiary","Better Note","Better Skull","Better Third Choice","BetterRewards","Colored Map","Colored Powertips","Conspire","DeckTracker","Displayed Cursed Tome","Infinite Spire","Lobotomy","Minty Spire (QoL Compilation)","Relic Stats","Replay The Spire","Spicy Shops","StSLib","The Blue Laboratory","Uncapped"],"gold_per_floor":[112,37,49,67,100,127,127,155,155,155,187,202,259,272,272,368,368,384,402,402,402,412,440,19,52,122,143,143,143,182,11,11,134,134,157,192,230,267,19,70,70,70,70,109,157,157,28,74,74,90],"floor_reached":51,"playtime":2237,"items_purged":["Pain"],"score":1384,"play_id":"d995f1b5-69ec-4813-abed-ff6e35a5b7e5","local_time":"20201219223147","is_ascension_mode":true,"campfire_choices":[{"floor":7,"key":"REST"},{"floor":10,"key":"REST"},{"floor":15,"key":"REST"},{"floor":28,"key":"REST"},{"floor":32,"key":"REST"},{"floor":42,"key":"REST"},{"data":"Catalyst","floor":49,"key":"SMITH"}],"circlet_count":0,"master_deck":["Strike_G","Strike_G","Strike_G","Strike_G","Strike_G","Defend_G","Defend_G","Defend_G","Defend_G","Defend_G","Survivor","Neutralize","Deadly Poison","Predator","Quick Slash","Bane","Deadly Poison","Noxious Fumes","Adrenaline","Leg Sweep","Deflect","Glass Knife","Catalyst+1","Bane+1","ReplayTheSpireMod:The Works","Deflect+1","Noxious Fumes+1","Sucker Punch+1","Backflip","conspire:PoisonWeapons","Sweeping Beam","Expertise","Thinking Ahead","Sweeping Beam+1","Run Through+1","Clothesline+1","Shrug It Off","Noxious Fumes","Dagger Spray","Corpse Explosion+1","Pommel Strike+1","Doubt","ReplaySolidLightProjector+1","Gaze","RapturousDream+1"],"relics":["Ring of the Snake","TwistedFunnel","Replay:Wax Seal","Happy Flower","aspiration:VileToxins","infinitespire:BottledMercury","Strawberry","WristBlade","Replay:Bandana","Membership Card","Onion Ring","PreservedInsect","aspiration:Nostalgia","Replay:M_StaffOfTheSnake","infinitespire:ShieldingShard","PrismaticShard","FossilizedHelix","Cursed Key","infinitespire:Eraser","aspiration:FetidBarrel","Replay:Multitool","aspiration:StickyExplosives","Omamori"],"acts_visited":["Exordium","TheCity","TheBeyond"],"potions_floor_usage":[6,11,23,33,50],"damage_taken":[{"damage":13,"enemies":"infinitespire:Voidling","floor":1,"turns":5},{"damage":8,"enemies":"Small Slimes","floor":3,"turns":3},{"damage":0,"enemies":"2 Louse","floor":4,"turns":2},{"damage":8,"enemies":"conspire:MimicChest","floor":5,"turns":4},{"damage":10,"enemies":"3 Sentries","floor":6,"turns":6},{"damage":30,"enemies":"Lagavulin","floor":8,"turns":4},{"damage":22,"enemies":"3 Sentries","floor":11,"turns":7},{"damage":0,"enemies":"2 Fungi Beasts","floor":12,"turns":2},{"damage":0,"enemies":"3 Louse","floor":14,"turns":2},{"damage":18,"enemies":"Hexaghost","floor":16,"turns":9},{"damage":12,"enemies":"Shell Parasite","floor":18,"turns":5},{"damage":14,"enemies":"2 Thieves","floor":19,"turns":3},{"damage":5,"enemies":"Cultist and Chosen","floor":22,"turns":4},{"damage":21,"enemies":"Gremlin Leader","floor":23,"turns":4},{"damage":8,"enemies":"Chosen and Byrds","floor":25,"turns":4},{"damage":1,"enemies":"Sentry and Sphere","floor":27,"turns":3},{"damage":3,"enemies":"Centurion and Healer","floor":30,"turns":3},{"damage":34,"enemies":"Collector","floor":33,"turns":6},{"damage":0,"enemies":"Orb Walker","floor":35,"turns":1},{"damage":1,"enemies":"3 Darklings","floor":36,"turns":4},{"damage":0,"enemies":"Spire Growth","floor":37,"turns":3},{"damage":7,"enemies":"Sphere and 2 Shapes","floor":38,"turns":4},{"damage":0,"enemies":"Giant Head","floor":40,"turns":6},{"damage":0,"enemies":"3 Darklings","floor":44,"turns":2},{"damage":0,"enemies":"Nemesis","floor":45,"turns":5},{"damage":0,"enemies":"Reptomancer","floor":48,"turns":2},{"damage":41,"enemies":"Donu and Deca","floor":50,"turns":5}],"seed_played":"-6780037621151757128","potions_obtained":[{"floor":1,"key":"EssenceOfSteel"},{"floor":4,"key":"blueLaboratory:BlinkPotion"},{"floor":6,"key":"blueLaboratory:FruitPreserves"},{"floor":12,"key":"blueLaboratory:Moonshine"},{"floor":16,"key":"blueLaboratory:BottleOfRum"},{"floor":23,"key":"blueLaboratory:StoneskinPotion"},{"floor":30,"key":"LifebloodPotion"},{"floor":35,"key":"Swift Potion"}],"is_trial":false,"path_per_floor":["M","$","M","M","?","E","R","E","T","R","E","M","?","M","R","B",null,"M","M","?","?","M","E","$","M","T","M","R","?","M","$","R","B",null,"M","M","M","M","$","E","?","R","T","M","E","?","$","E","R","B",null],"character_chosen":"THE_SILENT","items_purchased":["TwistedFunnel","Deadly Poison","Replay:Wax Seal","Predator","Membership Card","Onion Ring","PreservedInsect","aspiration:Nostalgia","FossilizedHelix","Expertise","Noxious Fumes","Dagger Spray","blueLaboratory:Virophage","Corpse Explosion+1","aspiration:StickyExplosives"],"campfire_rested":6,"item_purchase_floors":[0,0,0,0,24,24,24,24,31,31,39,39,39,39,47],"current_hp_per_floor":[62,62,54,54,46,36,57,27,27,48,33,33,33,33,56,38,67,55,41,27,27,22,41,41,33,33,32,56,48,45,45,69,35,70,70,69,69,62,62,62,62,82,82,82,82,82,82,82,82,41],"gold":90,"neow_bonus":"","is_daily":false,"chose_seed":false,"campfire_upgraded":1,"win_rate":0.0,"timestamp":1608384707,"path_taken":["M","$","M","?","?","E","R","E","T","R","E","M","?","M","R","BOSS","M","M","?","?","M","E","$","M","T","?","R","?","M","$","R","BOSS","M","M","M","M","$","E","?","R","T","M","E","?","?","E","R","BOSS"],"items_purchased_type":["Relic","Card","Relic","Card","Relic","Relic","Relic","Relic","Relic","Card","Card","Card","Potion","Card","Relic"],"build_version":"2020-12-13","purchased_purges":1,"victory":true,"max_hp_per_floor":[70,70,70,70,70,70,70,70,70,70,77,77,77,77,77,77,77,77,77,82,82,82,82,82,82,82,82,82,82,82,82,82,82,82,82,82,82,82,82,82,82,82,82,82,82,82,82,82,82,82],"relic_stats":{"Happy Flower":[31],"counters":[73,315],"PreservedInsect":230,"Cursed Key":1,"obtain_stats":[{"Ice Cream":46,"TwistedFunnel":0,"Divine Protection":43,"infinitespire:BottledMercury":9,"Lantern":0,"Replay:PocketPolymizer":24,"Spirit Poop":20,"Blue Doll":9,"conspire:SpecialSausage":34,"aspiration:TomeofQuesting":9,"Replay:Multitool":45,"Cursed Key":21,"Sling":0,"PrismaticShard":29,"conspire:TopHat":43,"Nunchaku":14,"Replay:Bandana":23,"HornCleat":3,"Matryoshka":26,"infinitespire:ShieldingShard":26,"WristBlade":17,"Strawberry":11,"MealTicket":9,"Toxic Egg 2":4,"Replay:Wax Seal":0,"infinitespire:Eraser":40,"Ring of the Snake":0,"aspiration:VileToxins":8,"aspiration:StickyExplosives":47,"Replay:M_StaffOfTheSnake":24,"Happy Flower":5,"aspiration:Nostalgia":24,"aspiration:FetidBarrel":43,"Eternal Feather":6,"ReplayTheSpireMod:SealedPack":17,"PreservedInsect":24,"aspiration:HummingbirdHeart":28,"Omamori":48,"Orichalcum":44,"Busted Crown":17,"infinitespire:Satchel":21,"Onion Ring":24,"Membership Card":24,"Mirror":0,"FossilizedHelix":31},{"Ice Cream":33,"TwistedFunnel":46,"Divine Protection":31,"infinitespire:BottledMercury":52,"Lantern":6,"Replay:PocketPolymizer":19,"Spirit Poop":17,"Blue Doll":11,"conspire:SpecialSausage":25,"aspiration:TomeofQuesting":41,"Replay:Multitool":71,"Cursed Key":17,"Sling":34,"PrismaticShard":62,"conspire:TopHat":31,"Nunchaku":14,"Replay:Bandana":60,"HornCleat":1,"Matryoshka":20,"infinitespire:ShieldingShard":61,"WristBlade":56,"Strawberry":53,"MealTicket":5,"Toxic Egg 2":8,"Replay:Wax Seal":34,"infinitespire:Eraser":69,"Ring of the Snake":0,"aspiration:VileToxins":52,"aspiration:StickyExplosives":71,"Replay:M_StaffOfTheSnake":60,"Happy Flower":50,"aspiration:Nostalgia":60,"aspiration:FetidBarrel":69,"Eternal Feather":10,"ReplayTheSpireMod:SealedPack":15,"PreservedInsect":60,"aspiration:HummingbirdHeart":21,"Omamori":72,"Orichalcum":32,"Busted Crown":43,"infinitespire:Satchel":17,"Onion Ring":60,"Membership Card":60,"Mirror":34,"FossilizedHelix":63},{"Ice Cream":145,"TwistedFunnel":207,"Divine Protection":134,"infinitespire:BottledMercury":231,"Lantern":19,"Replay:PocketPolymizer":86,"Spirit Poop":81,"Blue Doll":44,"conspire:SpecialSausage":109,"aspiration:TomeofQuesting":175,"Replay:Multitool":308,"Cursed Key":81,"Sling":148,"PrismaticShard":274,"conspire:TopHat":134,"Nunchaku":53,"Replay:Bandana":267,"HornCleat":2,"Matryoshka":89,"infinitespire:ShieldingShard":271,"WristBlade":251,"Strawberry":238,"MealTicket":12,"Toxic Egg 2":27,"Replay:Wax Seal":148,"infinitespire:Eraser":301,"Ring of the Snake":0,"aspiration:VileToxins":231,"aspiration:StickyExplosives":308,"Replay:M_StaffOfTheSnake":267,"Happy Flower":221,"aspiration:Nostalgia":267,"aspiration:FetidBarrel":301,"Eternal Feather":41,"ReplayTheSpireMod:SealedPack":69,"PreservedInsect":267,"aspiration:HummingbirdHeart":96,"Omamori":310,"Orichalcum":142,"Busted Crown":190,"infinitespire:Satchel":81,"Onion Ring":267,"Membership Card":267,"Mirror":148,"FossilizedHelix":277}],"Ring of the Snake":[146]},"card_choices":[{"not_picked":["Distraction","Deflect"],"picked":"Quick Slash","floor":1},{"not_picked":["Flechettes","Poisoned Stab"],"picked":"Bane","floor":3},{"not_picked":["Underhanded Strike","ReplayTheSpireMod:Scrap Shanks"],"picked":"Deadly Poison","floor":4},{"not_picked":["Blade Dance","Blur"],"picked":"Noxious Fumes","floor":5},{"not_picked":["Leg Sweep","Bane"],"picked":"Adrenaline","floor":6},{"not_picked":["Cloak And Dagger","Dodge and Roll"],"picked":"Malaise","floor":8},{"not_picked":["Underhanded Strike","conspire:DoublingDagger"],"picked":"Sucker Punch","floor":11},{"not_picked":["Tactician","Draining Mist"],"picked":"Leg Sweep","floor":12},{"not_picked":["Blade Dance","Sucker Punch"],"picked":"Deflect","floor":14},{"not_picked":["Adrenaline","Doppelganger"],"picked":"Glass Knife","floor":16},{"not_picked":["Riddle With Holes+1","ReplayTheSpireMod:Shiv Toss"],"picked":"Catalyst","floor":18},{"not_picked":["Flying Knee","Sucker Punch"],"picked":"Bane+1","floor":19},{"not_picked":["Heel Hook","aspiration:Lunge"],"picked":"Deflect+1","floor":22},{"not_picked":["Sucker Punch","Quick Slash"],"picked":"Noxious Fumes+1","floor":23},{"not_picked":["CutThroughFate","Heel Hook"],"picked":"Sucker Punch+1","floor":25},{"not_picked":["WaveOfTheHand","ThirdEye"],"picked":"Backflip","floor":27},{"not_picked":["ClearTheMind","Tactician+1"],"picked":"conspire:PoisonWeapons","floor":29},{"not_picked":["Storm","Replay:Parry"],"picked":"Sweeping Beam","floor":30},{"not_picked":["Replay:Dark Deal","Transmutation"],"picked":"Thinking Ahead","floor":33},{"not_picked":["Indignation","GreenStem"],"picked":"Sweeping Beam+1","floor":35},{"not_picked":["SomewhereSpear","Tough"],"picked":"Run Through+1","floor":36},{"not_picked":["HandOfGreed","Defragment"],"picked":"Clothesline+1","floor":37},{"not_picked":["Warcry+1","Adaptation+1"],"picked":"Shrug It Off","floor":38},{"not_picked":["CutThroughFate","Glacier+1"],"picked":"Pommel Strike+1","floor":40},{"not_picked":["conspire:Banana+1","Pummel"],"picked":"ReplaySolidLightProjector+1","floor":44},{"not_picked":["Compile Driver","FlyingSleeves"],"picked":"Gaze","floor":45},{"not_picked":["Mayhem","conspire:Charge"],"picked":"RapturousDream+1","floor":48}],"player_experience":370030,"relics_obtained":[{"floor":5,"key":"Happy Flower"},{"floor":8,"key":"aspiration:VileToxins"},{"floor":9,"key":"infinitespire:BottledMercury"},{"floor":11,"key":"Strawberry"},{"floor":23,"key":"Replay:Bandana"},{"floor":26,"key":"infinitespire:ShieldingShard"},{"floor":29,"key":"PrismaticShard"},{"floor":40,"key":"infinitespire:Eraser"},{"floor":43,"key":"aspiration:FetidBarrel"},{"floor":45,"key":"Replay:Multitool"},{"floor":48,"key":"Omamori"}],"event_choices":[{"damage_healed":0,"gold_gain":57,"player_choice":"Gained Gold","damage_taken":0,"max_hp_gain":0,"max_hp_loss":0,"event_name":"Golden Wing","floor":13,"gold_loss":0},{"damage_healed":0,"gold_gain":0,"player_choice":"Shed Blood","damage_taken":19,"max_hp_gain":5,"max_hp_loss":0,"event_name":"Forgotten Altar","floor":20,"gold_loss":0},{"damage_healed":0,"gold_gain":0,"cards_transformed":["Malaise"],"player_choice":"Transformed","damage_taken":0,"max_hp_gain":0,"max_hp_loss":0,"event_name":"Transmorgrifier","floor":21,"gold_loss":0,"cards_obtained":["ReplayTheSpireMod:The Works"]},{"cards_removed":["Sucker Punch"],"damage_healed":0,"gold_gain":0,"player_choice":"Removed Attack","damage_taken":0,"max_hp_gain":0,"max_hp_loss":0,"event_name":"Falling","floor":46,"gold_loss":0}],"is_beta":false,"boss_relics":[{"not_picked":["aspiration:RitualDagger","aspiration:RandomNobGenerator"],"picked":"WristBlade"},{"not_picked":["aspiration:DefectSkillbook","ReplayTheSpireMod:DimensionalGlitch"],"picked":"Cursed Key"}],"items_purged_floors":[2],"is_endless":false,"potions_floor_spawned":[1,4,6,12,16,23,25,27,30,35,38,44,48],"ascension_level":5}}