{"host":"agbyy69nq62afhwx","time":1608416503,"event":{"mods":["BaseMod","Colored Map","Highlight Path","Keyboard Shortcuts","Minty Spire (QoL Compilation)","Quick Restart","StSLib","SuperFastMode","everything is the same but u backflip on backflip"],"gold_per_floor":[119,44,57,69,85,85,95,125,204,266,281,281,281,297,297,397,397,407,427,427,250,266,291,291,301,301,301,226,226,244,154,154,258,258,258,258],"floor_reached":35,"playtime":1008,"items_purged":["Strike_G","Strike_G"],"score":515,"play_id":"a129d2d7-fca1-4ee3-a3d9-626a265933e9","local_time":"20201220072143","is_ascension_mode":true,"campfire_choices":[{"data":"Phantasmal Killer","floor":6.0,"key":"SMITH"},{"floor":15.0,"key":"REST"},{"data":"Well Laid Plans","floor":24.0,"key":"SMITH"},{"data":"Night Terror","floor":27.0,"key":"SMITH"},{"data":"Calculated Gamble","floor":29.0,"key":"SMITH"},{"data":"Glass Knife","floor":32.0,"key":"SMITH"}],"circlet_count":0,"master_deck":["Strike_G","Defend_G","Defend_G","Defend_G","Defend_G","Defend_G","Survivor+1","Neutralize","Phantasmal Killer+1","Backflip","Outmaneuver","Dagger Spray","Predator","Blade Dance","Escape Plan","Well Laid Plans+1","Calculated Gamble+1","Quick Slash","Night Terror+1","Blade Dance","Dagger Throw","Infinite Blades","Skewer+1","Glass Knife+1","Adrenaline"],"relics":["Ring of the Serpent","Akabeko","Question Card","Thread and Needle","Bottled Lightning","Runic Dome","Juzu Bracelet","Pear"],"acts_visited":["Exordium","TheCity","TheBeyond"],"potions_floor_usage":[],"damage_taken":[{"damage":0.0,"enemies":"Small Slimes","floor":1.0,"turns":3.0},{"damage":2.0,"enemies":"Jaw Worm","floor":3.0,"turns":5.0},{"damage":0.0,"enemies":"2 Louse","floor":4.0,"turns":3.0},{"damage":9.0,"enemies":"Blue Slaver","floor":5.0,"turns":6.0},{"damage":2.0,"enemies":"2 Fungi Beasts","floor":7.0,"turns":3.0},{"damage":28.0,"enemies":"Lagavulin","floor":8.0,"turns":6.0},{"damage":0.0,"enemies":"3 Sentries","floor":10.0,"turns":3.0},{"damage":5.0,"enemies":"Red Slaver","floor":11.0,"turns":4.0},{"damage":0.0,"enemies":"3 Louse","floor":14.0,"turns":1.0},{"damage":0.0,"enemies":"Slime Boss","floor":16.0,"turns":7.0},{"damage":2.0,"enemies":"Shell Parasite","floor":18.0,"turns":4.0},{"damage":0.0,"enemies":"3 Byrds","floor":19.0,"turns":4.0},{"damage":13.0,"enemies":"Shelled Parasite and Fungi","floor":22.0,"turns":4.0},{"damage":9.0,"enemies":"Gremlin Leader","floor":23.0,"turns":3.0},{"damage":0.0,"enemies":"Snake Plant","floor":25.0,"turns":2.0},{"damage":0.0,"enemies":"Snecko","floor":30.0,"turns":2.0},{"damage":50.0,"enemies":"Champ","floor":33.0,"turns":9.0},{"damage":67,"enemies":"3 Darklings","floor":35,"turns":5}],"seed_played":"2958130332832794227","potions_obtained":[{"floor":3.0,"key":"LiquidBronze"},{"floor":8.0,"key":"CunningPotion"},{"floor":10.0,"key":"EssenceOfSteel"},{"floor":16.0,"key":"SkillPotion"},{"floor":33.0,"key":"ColorlessPotion"}],"is_trial":false,"path_per_floor":["M","$","M","M","M","R","M","E","T","?","M","?","T","M","R","B",null,"M","M","?","$","M","E","R","M","T","R","?","R","M","?","R","B",null,"M"],"character_chosen":"THE_SILENT","items_purchased":["Infinite Blades"],"campfire_rested":1,"item_purchase_floors":[21],"current_hp_per_floor":[70,70,68,68,59,59,57,29,29,29,24,24,24,24,45,45,70,68,68,68,68,55,46,46,46,56,56,56,56,56,56,56,6,80,13,13],"gold":258,"neow_bonus":"ONE_RANDOM_RARE_CARD","is_daily":false,"chose_seed":false,"campfire_upgraded":5,"win_rate":0.0,"timestamp":1608416503,"path_taken":["M","$","M","M","M","R","M","E","T","?","M","?","?","M","R","BOSS","M","M","?","$","M","E","R","M","T","R","?","R","M","?","R","BOSS","M"],"items_purchased_type":["Card"],"build_version":"2020-12-13","purchased_purges":2,"victory":false,"max_hp_per_floor":[70,70,70,70,70,70,70,70,70,70,70,70,70,70,70,70,70,70,70,70,70,70,70,70,70,80,80,80,80,80,80,80,80,80,80,80],"card_choices":[{"not_picked":["PiercingWail","Caltrops"],"picked":"Backflip","floor":1.0},{"not_picked":["Blade Dance","Sucker Punch"],"picked":"Outmaneuver","floor":3.0},{"not_picked":["Deadly Poison","Poisoned Stab"],"picked":"Dagger Spray","floor":4.0},{"not_picked":["Masterful Stab","Deflect"],"picked":"Predator","floor":5.0},{"not_picked":["Deadly Poison","Choke"],"picked":"Blade Dance","floor":7.0},{"not_picked":["Flechettes","Blur"],"picked":"Escape Plan","floor":8.0},{"not_picked":["Deflect","Bane","Flying Knee"],"picked":"Well Laid Plans","floor":10.0},{"not_picked":["Outmaneuver","Prepared","Tactician"],"picked":"Calculated Gamble","floor":11.0},{"not_picked":["Doppelganger","Footwork","Cloak And Dagger"],"picked":"Quick Slash","floor":14.0},{"not_picked":["Phantasmal Killer","Wraith Form v2","Burst"],"picked":"Night Terror","floor":16.0},{"not_picked":["Poisoned Stab","Cloak And Dagger","Bouncing Flask+1"],"picked":"Blade Dance","floor":18.0},{"not_picked":["Crippling Poison","PiercingWail","Outmaneuver"],"picked":"Dagger Throw","floor":19.0},{"not_picked":["Doppelganger","Cloak And Dagger+1","Dodge and Roll"],"picked":"Skewer+1","floor":22.0},{"not_picked":["Concentrate","Dodge and Roll","Underhanded Strike","Sucker Punch"],"picked":"SKIP","floor":23.0},{"not_picked":["Cloak And Dagger","Outmaneuver","Prepared"],"picked":"Glass Knife","floor":25.0},{"not_picked":["Cloak And Dagger","Predator","PiercingWail","Quick Slash"],"picked":"SKIP","floor":30.0},{"not_picked":["Unload","Malaise","Bullet Time"],"picked":"Adrenaline","floor":33.0}],"player_experience":333878,"relics_obtained":[{"floor":8.0,"key":"Akabeko"},{"floor":9.0,"key":"Question Card"},{"floor":10.0,"key":"Thread and Needle"},{"floor":13.0,"key":"Bottled Lightning"},{"floor":23.0,"key":"Juzu Bracelet"},{"floor":26.0,"key":"Pear"}],"event_choices":[{"damage_healed":0.0,"max_hp_gain":0.0,"max_hp_loss":0.0,"gold_gain":0.0,"event_name":"Dead Adventurer","player_choice":"Searched \u00271\u0027 times","floor":10.0,"gold_loss":0.0,"damage_taken":0.0},{"damage_healed":0.0,"max_hp_gain":0.0,"max_hp_loss":0.0,"gold_gain":0.0,"event_name":"Shining Light","player_choice":"Ignored","floor":12.0,"gold_loss":0.0,"damage_taken":0.0},{"damage_healed":0.0,"max_hp_gain":0.0,"max_hp_loss":0.0,"gold_gain":0.0,"event_name":"Vampires","player_choice":"Ignored","floor":20.0,"gold_loss":0.0,"damage_taken":0.0},{"cards_removed":["Strike_G"],"damage_healed":0.0,"max_hp_gain":0.0,"max_hp_loss":0.0,"gold_gain":0.0,"event_name":"Beggar","player_choice":"Gave Gold","floor":28.0,"gold_loss":75.0,"damage_taken":0.0},{"cards_removed":["Strike_G"],"damage_healed":0.0,"max_hp_gain":0.0,"max_hp_loss":0.0,"gold_gain":0.0,"event_name":"Designer","player_choice":"Upgrade and Remove","floor":31.0,"gold_loss":90.0,"damage_taken":0.0,"cards_upgraded":["Survivor"]}],"is_beta":false,"boss_relics":[{"not_picked":["Fusion Hammer","Snecko Eye"],"picked":"Runic Dome"},{"not_picked":["Busted Crown","SacredBark"],"picked":"Ring of the Serpent"}],"items_purged_floors":[2,21],"is_endless":false,"potions_floor_spawned":[3,8,10,11,16,22,23,30,33],"killed_by":"3 Darklings","ascension_level":4}}