{"host":"02w9hl92h62kgkzk","time":1608365490,"event":{"mods":["2.2 Compatiblity","AchievementEnabler","Act Like it!","AlwaysNeverKeys","Aspiration","Bard","BaseMod","Better Altar","Better Match","Better Note","Better Sensory Stone","Better Skull","Better Third Choice","Better Vampires","BetterRewards","Block Reminder","CCEM","ChefMod","Colored Map","Colored Powertips","Conspire","Downfall","Ekko","Elementarium","Emptier Cage","Energized Spire","Friendly Minions","FruityMod","Gensokyo","GifTheSpireLib","Halation","Hallownest","Hermit","Hubris","Jorbs\u0027s Wanderer Trilogy","Magitek Elite","Marisa????????","Marked Mod","Minty Spire (QoL Compilation)","Permanent Neow","QueenMod","Quick Restart","Random Character Mod","Rare Cards Sparkle","Replay The Spire","Retaliation","Reworked Bosses","Robot Space Explorer","SIMod","Shade Mod","Shop Mod","Spicy Shops","Spikes Relics","StSLib","Stuff the Spire","Synergy Search","The Administrix","The Animator","The Blackbeard","The Blue Laboratory","The Bug Knight","The Construct","The Cursed","The Death Knight","The Disciple","The Factory","The Florist","The Forsaken","The Gatherer","The Hayseed","The Hierophant","The Jungle","The Runesmith","The Valiant","The Wild Card","TheHero","TheVacant","Trackpad","Transform Curses","Unceasing Turn Reminder","Wandering Minibosses","thorton","vexMod"],"gold_per_floor":[119,129,129,142,153,153,178,189,189,203,59,76,97,97,97,192,192,206,80,80,92,92,92,127,189,189,189,254,311,311,343,343,443,443,498,498,517,361,361,436,436,436,436,436,436,454,499,499],"floor_reached":47,"playtime":1875,"items_purged":["construct:Enhance","construct:Anticipate"],"score":620,"play_id":"d2315b6d-5b34-43ca-abe7-d573116efa0e","local_time":"20201219021130","daily_mods":["Draft","Heirloom"],"is_ascension_mode":false,"campfire_choices":[{"data":"construct:SuppressiveFire","floor":6,"key":"SMITH"},{"floor":15,"key":"REST"},{"floor":23,"key":"RECALL"},{"data":"construct:BatteryCore","floor":30,"key":"SMITH"},{"data":"construct:FlameCore","floor":32,"key":"SMITH"}],"circlet_count":0,"master_deck":["construct:MetalShell","construct:FierceBash+1","construct:Analyze","construct:FierceBash+1","construct:FlameCore+1","construct:Boost+1","construct:Anticipate","construct:FocusedBeam+1","construct:SuppressiveFire+1","construct:ShiftStrike+1","construct:ScopeCore","construct:Anticipate","construct:FocusedBeam+1","construct:ScopeCore","construct:SyphonStrike+1","construct:SyphonStrike+1","construct:BatteryCore+1"],"relics":["Ring of Chaos","Thread and Needle","MerchantsRug","Arcanosphere","Odd Mushroom","energizedSpire:StickyHand","BargainBundle","Replay:Baseball","ReplayTheSpireMod:Ring of Addiction","White Beast Statue","hubris:EmptyBottle","ReplayTheSpireMod:Ring of Challenge","StuffTheSpire:Expresso","theForsaken:Gavel","hubris:Zylophone","vexMod:TanglingVine","ReplayTheSpireMod:TigerMarble","halation:PapillonHeart","MealTicket","hubris:Towel","halation:Trompette","aspiration:AnachronicSnailShell","hubris:BundleOfHerbs"],"acts_visited":["Exordium","Exordium","TheBeyond"],"potions_floor_usage":[24,25,28,29,31,33,35,40,40,46,46],"damage_taken":[{"damage":0,"enemies":"Jaw Worm","floor":1,"turns":2},{"damage":0,"enemies":"Small Slimes","floor":2,"turns":2},{"damage":0,"enemies":"Cultist","floor":4,"turns":3},{"damage":0,"enemies":"2 Fungi Beasts","floor":5,"turns":2},{"damage":5,"enemies":"Gremlin Nob","floor":7,"turns":4},{"damage":7,"enemies":"Exordium Wildlife","floor":8,"turns":2},{"damage":29,"enemies":"Gremlin Gang","floor":10,"turns":4},{"damage":3,"enemies":"Red Slaver","floor":12,"turns":2},{"damage":14,"enemies":"The Mushroom Lair","floor":13,"turns":2},{"damage":0,"enemies":"Fading Forest","floor":16,"turns":10},{"damage":0,"enemies":"theJungle:GiantWrat","floor":18,"turns":3},{"damage":1,"enemies":"theJungle:Flameango_and_Byrd","floor":21,"turns":2},{"damage":0,"enemies":"theJungle:MamaSnecko","floor":24,"turns":2},{"damage":0,"enemies":"theJungle:2_Snecko_Cultists","floor":25,"turns":2},{"damage":0,"enemies":"Snake Plant","floor":28,"turns":1},{"damage":0,"enemies":"theJungle:Lyon","floor":29,"turns":2},{"damage":0,"enemies":"theJungle:2_Phrogs","floor":31,"turns":3},{"damage":18,"enemies":"theJungle:TotemBoss","floor":33,"turns":4},{"damage":6,"enemies":"3 Darklings","floor":35,"turns":2},{"damage":19,"enemies":"3 Shapes","floor":37,"turns":2},{"damage":51,"enemies":"Reptomancer","floor":40,"turns":3},{"damage":8,"enemies":"Sphere and 2 Shapes","floor":46,"turns":2},{"damage":6,"enemies":"Writhing Mass","floor":47,"turns":1}],"seed_played":"-8631050791450048656","potions_obtained":[{"floor":1,"key":"blueLaboratory:RememoryPotion"},{"floor":4,"key":"construct:MegaPotion"},{"floor":10,"key":"Weak Potion"},{"floor":13,"key":"Strength Potion"},{"floor":18,"key":"blueLaboratory:RecallPotion"},{"floor":21,"key":"blueLaboratory:TrueEctoplasm"},{"floor":22,"key":"LifebloodPotion"},{"floor":22,"key":"blueLaboratory:FruitPunch"},{"floor":25,"key":"blueLaboratory:BottleOfRum"},{"floor":27,"key":"Adrenaline Potion"},{"floor":29,"key":"blueLaboratory:HorrorPotion"},{"floor":33,"key":"Strength Potion"},{"floor":40,"key":"blueLaboratory:BubblePotion"},{"floor":46,"key":"blueLaboratory:BottleOfRum"}],"is_trial":true,"path_per_floor":["M","M","?","M","M","R","E","M","T","M","$","M","?","?","R","B",null,"M","$","?","M","?","R","E","M","T","?","M","M","R","E","R","B",null,"M","?","M","$","?","E","PTL","PTL","?","T","T","M","M"],"character_chosen":"THE_CONSTRUCT_MOD","items_purchased":["MerchantsRug","aspiration:Nostalgia","BargainBundle","SkillPotion","blueLaboratory:Moonshine","DDmod:CleansePotion","DistilledChaos","Replay:Baseball","MealTicket"],"campfire_rested":1,"item_purchase_floors":[11,11,19,19,19,19,19,19,38],"current_hp_per_floor":[85,85,85,85,85,85,80,73,73,44,44,41,27,27,52,52,85,85,85,85,84,84,84,86,88,88,88,88,88,88,88,88,70,89,83,83,64,64,64,13,13,13,13,13,13,5,0,0],"gold":499,"neow_bonus":"","is_daily":false,"chose_seed":false,"campfire_upgraded":3,"win_rate":0.0,"timestamp":1608365490,"path_taken":["M","M","?","M","?","R","E","M","T","M","$","M","?","?","R","BOSS","M","$","?","?","?","R","E","M","T","?","M","?","R","E","R","BOSS","M","?","M","$","?","E","PTL","PTL","?","?","T","M","?"],"items_purchased_type":["Relic","Relic","Relic","Potion","Potion","Potion","Potion","Relic","Relic"],"build_version":"2020-12-13","purchased_purges":2,"victory":false,"max_hp_per_floor":[85,85,85,85,85,85,85,85,85,85,85,85,85,85,85,85,85,85,85,85,85,85,85,87,89,89,89,89,89,89,89,89,89,89,89,85,85,85,83,83,83,83,83,81,81,81,82,82],"card_choices":[{"not_picked":["construct:Failsafe","construct:Accumulate"],"picked":"construct:MetalShell","floor":0},{"not_picked":["construct:ModeShift","construct:HeavyBolt"],"picked":"construct:Anticipate","floor":0},{"not_picked":["construct:Anticipate","construct:Autoturret"],"picked":"construct:FierceBash","floor":0},{"not_picked":["construct:Synchronize","construct:Autoturret"],"picked":"construct:Analyze","floor":0},{"not_picked":["construct:GuardCore","construct:VentSteam"],"picked":"construct:FierceBash","floor":0},{"not_picked":["construct:HeavyBolt","construct:Dampening"],"picked":"construct:FlameCore","floor":0},{"not_picked":["construct:SuppressiveFire","construct:ShiftStrike"],"picked":"construct:Boost","floor":0},{"not_picked":["construct:ModeShift","construct:HeavyBolt"],"picked":"construct:Anticipate","floor":0},{"not_picked":["construct:ElectricArmor","construct:Versatility"],"picked":"construct:Enhance","floor":0},{"not_picked":["construct:Autoturret","construct:ModeShift"],"picked":"construct:FocusedBeam","floor":0},{"not_picked":["construct:HeavyBolt","construct:Overcharge"],"picked":"construct:SuppressiveFire","floor":0},{"not_picked":["construct:ModeShift","construct:OmegaCannon"],"picked":"construct:ShiftStrike","floor":0},{"not_picked":["construct:Disrupt","construct:HeavyBolt"],"picked":"construct:ScopeCore","floor":0},{"not_picked":["construct:Autoturret","construct:Stasis"],"picked":"construct:Anticipate","floor":0},{"not_picked":["construct:ModeShift","construct:Autoturret"],"picked":"construct:FocusedBeam","floor":0},{"not_picked":["construct:Missile","construct:ReactiveShield","construct:ScopeCore"],"picked":"SKIP","floor":1},{"not_picked":["construct:FocusedBeam","construct:Versatility","construct:HardReboot"],"picked":"SKIP","floor":2},{"not_picked":["construct:Versatility","construct:HeavyBolt","construct:ModeShift"],"picked":"SKIP","floor":4},{"not_picked":["construct:CripplingShot","construct:Overcharge"],"picked":"construct:ScopeCore","floor":5},{"not_picked":["construct:ChargeShot","construct:Backfire","construct:SaveState"],"picked":"SKIP","floor":7},{"not_picked":["construct:BatteryAcid","construct:ScrapCannon"],"picked":"construct:SyphonStrike","floor":8},{"not_picked":["construct:Zapper","construct:Failsafe","construct:ElectricArmor"],"picked":"SKIP","floor":10},{"not_picked":["construct:Hazardproof","construct:UnbalancingBlast","construct:FierceBash"],"picked":"SKIP","floor":12},{"not_picked":["construct:Accumulate","construct:ElectricArmor"],"picked":"construct:SyphonStrike","floor":13},{"not_picked":["construct:SpinDrive","construct:MassProduction"],"picked":"construct:BatteryCore","floor":16},{"not_picked":["construct:Versatility","construct:ModeShift","construct:Boost+1"],"picked":"SKIP","floor":18},{"not_picked":["construct:FlakBarrage+1","construct:BatteryAcid","construct:Boost"],"picked":"SKIP","floor":21},{"not_picked":["construct:VentSteam","construct:BatteryCore","construct:HardReboot"],"picked":"SKIP","floor":24},{"not_picked":["construct:Boost+1","construct:ClusterMines+1","construct:SuppressiveFire+1"],"picked":"SKIP","floor":25},{"not_picked":["construct:VentSteam+1","construct:ReactiveShield","construct:ChargeShot"],"picked":"SKIP","floor":28},{"not_picked":["construct:Zapper","construct:Autoturret+1","construct:GuardCore+1"],"picked":"SKIP","floor":29},{"not_picked":["construct:SuppressiveFire","construct:Backfire","construct:VentSteam"],"picked":"SKIP","floor":31},{"not_picked":["construct:Impenetrable","construct:Backup+1","construct:Forcefield"],"picked":"SKIP","floor":35},{"not_picked":["construct:Forcefield+1","construct:SyphonStrike+1","construct:Dampening+1"],"picked":"SKIP","floor":37},{"not_picked":["construct:Zapper","construct:Forcefield+1","construct:Tumble+1"],"picked":"SKIP","floor":40},{"not_picked":["construct:ScopeCore","construct:Failsafe","construct:PowerUp+1"],"picked":"SKIP","floor":46}],"player_experience":1031410,"relics_obtained":[{"floor":7,"key":"Lantern"},{"floor":13,"key":"Odd Mushroom"},{"floor":22,"key":"ReplayTheSpireMod:Ring of Addiction"},{"floor":22,"key":"White Beast Statue"},{"floor":22,"key":"hubris:EmptyBottle"},{"floor":22,"key":"ReplayTheSpireMod:Ring of Challenge"},{"floor":24,"key":"StuffTheSpire:Expresso"},{"floor":26,"key":"theForsaken:Gavel"},{"floor":31,"key":"hubris:Zylophone"},{"floor":35,"key":"ReplayTheSpireMod:TigerMarble"},{"floor":40,"key":"halation:Trompette"},{"floor":44,"key":"aspiration:AnachronicSnailShell"},{"floor":45,"key":"hubris:BundleOfHerbs"}],"event_choices":[{"damage_healed":0,"gold_gain":1,"player_choice":"1","damage_taken":0,"max_hp_gain":0,"max_hp_loss":0,"event_name":"betterStone:BetterStone","floor":3,"gold_loss":0},{"damage_healed":0,"gold_gain":0,"player_choice":"Fought Mushrooms","damage_taken":0,"max_hp_gain":0,"max_hp_loss":0,"event_name":"Mushrooms","floor":13,"gold_loss":0},{"cards_removed":["construct:SyphonStrike"],"damage_healed":0,"gold_gain":0,"player_choice":"Give","damage_taken":0,"max_hp_gain":0,"max_hp_loss":0,"event_name":"betterNote:BetterNote","floor":20,"gold_loss":0,"cards_obtained":["None"]},{"damage_healed":0,"gold_gain":0,"player_choice":"Got Potions","damage_taken":0,"max_hp_gain":0,"max_hp_loss":0,"event_name":"Lab","floor":27,"gold_loss":0}],"is_beta":false,"boss_relics":[{"not_picked":["vexMod:MysteryBossChallenge","Kintsugi"],"picked":"energizedSpire:StickyHand"},{"not_picked":["Replay:Wanted Poster","vexMod:EndlessSickness"],"picked":"vexMod:TanglingVine"}],"items_purged_floors":[19,38],"is_endless":false,"potions_floor_spawned":[1,4,10,13,18,21,24,25,28,29,31,33,35,37,40,46],"killed_by":"Writhing Mass","ascension_level":0}}