{"host":"1a32ffxog1zcqoh0","time":1608419250,"event":{"mods":["BaseMod","Block Reminder","Colored Map","Colored Powertips","Googly Eyes","Minty Spire (QoL Compilation)","Quick Restart","Rare Cards Sparkle","Relic Stats","StSLib","Unceasing Turn Reminder","everything is the same but u backflip on backflip","slay the spire mod where everything is the same but ironclad has a cowboy hat"],"gold_per_floor":[114,132,132,143,64,64,78,112,138,158,158,186,186,197,197,296,296,309,309,309,408,425,458,157,187,187,199,227,271,283,315,327,444,456,485,497,524,536,548,589,601,613,613],"floor_reached":42,"playtime":1740,"items_purged":["Strike_G"],"score":705,"play_id":"e9f5dcb9-ced6-4235-8b7e-62e258243b3c","local_time":"20201219180730","is_ascension_mode":true,"campfire_choices":[{"data":"Infinite Blades","floor":6,"key":"SMITH"},{"data":"Cloak And Dagger","floor":11,"key":"SMITH"},{"floor":15,"key":"REST"},{"floor":30,"key":"REST"},{"floor":32,"key":"REST"},{"floor":41,"key":"REST"}],"circlet_count":0,"master_deck":["Strike_G","Strike_G","Strike_G","Defend_G","Defend_G","Defend_G","Defend_G","Defend_G","Survivor","Neutralize","Blade Dance","Choke","Infinite Blades+1","Cloak And Dagger+1","Flying Knee","Blade Dance","Blade Dance","Backflip","Storm of Steel","Blade Dance+1","Necronomicurse","Choke+1","Quick Slash+1","Infinite Blades","Die Die Die","Terror+1","Predator","Backflip","Adrenaline+1","Poisoned Stab+1","Flash of Steel","Dash+1","Calculated Gamble+1"],"relics":["Ring of the Serpent","NeowsBlessing","Boot","Toy Ornithopter","Happy Flower","Necronomicon","MealTicket","Lee\u0027s Waffle","Sundial","MawBank","Letter Opener","WristBlade","The Courier"],"acts_visited":["Exordium","TheCity","TheBeyond"],"potions_floor_usage":[8,16,18,18,23,33,33,40],"damage_taken":[{"damage":0,"enemies":"Jaw Worm","floor":1,"turns":1},{"damage":0,"enemies":"Cultist","floor":2,"turns":1},{"damage":0,"enemies":"Small Slimes","floor":4,"turns":1},{"damage":9,"enemies":"Red Slaver","floor":7,"turns":3},{"damage":14,"enemies":"Lagavulin","floor":8,"turns":8},{"damage":1,"enemies":"Looter","floor":10,"turns":4},{"damage":6,"enemies":"3 Sentries","floor":12,"turns":7},{"damage":13,"enemies":"Large Slime","floor":14,"turns":3},{"damage":0,"enemies":"Slime Boss","floor":16,"turns":5},{"damage":12,"enemies":"2 Thieves","floor":18,"turns":3},{"damage":0,"enemies":"Spheric Guardian","floor":22,"turns":3},{"damage":18,"enemies":"Slavers","floor":23,"turns":4},{"damage":28,"enemies":"Book of Stabbing","floor":25,"turns":4},{"damage":0,"enemies":"Shelled Parasite and Fungi","floor":28,"turns":2},{"damage":28,"enemies":"Slavers","floor":29,"turns":4},{"damage":24,"enemies":"Sentry and Sphere","floor":31,"turns":4},{"damage":41,"enemies":"Automaton","floor":33,"turns":6},{"damage":11,"enemies":"Orb Walker","floor":35,"turns":2},{"damage":32,"enemies":"3 Shapes","floor":37,"turns":3},{"damage":10,"enemies":"Reptomancer","floor":40,"turns":2},{"damage":51,"enemies":"Giant Head","floor":42,"turns":5}],"seed_played":"-5568818526915563363","potions_obtained":[{"floor":2,"key":"SpeedPotion"},{"floor":4,"key":"Block Potion"},{"floor":8,"key":"Energy Potion"},{"floor":12,"key":"CunningPotion"},{"floor":16,"key":"DuplicationPotion"},{"floor":18,"key":"LiquidBronze"},{"floor":29,"key":"Dexterity Potion"},{"floor":33,"key":"CunningPotion"}],"is_trial":false,"path_per_floor":["M","M","?","M","$","R","M","E","T","M","R","E","?","M","R","B",null,"M","?","?","?","M","E","$","E","T","T","M","E","R","M","R","B",null,"M","?","M","?","?","E","R","E"],"character_chosen":"THE_SILENT","items_purchased":["Infinite Blades","Infinite Blades","Lee\u0027s Waffle"],"campfire_rested":4,"item_purchase_floors":[5,24,24],"current_hp_per_floor":[70,70,70,70,70,70,61,47,47,46,46,40,45,32,53,58,67,63,47,47,47,47,34,77,49,49,49,49,21,44,20,43,12,61,50,50,18,18,18,13,34,0,0],"gold":613,"neow_bonus":"THREE_ENEMY_KILL","is_daily":false,"chose_seed":false,"campfire_upgraded":2,"win_rate":0.0,"timestamp":1608419250,"path_taken":["M","M","?","?","?","R","M","E","T","?","R","E","?","M","R","BOSS","M","?","?","?","M","E","?","E","T","?","?","E","R","M","R","BOSS","M","?","M","?","?","E","R","E"],"items_purchased_type":["Card","Card","Relic"],"build_version":"2020-12-13","purchased_purges":1,"victory":false,"max_hp_per_floor":[70,70,70,70,70,70,70,70,70,70,70,70,70,70,70,70,70,70,70,70,70,70,70,77,77,77,77,77,77,77,77,77,77,77,77,77,77,73,73,73,73,73,73],"relic_stats":{"Lee\u0027s Waffle":28,"Happy Flower":[16],"counters":[21,75],"Sundial":[0],"MealTicket":15,"Necronomicon":[22],"Letter Opener":[30],"Boot":[152],"MawBank":192,"obtain_stats":[{"Lee\u0027s Waffle":24,"NeowsBlessing":0,"Happy Flower":12,"The Courier":40,"Letter Opener":29,"Boot":8,"MawBank":26,"WristBlade":34,"Sundial":25,"MealTicket":23,"Necronomicon":19,"Toy Ornithopter":9,"Ring of the Serpent":17,"Ring of the Snake":0},{"Lee\u0027s Waffle":12,"NeowsBlessing":0,"Happy Flower":7,"The Courier":20,"Letter Opener":15,"Boot":5,"MawBank":13,"WristBlade":17,"Sundial":13,"MealTicket":12,"Necronomicon":10,"Toy Ornithopter":5,"Ring of the Serpent":9,"Ring of the Snake":0},{"Lee\u0027s Waffle":43,"NeowsBlessing":0,"Happy Flower":25,"The Courier":70,"Letter Opener":53,"Boot":14,"MawBank":47,"WristBlade":63,"Sundial":47,"MealTicket":43,"Necronomicon":36,"Toy Ornithopter":14,"Ring of the Serpent":33,"Ring of the Snake":0}],"Toy Ornithopter":33},"card_choices":[{"not_picked":["Outmaneuver","Dodge and Roll"],"picked":"PiercingWail","floor":1},{"not_picked":["Poisoned Stab","Slice"],"picked":"Blade Dance","floor":2},{"not_picked":["Outmaneuver","Deadly Poison"],"picked":"Choke","floor":4},{"not_picked":["Footwork","Terror"],"picked":"Cloak And Dagger","floor":7},{"not_picked":["Dagger Spray","Expertise"],"picked":"Flying Knee","floor":8},{"not_picked":["Predator","Prepared"],"picked":"Blade Dance","floor":10},{"not_picked":["Dagger Spray","Bane"],"picked":"Blade Dance","floor":12},{"not_picked":["Well Laid Plans","Deflect"],"picked":"Backflip","floor":14},{"not_picked":["Unload","Adrenaline"],"picked":"Storm of Steel","floor":16},{"not_picked":["Sucker Punch","Quick Slash+1"],"picked":"Blade Dance+1","floor":18},{"not_picked":["Flying Knee+1","Riddle With Holes"],"picked":"Choke+1","floor":22},{"not_picked":["Grand Finale","Malaise"],"picked":"Quick Slash+1","floor":23},{"not_picked":["Crippling Poison","Bouncing Flask"],"picked":"Die Die Die","floor":25},{"not_picked":["Dagger Throw+1","Tactician"],"picked":"Terror+1","floor":28},{"not_picked":["Tactician","Dodge and Roll+1"],"picked":"Predator","floor":29},{"not_picked":["Poisoned Stab","Setup"],"picked":"Backflip","floor":31},{"not_picked":["Bullet Time","Unload"],"picked":"Adrenaline","floor":33},{"not_picked":["PiercingWail+1","Leg Sweep+1"],"picked":"Poisoned Stab+1","floor":35},{"not_picked":["Panacea","Blind"],"picked":"Flash of Steel","floor":36},{"not_picked":["Bouncing Flask+1","All Out Attack"],"picked":"Dash+1","floor":37},{"not_picked":["Quick Slash","Underhanded Strike"],"picked":"Calculated Gamble+1","floor":40}],"player_experience":246646,"relics_obtained":[{"floor":8,"key":"Boot"},{"floor":9,"key":"Toy Ornithopter"},{"floor":12,"key":"Happy Flower"},{"floor":19,"key":"Necronomicon"},{"floor":23,"key":"MealTicket"},{"floor":25,"key":"Sundial"},{"floor":26,"key":"MawBank"},{"floor":29,"key":"Letter Opener"},{"floor":40,"key":"The Courier"}],"event_choices":[{"cards_removed":["Strike_G"],"damage_healed":0,"gold_gain":0,"player_choice":"Purged","damage_taken":0,"max_hp_gain":0,"max_hp_loss":0,"event_name":"Purifier","floor":3,"gold_loss":0},{"cards_removed":["PiercingWail"],"damage_healed":5,"gold_gain":0,"player_choice":"Offered Common","damage_taken":0,"max_hp_gain":0,"max_hp_loss":0,"event_name":"Bonfire Elementals","floor":13,"gold_loss":0},{"cards_removed":["PiercingWail"],"damage_healed":5,"gold_gain":0,"player_choice":"Offered Special","damage_taken":0,"max_hp_gain":0,"max_hp_loss":0,"event_name":"Bonfire Elementals","floor":13,"gold_loss":0},{"damage_healed":0,"gold_gain":0,"player_choice":"Obtained Book","damage_taken":16,"max_hp_gain":0,"max_hp_loss":0,"event_name":"Cursed Tome","floor":19,"gold_loss":0},{"damage_healed":0,"gold_gain":0,"player_choice":"Ignored","damage_taken":0,"max_hp_gain":0,"max_hp_loss":0,"event_name":"Vampires","floor":20,"gold_loss":0},{"damage_healed":0,"gold_gain":99,"player_choice":"Stole From Cult","damage_taken":0,"max_hp_gain":0,"max_hp_loss":0,"event_name":"Nest","floor":21,"gold_loss":0},{"damage_healed":0,"gold_gain":0,"player_choice":"Memory 1","damage_taken":0,"max_hp_gain":0,"max_hp_loss":0,"event_name":"SensoryStone","floor":36,"gold_loss":0},{"damage_healed":0,"gold_gain":0,"player_choice":"Max HP","damage_taken":0,"max_hp_gain":0,"max_hp_loss":4,"event_name":"Winding Halls","floor":38,"gold_loss":0},{"damage_healed":0,"gold_gain":0,"player_choice":"Upgraded","damage_taken":0,"max_hp_gain":0,"max_hp_loss":0,"event_name":"Upgrade Shrine","floor":39,"gold_loss":0,"cards_upgraded":["Adrenaline"]}],"is_beta":false,"boss_relics":[{"not_picked":["Pandora\u0027s Box","Ectoplasm"],"picked":"Ring of the Serpent"},{"not_picked":["Runic Pyramid","Fusion Hammer"],"picked":"WristBlade"}],"items_purged_floors":[24],"is_endless":false,"potions_floor_spawned":[2,4,8,12,16,18,29,33],"killed_by":"Giant Head","ascension_level":5}}