{"host":"640uue19m79c7wbt","time":1608358222,"event":{"mods":["BaseMod","Colored Map","Googly Eyes","Highlight Path","Minty Spire (QoL Compilation)","Quick Restart","StSLib"],"gold_per_floor":[112,123,123,6,18,53,53,85,85,85,103,103,103,135,135,135,135],"floor_reached":16,"playtime":535,"items_purged":[],"score":180,"play_id":"a57c1303-48e4-4e73-9d88-9fe137d94476","local_time":"20201219011022","is_ascension_mode":true,"campfire_choices":[{"data":"Dagger Spray","floor":7.0,"key":"SMITH"},{"floor":13,"key":"REST"},{"floor":15,"key":"REST"}],"circlet_count":0,"master_deck":["AscendersBane","Strike_G","Strike_G","Strike_G","Strike_G","Strike_G","Defend_G","Defend_G","Defend_G","Defend_G","Defend_G","Survivor","Neutralize","Dagger Spray+1","Slice","Well Laid Plans","Dagger Spray","Dagger Spray+1","Accuracy","Masterful Stab+1","Flying Knee+1","Endless Agony+1"],"relics":["Ring of the Snake","NeowsBlessing","Strawberry","Molten Egg 2","Kunai"],"acts_visited":["Exordium"],"potions_floor_usage":[12,14,16,16],"damage_taken":[{"damage":0.0,"enemies":"Cultist","floor":1.0,"turns":1.0},{"damage":0.0,"enemies":"Jaw Worm","floor":2.0,"turns":1.0},{"damage":0.0,"enemies":"2 Louse","floor":5.0,"turns":1.0},{"damage":11.0,"enemies":"3 Sentries","floor":6.0,"turns":4.0},{"damage":54.0,"enemies":"Lagavulin","floor":8.0,"turns":7.0},{"damage":0.0,"enemies":"Exordium Wildlife","floor":11.0,"turns":1.0},{"damage":0,"enemies":"Red Slaver","floor":12,"turns":1},{"damage":9,"enemies":"3 Sentries","floor":14,"turns":6},{"damage":42,"enemies":"Hexaghost","floor":16,"turns":11}],"seed_played":"7913071046895656904","potions_obtained":[{"floor":3.0,"key":"SkillPotion"},{"floor":3.0,"key":"Weak Potion"},{"floor":3.0,"key":"Fire Potion"},{"floor":8.0,"key":"SmokeBomb"},{"floor":11.0,"key":"ColorlessPotion"},{"floor":14,"key":"Explosive Potion"}],"is_trial":false,"path_per_floor":["M","M","?","$","M","E","R","E","T","?","M","M","R","E","R","B"],"character_chosen":"THE_SILENT","items_purchased":["Well Laid Plans","Dagger Spray"],"campfire_rested":2,"item_purchase_floors":[4,4],"current_hp_per_floor":[63,63,63,63,63,59,59,5,5,5,5,5,28,19,42,0,0],"gold":135,"neow_bonus":"THREE_ENEMY_KILL","is_daily":false,"chose_seed":false,"campfire_upgraded":1,"win_rate":0.0,"timestamp":1608358222,"path_taken":["M","M","?","$","?","E","R","E","T","?","M","M","R","E","R","BOSS"],"items_purchased_type":["Card","Card"],"build_version":"2020-12-13","purchased_purges":0,"victory":false,"max_hp_per_floor":[70,70,70,70,70,77,77,77,77,77,77,77,77,77,77,77,77],"card_choices":[{"not_picked":["Dagger Throw","Skewer"],"picked":"Dagger Spray","floor":1.0},{"not_picked":["Calculated Gamble","Bane"],"picked":"Slice","floor":2.0},{"not_picked":["Masterful Stab","Escape Plan"],"picked":"Dagger Spray","floor":5.0},{"not_picked":["Cloak And Dagger","Prepared"],"picked":"Accuracy","floor":6.0},{"not_picked":["Setup","Dagger Throw+1"],"picked":"Masterful Stab+1","floor":8.0},{"not_picked":["Backflip","Deadly Poison"],"picked":"Flying Knee+1","floor":11.0},{"not_picked":["Dodge and Roll","Heel Hook+1"],"picked":"Endless Agony+1","floor":14}],"player_experience":1218400,"relics_obtained":[{"floor":6.0,"key":"Strawberry"},{"floor":8.0,"key":"Molten Egg 2"},{"floor":14,"key":"Kunai"}],"event_choices":[{"damage_healed":0.0,"max_hp_gain":0.0,"max_hp_loss":0.0,"gold_gain":0.0,"event_name":"Lab","player_choice":"Got Potions","floor":3.0,"gold_loss":0.0,"damage_taken":0.0},{"damage_healed":0.0,"max_hp_gain":0.0,"max_hp_loss":0.0,"gold_gain":0.0,"event_name":"Living Wall","player_choice":"Grow","floor":10.0,"gold_loss":0.0,"damage_taken":0.0,"cards_upgraded":["Dagger Spray"]}],"is_beta":false,"boss_relics":[],"items_purged_floors":[],"is_endless":false,"potions_floor_spawned":[8,11,12,14],"killed_by":"Hexaghost","ascension_level":10}}