{"host":"d8hh7rr4yzitjeuj","time":1608356039,"event":{"mods":["2.2 Compatiblity","AchievementEnabler","BaseMod","CapriCore","Colored Map","Colored Powertips","Highlight Path","Keyboard Shortcuts","Minty Spire (QoL Compilation)","Permanent Neow","Quick Restart","StSLib","SuperFastMode"],"gold_per_floor":[115,115,126,11,286,286,298,309,383,448,448,468,468,481,481,579,579,592,298,298,298,298,298,298,298],"floor_reached":24,"playtime":789,"items_purged":["Injury"],"score":368,"play_id":"9c05bc15-bfd7-4698-9a85-b2ed7bb90dbc","local_time":"20201219143359","is_ascension_mode":true,"campfire_choices":[{"floor":6,"key":"RECALL"},{"floor":15,"key":"REST"},{"floor":23,"key":"REST"}],"circlet_count":0,"master_deck":["AscendersBane","Strike_B","Strike_B","Strike_B","Strike_B","Defend_B","Defend_B","Defend_B","Defend_B","Cold Snap","FTL","Hello World","Streamline","Reinforced Body","Barrage","Rebound","Sweeping Beam","Melter","Core Surge","Reprogram","Beam Cell","BootSequence","Echo Form","Loop"],"relics":["Fusion Hammer","Kunai","Lantern","Bloody Idol","Black Star","Strange Spoon"],"acts_visited":["Exordium","TheCity"],"potions_floor_usage":[10,16,16],"damage_taken":[{"damage":9,"enemies":"Jaw Worm","floor":1,"turns":4},{"damage":5,"enemies":"Small Slimes","floor":3,"turns":3},{"damage":7,"enemies":"Cultist","floor":7,"turns":4},{"damage":2,"enemies":"Blue Slaver","floor":8,"turns":4},{"damage":9,"enemies":"3 Sentries","floor":10,"turns":8},{"damage":1,"enemies":"2 Fungi Beasts","floor":12,"turns":4},{"damage":16,"enemies":"Lots of Slimes","floor":14,"turns":4},{"damage":17,"enemies":"Hexaghost","floor":16,"turns":11},{"damage":14,"enemies":"3 Byrds","floor":18,"turns":6},{"damage":65,"enemies":"Book of Stabbing","floor":24,"turns":7}],"seed_played":"1702586389134015508","potions_obtained":[{"floor":8,"key":"SkillPotion"},{"floor":10,"key":"SpeedPotion"},{"floor":14,"key":"ColorlessPotion"}],"is_trial":false,"path_per_floor":["M","?","M","$","?","R","M","M","T","?","?","M","?","M","R","B",null,"M","$","?","?","?","R","E"],"character_chosen":"DEFECT","items_purchased":["Hello World","Streamline","Beam Cell","Strange Spoon"],"campfire_rested":2,"item_purchase_floors":[4,4,19,19],"current_hp_per_floor":[55,55,50,50,50,50,43,41,41,32,32,31,31,15,36,19,58,44,44,44,44,44,65,0,0],"gold":298,"neow_bonus":"BOSS_RELIC","is_daily":false,"chose_seed":false,"campfire_upgraded":0,"win_rate":0.0,"timestamp":1608356039,"path_taken":["M","?","M","$","?","R","?","M","T","?","?","?","?","M","R","BOSS","M","$","?","?","?","R","E"],"items_purchased_type":["Card","Card","Card","Relic"],"build_version":"2020-12-13","purchased_purges":1,"victory":false,"max_hp_per_floor":[71,71,71,71,71,71,71,71,71,71,71,71,71,71,71,71,71,71,71,71,71,71,71,71,71],"card_choices":[{"not_picked":["Go for the Eyes","Conserve Battery"],"picked":"Cold Snap","floor":1},{"not_picked":["Hologram","Turbo"],"picked":"FTL","floor":3},{"not_picked":["Double Energy","Conserve Battery"],"picked":"Reinforced Body","floor":7},{"not_picked":["Lockon","Storm"],"picked":"Barrage","floor":8},{"not_picked":["Ball Lightning","Coolheaded"],"picked":"Rebound","floor":10},{"not_picked":["Heatsinks","Cold Snap"],"picked":"Sweeping Beam","floor":12},{"not_picked":["FTL","Barrage"],"picked":"Melter","floor":14},{"not_picked":["Biased Cognition","Electrodynamics"],"picked":"Core Surge","floor":16},{"not_picked":["Capacitor","Barrage+1"],"picked":"Reprogram","floor":18}],"player_experience":1363768,"relics_obtained":[{"floor":9,"key":"Kunai"},{"floor":10,"key":"Lantern"}],"event_choices":[{"damage_healed":0,"gold_gain":0,"player_choice":"Ignored","damage_taken":0,"max_hp_gain":0,"max_hp_loss":0,"event_name":"Golden Wing","floor":2,"gold_loss":0},{"damage_healed":0,"gold_gain":275,"player_choice":"Desecrate","damage_taken":0,"max_hp_gain":0,"max_hp_loss":0,"event_name":"Golden Shrine","floor":5,"gold_loss":0,"cards_obtained":["Regret"]},{"damage_healed":0,"gold_gain":0,"player_choice":"Searched \u00271\u0027 times","damage_taken":0,"max_hp_gain":0,"max_hp_loss":0,"event_name":"Dead Adventurer","floor":10,"gold_loss":0},{"cards_removed":["Regret"],"damage_healed":0,"gold_gain":0,"player_choice":"Card Removal","damage_taken":0,"max_hp_gain":0,"max_hp_loss":0,"event_name":"Wheel of Change","floor":11,"gold_loss":0},{"damage_healed":0,"gold_gain":0,"player_choice":"Take Wound","damage_taken":0,"relics_obtained":["Golden Idol"],"max_hp_gain":0,"max_hp_loss":0,"event_name":"Golden Idol","floor":13,"gold_loss":0,"cards_obtained":["Injury"]},{"damage_healed":0,"gold_gain":0,"player_choice":"Read","damage_taken":0,"max_hp_gain":0,"max_hp_loss":0,"event_name":"The Library","floor":20,"gold_loss":0,"cards_obtained":["BootSequence"]},{"damage_healed":0,"gold_gain":0,"cards_transformed":["Zap","Dualcast"],"player_choice":"Became Test Subject","damage_taken":0,"max_hp_gain":0,"max_hp_loss":0,"event_name":"Drug Dealer","floor":21,"gold_loss":0,"cards_obtained":["Echo Form","Loop"]},{"damage_healed":0,"gold_gain":0,"player_choice":"Gave Idol","damage_taken":0,"relics_obtained":["Bloody Idol"],"max_hp_gain":0,"max_hp_loss":0,"event_name":"Forgotten Altar","floor":22,"relics_lost":["Golden Idol"],"gold_loss":0}],"is_beta":false,"boss_relics":[{"not_picked":["Tiny House","Runic Dome"],"picked":"Black Star"}],"items_purged_floors":[19],"is_endless":false,"potions_floor_spawned":[8,10,14],"killed_by":"Book of Stabbing","ascension_level":20}}