{"host":"agga6lej02o7kt08","time":1608381880,"event":{"mods":["Arknights The Spire","Aspiration","BaseMod","Better Third Choice","BetterRewards","Colored Map","Colored Powertips","Hubris","Minty Spire (QoL Compilation)","Replay The Spire","Spicy Shops","StSLib","¡¼?Úª?ø«¡½REMEMod"],"gold_per_floor":[133,167,11,11,11,11,40,80,80,115,164,112,155,197,197,286,286,313,348,160,186,186,186,186,230,260,306,396,442,442,442,484,511,511,602,602,635,666,691,338,402,442,442,489,528,368,368,396,442,442,442,442,442,442,657,702,702],"floor_reached":58,"playtime":2240,"items_purged":["ats:Defend Up","ats:Powerful Strike","ats:Powerful Strike","ats:Defend Up","ats:Blood Oath","ats:Defend Up"],"score":2863,"play_id":"6b78fd01-737d-4a4a-9bfc-e82f771fb85f","local_time":"20201219214440","is_ascension_mode":true,"campfire_choices":[{"data":"ats:Emotion Absorption","floor":6,"key":"SMITH"},{"data":"ats:Emotion Absorption","floor":15,"key":"SMITH"},{"data":"Limit Break","floor":31,"key":"SMITH"},{"data":"ats:Defend Up","floor":34,"key":"PURGE"},{"floor":43,"key":"RECALL"},{"data":"ats:Armor Crushing Shot","floor":47,"key":"SMITH"},{"data":"ats:Red Shift","floor":51,"key":"SMITH"},{"data":"ats:Red Shift","floor":54,"key":"SMITH"}],"circlet_count":0,"master_deck":["AscendersBane","ats:Armor Crushing Shot+1","ats:Emotion Absorption+1","ats:Emotion Absorption+1","Limit Break+1","ats:Soul Rend+1","ats:Blood Oath+1","ats:Red Shift+1","ats:Counter Healing Mode","ats:Red Shift+1","ats:Red Shift+1","ats:Hook Shot+1","ats:Disruption Kick+1"],"relics":["ats:Sanity","REME_ComplimentaryCards","Thread and Needle","aspiration:DSix","ats:Gyao","Peace Pipe","hubris:Potato","Juzu Bracelet","PreservedInsect","Singing Bowl","Turnip","Membership Card","hubris:GlazedTorus","Prayer Wheel","Darkstone Periapt","Golden Egg","Mercury Hourglass","aspiration:SeaSaltIceCream","Burning Blood","Question Card","Sozu","Centennial Puzzle","Omamori","Vajra","Bag of Preparation","Onion Ring","Runic Dome","Nunchaku","ats:Industrial Water Cannon","hubris:SlimyHat","aspiration:ChemicalBlood","ReplayTheSpireMod:Lightbulb","InkBottle","Lantern","Pen Nib","Du-Vu Doll","hubris:Icosahedron","hubris:NiceRug","Boot","hubris:Metronome","Blue Doll","Simple Rune","ats:Special","Lizard Tail"],"acts_visited":["Exordium","TheCity","TheBeyond","TheEnding"],"potions_floor_usage":[10,11,57],"damage_taken":[{"damage":0,"enemies":"Cultist","floor":1,"turns":3},{"damage":0,"enemies":"Small Slimes","floor":2,"turns":2},{"damage":3,"enemies":"2 Louse","floor":7,"turns":4},{"damage":0,"enemies":"Replay:BlueRogue","floor":8,"turns":5},{"damage":0,"enemies":"Gremlin Gang","floor":10,"turns":5},{"damage":14,"enemies":"Gremlin Nob","floor":11,"turns":3},{"damage":6,"enemies":"Lagavulin","floor":13,"turns":6},{"damage":0,"enemies":"Looter","floor":14,"turns":4},{"damage":6,"enemies":"The Guardian","floor":16,"turns":11},{"damage":4,"enemies":"3 Byrds","floor":18,"turns":5},{"damage":9,"enemies":"Shell Parasite","floor":19,"turns":5},{"damage":24,"enemies":"Shelled Parasite and Fungi","floor":21,"turns":6},{"damage":22,"enemies":"Replay:Snechameleon","floor":25,"turns":4},{"damage":30,"enemies":"Centurion and Healer","floor":26,"turns":6},{"damage":62,"enemies":"Slavers","floor":27,"turns":6},{"damage":8,"enemies":"Gremlin Leader","floor":29,"turns":4},{"damage":36,"enemies":"REME_1_Revenger","floor":32,"turns":3},{"damage":11,"enemies":"Snecko","floor":33,"turns":4},{"damage":10,"enemies":"Champ","floor":35,"turns":3},{"damage":2,"enemies":"Orb Walker","floor":37,"turns":2},{"damage":2,"enemies":"3 Shapes","floor":38,"turns":2},{"damage":0,"enemies":"Sphere and 2 Shapes","floor":39,"turns":3},{"damage":0,"enemies":"R_Hoarder","floor":42,"turns":5},{"damage":0,"enemies":"Giant Head","floor":44,"turns":3},{"damage":0,"enemies":"Transient","floor":48,"turns":4},{"damage":0,"enemies":"Reptomancer","floor":49,"turns":1},{"damage":20,"enemies":"Time Eater","floor":52,"turns":2},{"damage":0,"enemies":"hubris:Merchant","floor":55,"turns":2},{"damage":0,"enemies":"Shield and Spear","floor":56,"turns":1},{"damage":49,"enemies":"The Heart","floor":57,"turns":3}],"seed_played":"4716373187406010159","potions_obtained":[{"floor":2,"key":"DuplicationPotion"},{"floor":13,"key":"Cursed Concoction"},{"floor":16,"key":"LiquidBronze"}],"is_trial":false,"path_per_floor":["M","M","$","?","?","R","M","E","T","M","E","?","E","M","R","B",null,"M","M","$","M","PTL","PTL","?","E","M","E","T","E","?","R","E","M","R","B",null,"M","M","M","$","?","E","R","E","T","$","R","M","E","?","R","B",null,"R","$","E","B",null],"character_chosen":"DOCTOR_CLASS","items_purchased":["ats:Gyao","Peace Pipe","Juzu Bracelet","PreservedInsect","Singing Bowl","Membership Card","hubris:GlazedTorus","Toxic Potion","Prayer Wheel","Centennial Puzzle","ats:Blood Oath","Nunchaku","ats:Industrial Water Cannon","hubris:SlimyHat","Pen Nib"],"campfire_rested":0,"item_purchase_floors":[0,0,0,0,0,0,0,0,3,20,20,40,40,40,46],"current_hp_per_floor":[25,27,27,20,20,20,24,35,35,45,42,42,50,63,63,78,90,98,102,102,104,104,104,104,106,108,87,87,112,112,112,92,106,106,120,120,122,126,130,130,80,100,100,134,134,134,134,138,140,140,140,140,140,140,152,152,117],"gold":702,"neow_bonus":"","is_daily":false,"chose_seed":false,"campfire_upgraded":6,"win_rate":0.0,"timestamp":1608381880,"path_taken":["M","M","$","?","?","R","M","E","T","M","E","?","E","M","R","BOSS","M","M","$","M","PTL","PTL","?","E","M","E","T","E","?","R","E","M","R","BOSS","M","M","M","$","?","E","R","E","T","$","R","M","E","?","R","BOSS","R","$","E","BOSS"],"items_purchased_type":["Relic","Relic","Relic","Relic","Relic","Relic","Relic","Potion","Relic","Relic","Card","Relic","Relic","Relic","Relic"],"build_version":"2020-12-13","purchased_purges":6,"victory":true,"max_hp_per_floor":[74,76,76,76,76,76,80,82,82,86,88,88,90,94,94,94,94,98,102,102,104,104,104,104,106,108,110,110,112,112,112,114,118,118,120,120,122,126,130,130,132,134,134,134,134,134,134,138,140,140,140,140,140,140,152,152,152],"card_choices":[{"not_picked":["ats:Poison Spread","ats:Attack Strengthen","ats:Magnetic Hammer"],"picked":"Singing Bowl","floor":1},{"not_picked":["ats:Blood Oath","ats:Just Like an Apocalypse","ats:Attack Strengthen"],"picked":"Singing Bowl","floor":2},{"not_picked":["ats:Shadow Raid","ats:Sunburst","ats:Explosion Area Strengthen"],"picked":"Singing Bowl","floor":7},{"not_picked":["ats:Shell Defense","ats:Flexible Camouflage","ats:Assault Order"],"picked":"Singing Bowl","floor":7},{"not_picked":["ats:Very Hot Blade","ats:Flexible Camouflage","ats:Durian"],"picked":"Singing Bowl","floor":8},{"not_picked":["ats:Rapid Magazine","ats:Explosion Area Strengthen","ats:Overload"],"picked":"Singing Bowl","floor":10},{"not_picked":["ats:Shadow Raid","ats:Overload","ats:Explosion Area Strengthen"],"picked":"Singing Bowl","floor":10},{"not_picked":["ats:Curse Doll","ats:Fate","ats:Revitalization"],"picked":"Singing Bowl","floor":11},{"not_picked":["ats:Soul Absorption","ats:Just Like an Apocalypse","ats:Consecutive Shot: Auto"],"picked":"Singing Bowl","floor":13},{"not_picked":["ats:Thorns","ats:Revitalization","ats:Flexible Camouflage","ats:Soul Absorption"],"picked":"Singing Bowl","floor":14},{"not_picked":["ats:Shell Defense","ats:Revitalization","ats:Very Hot Blade","ats:Consecutive Shot: Auto"],"picked":"Singing Bowl","floor":14},{"not_picked":["ats:Disruption Kick","ats:Dogmatic Field","ats:Durian"],"picked":"ats:Soul Rend","floor":16},{"not_picked":["ats:Spore Proliferation","ats:Consecutive Shot: Auto","ats:Shell Defense","ats:Very Hot Blade"],"picked":"Singing Bowl","floor":18},{"not_picked":["ats:Spore Proliferation","ats:Cat Scratch","ats:Very Hot Blade+1","ats:Blood Oath"],"picked":"Singing Bowl","floor":18},{"not_picked":["ats:Consecutive Shot: Auto","ats:Composite Medical Shells","ats:Ignite","ats:Very Hot Blade+1"],"picked":"Singing Bowl","floor":19},{"not_picked":["ats:Encircling Forest","ats:Beaten Up","ats:Thermite Blade","ats:Charging Defense"],"picked":"Singing Bowl","floor":19},{"not_picked":["ats:Composite Medical Shells+1","ats:Spore Proliferation","ats:Encircling Forest"],"picked":"ats:Red Shift","floor":21},{"not_picked":["ats:Just Like an Apocalypse","ats:Assault Order","ats:Flexible Camouflage","ats:Rapid Magazine"],"picked":"Singing Bowl","floor":21},{"not_picked":["ats:Poison Spread+1","ats:Magnetic Hammer","ats:Fate","ats:Very Hot Blade"],"picked":"Singing Bowl","floor":25},{"not_picked":["ats:Blood Oath","ats:Charging Defense+1","ats:Shell Defense","ats:Poison Spread"],"picked":"Singing Bowl","floor":26},{"not_picked":["ats:Very Hot Blade+1","ats:Just Like an Apocalypse","ats:Curse Doll"],"picked":"ats:Counter Healing Mode","floor":26},{"not_picked":["ats:Fractured Body","ats:Blood Oath","ats:Chain Hook","ats:Revitalization"],"picked":"Singing Bowl","floor":27},{"not_picked":["ats:Support Order","ats:Mental Burst","ats:Curse Doll","ats:Attack Strengthen"],"picked":"Singing Bowl","floor":29},{"not_picked":["ats:Defend Order","ats:Neurotoxin","ats:Flexible Camouflage","ats:Automatic Cover"],"picked":"Singing Bowl","floor":32},{"not_picked":["ats:Consecutive Shot: Auto","ats:Attack Strengthen+1","ats:Overload","ats:Very Hot Blade"],"picked":"Singing Bowl","floor":33},{"not_picked":["ats:Attack Strengthen+1","ats:Just Like an Apocalypse","ats:Soul Absorption","ats:Shell Defense"],"picked":"Singing Bowl","floor":33},{"not_picked":["ats:Beaten Up","ats:Dogmatic Field","ats:Wolf Pack","ats:Volcano"],"picked":"Singing Bowl","floor":35},{"not_picked":["ats:Charging Defense","ats:Magnetic Hammer","ats:Defend Order","ats:Explosion Area Strengthen"],"picked":"Singing Bowl","floor":37},{"not_picked":["ats:Just Like an Apocalypse","ats:Shell Defense","ats:Cat Scratch"],"picked":"ats:Red Shift","floor":37},{"not_picked":["ats:Composite Medical Shells","ats:Consecutive Shot: Auto","ats:Ambush","ats:Just Like an Apocalypse"],"picked":"Singing Bowl","floor":38},{"not_picked":["ats:Very Hot Blade","ats:Support Order","ats:Red Shift","ats:Shell Defense+1"],"picked":"Singing Bowl","floor":38},{"not_picked":["ats:Consecutive Shot: Auto","ats:Overload+1","ats:Curse Doll","ats:Encircling Forest"],"picked":"Singing Bowl","floor":39},{"not_picked":["ats:Assault Order","ats:Attack Strengthen","ats:Curse Doll","ats:Encircling Forest"],"picked":"Singing Bowl","floor":39},{"not_picked":["ats:Sunburst","ats:Counter Healing Mode+1","ats:Volcano","ats:Cat Scratch"],"picked":"Singing Bowl","floor":41},{"not_picked":["ats:Ignite","ats:Poison Spread","ats:Spore Proliferation","ats:Attack Strengthen"],"picked":"Singing Bowl","floor":42},{"not_picked":["ats:Shadow Raid","ats:Very Hot Blade+1","ats:Explosion Area Strengthen"],"picked":"ats:Red Shift+1","floor":44},{"not_picked":["ats:Spore Proliferation","ats:Consecutive Shot: Auto+1","ats:Explosion Area Strengthen","ats:Overload+1"],"picked":"Singing Bowl","floor":48},{"not_picked":["ats:Curse Doll","ats:Revitalization","ats:Assault Order","ats:Cat Scratch"],"picked":"Singing Bowl","floor":48},{"not_picked":["ats:Blood Oath+1","ats:Flexible Camouflage+1","ats:Magnetic Hammer","ats:Attack Strengthen"],"picked":"Singing Bowl","floor":49},{"not_picked":["ats:Thermite Blade"],"picked":"Singing Bowl","floor":55},{"not_picked":["ats:Red Shift"],"picked":"Singing Bowl","floor":55},{"not_picked":["ats:Assault Order"],"picked":"Singing Bowl","floor":55},{"not_picked":[],"picked":"ats:Hook Shot","floor":55},{"not_picked":["ats:Ambush"],"picked":"Singing Bowl","floor":55},{"not_picked":["Enlightenment"],"picked":"Singing Bowl","floor":55},{"not_picked":["Violence"],"picked":"Singing Bowl","floor":55},{"not_picked":["ats:Neurotoxin","ats:Consecutive Shot: Auto","ats:Attack Strengthen+1"],"picked":"ats:Disruption Kick","floor":56}],"player_experience":801044,"relics_obtained":[{"floor":8,"key":"Darkstone Periapt"},{"floor":9,"key":"Golden Egg"},{"floor":11,"key":"Mercury Hourglass"},{"floor":13,"key":"Question Card"},{"floor":25,"key":"Omamori"},{"floor":27,"key":"Vajra"},{"floor":29,"key":"Bag of Preparation"},{"floor":32,"key":"Onion Ring"},{"floor":41,"key":"aspiration:ChemicalBlood"},{"floor":42,"key":"ReplayTheSpireMod:Lightbulb"},{"floor":44,"key":"InkBottle"},{"floor":45,"key":"Lantern"},{"floor":49,"key":"Du-Vu Doll"},{"floor":55,"key":"Boot"},{"floor":55,"key":"hubris:Metronome"},{"floor":55,"key":"Blue Doll"},{"floor":55,"key":"Simple Rune"},{"floor":55,"key":"ats:Special"},{"floor":56,"key":"Lizard Tail"}],"event_choices":[{"cards_removed":["ats:Powerful Strike"],"damage_healed":0,"gold_gain":0,"player_choice":"Card Removal","damage_taken":7,"max_hp_gain":0,"max_hp_loss":0,"event_name":"Golden Wing","floor":4,"gold_loss":0},{"damage_healed":0,"gold_gain":0,"player_choice":"2 cards matched","damage_taken":0,"max_hp_gain":0,"max_hp_loss":0,"event_name":"Match and Keep!","floor":5,"gold_loss":0,"cards_obtained":["ats:Blood Oath","ats:Beaten Up"]},{"damage_healed":0,"gold_gain":0,"player_choice":"2 cards matched","damage_taken":0,"max_hp_gain":0,"max_hp_loss":0,"event_name":"Match and Keep!","floor":5,"gold_loss":0,"cards_obtained":["ats:Blood Oath","ats:Beaten Up"]},{"damage_healed":0,"gold_gain":0,"player_choice":"Paid Gold","damage_taken":0,"relics_obtained":["aspiration:SeaSaltIceCream"],"max_hp_gain":0,"max_hp_loss":0,"event_name":"WeMeetAgain","floor":12,"gold_loss":52},{"damage_healed":0,"gold_gain":0,"player_choice":"Ignored","damage_taken":0,"max_hp_gain":0,"max_hp_loss":0,"event_name":"N\u0027loth","floor":30,"gold_loss":0}],"is_beta":false,"boss_relics":[{"not_picked":["hubris:CrackedHourglass","Astrolabe"],"picked":"Sozu"},{"not_picked":["ReplayTheSpireMod:DimensionalGlitch","ChewingGum"],"picked":"Runic Dome"}],"items_purged_floors":[0,20,20,40,46,55],"is_endless":false,"potions_floor_spawned":[2,13,16,21,26,27,29,32,44,48,49],"ascension_level":15}}