{"host":"0cm5wy4nhuju7tij","time":1608365396,"event":{"mods":["2.2 Compatiblity","AchievementEnabler","BaseMod","Better Third Choice","BetterRewards","Colored Powertips","Curses Come First","Custom Start","Displayed Cursed Tome","Downfall","Energized Spire","Filter the Spire","Fireblade Mod","Highlight Path","Minty Spire (QoL Compilation)","Permanent Neow","Railgun Mod","Robot Space Explorer","Shop Mod","Spicy Shops","StSLib","The Mystic","The Servant 0.9.4"],"gold_per_floor":[116,130,148,168,168,202,202,221,221,186,205,205,230,261,261,381,381,406,425,425,59,159,200,200,65,65,88,123,123,123],"floor_reached":29,"playtime":1699,"items_purged":["Shame","RobotSpaceExplorer:Strike"],"score":265,"play_id":"a3f2c631-64ba-4c31-acb2-12c097d65c37","local_time":"20201219030956","is_ascension_mode":false,"campfire_choices":[{"data":"RobotSpaceExplorer:TrailblazerForm","floor":7,"key":"SMITH"},{"data":"RobotSpaceExplorer:Multitool","floor":15,"key":"SMITH"},{"data":"RobotSpaceExplorer:Accelerator","floor":24,"key":"SMITH"}],"circlet_count":0,"master_deck":["RobotSpaceExplorer:Strike","RobotSpaceExplorer:Strike","RobotSpaceExplorer:Defend","RobotSpaceExplorer:Defend","RobotSpaceExplorer:Defend","RobotSpaceExplorer:Defend","RobotSpaceExplorer:Scan","RobotSpaceExplorer:MiniLasers","RobotSpaceExplorer:Multitool+1","RobotSpaceExplorer:FrostMissile","RobotSpaceExplorer:MiniDrones","RobotSpaceExplorer:PowerGlove+1","RobotSpaceExplorer:MiniBoosters","RobotSpaceExplorer:TrailblazerForm+1","RobotSpaceExplorer:MiniDrones","RobotSpaceExplorer:Counterblock","RobotSpaceExplorer:ScrapToss","RobotSpaceExplorer:Probe","RobotSpaceExplorer:Accelerator+1","RobotSpaceExplorer:SurgingStrike","RobotSpaceExplorer:SurgingShield","RobotSpaceExplorer:PowerGlove","RobotSpaceExplorer:JunkDive","RobotSpaceExplorer:LuckyStrike"],"relics":["RobotSpaceExplorer:RoboCore","Golden Idol","White Beast Statue","Mercury Hourglass","Odd Mushroom","Busted Crown","Matryoshka","Vajra","Pear","Bottled Tornado","Bottled Lightning","Orichalcum"],"acts_visited":["Exordium","TheCity"],"potions_floor_usage":[16],"damage_taken":[{"damage":0,"enemies":"Jaw Worm","floor":1,"turns":5},{"damage":5,"enemies":"Small Slimes","floor":2,"turns":5},{"damage":4,"enemies":"2 Louse","floor":3,"turns":3},{"damage":8,"enemies":"Blue Slaver","floor":4,"turns":4},{"damage":10,"enemies":"Lagavulin","floor":6,"turns":7},{"damage":11,"enemies":"3 Louse","floor":8,"turns":3},{"damage":3,"enemies":"Red Slaver","floor":11,"turns":3},{"damage":0,"enemies":"Looter","floor":13,"turns":3},{"damage":0,"enemies":"The Mushroom Lair","floor":14,"turns":3},{"damage":18,"enemies":"Hexaghost","floor":16,"turns":8},{"damage":15,"enemies":"2 Thieves","floor":18,"turns":3},{"damage":15,"enemies":"3 Byrds","floor":19,"turns":3},{"damage":20,"enemies":"Slavers","floor":23,"turns":5},{"damage":13,"enemies":"Snake Plant","floor":27,"turns":4},{"damage":14,"enemies":"Gremlin Leader","floor":28,"turns":5},{"damage":6,"enemies":"Cultist and Chosen","floor":29,"turns":4}],"seed_played":"2586951313865121361","potions_obtained":[{"floor":4,"key":"Guardian:BlockOnCardUsePotion"},{"floor":8,"key":"SpeedPotion"},{"floor":11,"key":"RobotSpaceExplorer:LiquidFusion"},{"floor":14,"key":"LiquidBronze"},{"floor":16,"key":"SmokeBomb"}],"is_trial":false,"path_per_floor":["M","M","M","M","?","E","R","M","T","?","M","?","M","?","R","B",null,"M","M","?","$","?","E","R","$","T","M","E","M"],"character_chosen":"RobotSpaceExplorer","items_purchased":["RobotSpaceExplorer:PowerGlove","Vajra","RobotSpaceExplorer:JunkDive"],"campfire_rested":0,"item_purchase_floors":[21,21,25],"current_hp_per_floor":[75,70,66,58,58,48,48,37,37,54,51,51,51,51,51,33,69,54,39,39,39,39,29,29,29,29,16,2,0,0],"gold":123,"neow_bonus":"TRANSFORM_CARD","is_daily":false,"chose_seed":false,"campfire_upgraded":3,"win_rate":0.0,"timestamp":1608365396,"path_taken":["M","M","M","M","?","E","R","M","T","?","M","?","M","?","R","BOSS","M","M","?","$","?","E","R","$","T","M","E","M"],"items_purchased_type":["Card","Relic","Card"],"build_version":"2020-12-13","purchased_purges":2,"victory":false,"max_hp_per_floor":[75,75,75,75,69,69,69,69,69,69,69,69,69,69,69,69,69,69,69,69,69,69,79,79,79,79,79,79,79,79],"card_choices":[{"not_picked":["RobotSpaceExplorer:FreezingShield","RobotSpaceExplorer:ShovelStrike"],"picked":"RobotSpaceExplorer:FrostMissile","floor":1},{"not_picked":["RobotSpaceExplorer:Pulsar","RobotSpaceExplorer:Counterblock"],"picked":"RobotSpaceExplorer:MiniDrones","floor":2},{"not_picked":["RobotSpaceExplorer:Ammunition","RobotSpaceExplorer:ImprovisedAttack"],"picked":"RobotSpaceExplorer:PowerGlove","floor":3},{"not_picked":["RobotSpaceExplorer:TrailblazerForm","RobotSpaceExplorer:FranticSearch"],"picked":"RobotSpaceExplorer:MiniBoosters","floor":4},{"not_picked":["RobotSpaceExplorer:MakeshiftVolley","RobotSpaceExplorer:SwiftStep"],"picked":"RobotSpaceExplorer:TrailblazerForm","floor":6},{"not_picked":["RobotSpaceExplorer:GearShield","RobotSpaceExplorer:GlueSpray"],"picked":"RobotSpaceExplorer:MiniDrones","floor":8},{"not_picked":["RobotSpaceExplorer:RigExplosive","RobotSpaceExplorer:Ammunition"],"picked":"RobotSpaceExplorer:Counterblock","floor":11},{"not_picked":["RobotSpaceExplorer:FreezingShield","RobotSpaceExplorer:StunGrenade"],"picked":"RobotSpaceExplorer:ScrapToss","floor":13},{"not_picked":["RobotSpaceExplorer:DoubleFind","RobotSpaceExplorer:DualCore"],"picked":"RobotSpaceExplorer:Probe","floor":14},{"not_picked":["RobotSpaceExplorer:Scanner","RobotSpaceExplorer:BlastShield"],"picked":"RobotSpaceExplorer:Accelerator","floor":16},{"not_picked":[],"picked":"RobotSpaceExplorer:SurgingStrike","floor":18},{"not_picked":[],"picked":"RobotSpaceExplorer:SurgingShield","floor":19},{"not_picked":["RobotSpaceExplorer:Reload"],"picked":"SKIP","floor":23},{"not_picked":[],"picked":"RobotSpaceExplorer:LuckyStrike","floor":27},{"not_picked":["RobotSpaceExplorer:Comet"],"picked":"SKIP","floor":28}],"player_experience":238061,"relics_obtained":[{"floor":6,"key":"White Beast Statue"},{"floor":9,"key":"Mercury Hourglass"},{"floor":14,"key":"Odd Mushroom"},{"floor":23,"key":"Pear"},{"floor":26,"key":"Bottled Tornado"},{"floor":26,"key":"Bottled Lightning"},{"floor":28,"key":"Orichalcum"}],"event_choices":[{"damage_healed":0,"gold_gain":0,"player_choice":"Lose Max HP","damage_taken":0,"relics_obtained":["Golden Idol"],"max_hp_gain":0,"max_hp_loss":6,"event_name":"Golden Idol","floor":5,"gold_loss":0},{"damage_healed":17,"gold_gain":0,"player_choice":"Healed","damage_taken":0,"max_hp_gain":0,"max_hp_loss":0,"event_name":"The Cleric","floor":10,"gold_loss":35},{"damage_healed":0,"gold_gain":0,"player_choice":"Grow","damage_taken":0,"max_hp_gain":0,"max_hp_loss":0,"event_name":"Living Wall","floor":12,"gold_loss":0,"cards_upgraded":["RobotSpaceExplorer:PowerGlove"]},{"damage_healed":0,"gold_gain":0,"player_choice":"Fought Mushrooms","damage_taken":0,"max_hp_gain":0,"max_hp_loss":0,"event_name":"Mushrooms","floor":14,"gold_loss":0},{"damage_healed":0,"gold_gain":0,"player_choice":"Stole Relic","damage_taken":0,"relics_obtained":["Matryoshka"],"max_hp_gain":0,"max_hp_loss":0,"event_name":"Addict","floor":20,"gold_loss":0,"cards_obtained":["Shame"]},{"damage_healed":0,"gold_gain":100,"player_choice":"Pray","damage_taken":0,"max_hp_gain":0,"max_hp_loss":0,"event_name":"Golden Shrine","floor":22,"gold_loss":0}],"is_beta":false,"boss_relics":[{"not_picked":["SacredBark","energizedSpire:StickyHand"],"picked":"Busted Crown"}],"items_purged_floors":[21,25],"is_endless":false,"potions_floor_spawned":[4,8,11,13,14,16,18,19,23,27,28],"killed_by":"Cultist and Chosen","ascension_level":0}}