{"host":"wkcoec525dnrk4jw","time":1608383632,"event":{"mods":["BaseMod","Minty Spire (QoL Compilation)","Quick Restart","Replay The Spire","Shop Mod","StSLib","TestMod","The Bug Knight","The Cursed","[IsaacMod]以撒尖塔"],"gold_per_floor":[365,765,775,14,14,46,46,46,121,149,149,149,159,159,159,260,260,272,289,308,323,323,323,352,69,69,80,108,43,43,69,69,166,166,181,281,335,353,353,353,384,399,423,423,450,450,476,526,526,526],"floor_reached":51,"playtime":2619,"items_purged":["Strike_B"],"score":1216,"play_id":"9f599c0e-2c5a-4e68-a269-d0209381caa9","local_time":"20201219211352","is_ascension_mode":true,"campfire_choices":[{"data":"DoctorFetus","floor":8.0,"key":"SMITH"},{"data":"Hyperbeam","floor":11.0,"key":"SMITH"},{"data":"Dualcast","floor":15.0,"key":"SMITH"},{"data":"Buffer","floor":23.0,"key":"SMITH"},{"data":"DoctorFetus","floor":30.0,"key":"SMITH"},{"floor":32.0,"key":"REST"},{"data":"Buffer","floor":40,"key":"SMITH"},{"data":"Meteor Strike","floor":40,"key":"SMITH"},{"floor":44,"key":"REST"},{"floor":46,"key":"REST"},{"floor":49,"key":"DIG"}],"circlet_count":1,"master_deck":["Strike_B","Strike_B","Defend_B","Defend_B","Defend_B","Defend_B","Zap","Dualcast+1","DoctorFetus+1","Ball Lightning","Turbo","ReplayTheSpireMod:Repulse","Hyperbeam+1","Rip and Tear","Hyperbeam","Beam Cell","Undo+1","Redo+1","Buffer+1","Meteor Strike","Transmutation","DoctorFetus+1","testmod-Collector","Undo+1","Meteor Strike","Meteor Strike+1","Parasite","Buffer+1","Fission","Auto Shields+1","Streamline+1","Self Repair","Decay","Electrodynamics","White Noise+1","Buffer","Buffer","Leap"],"relics":["Cracked Core","HushsDoor","BookOfRevelations","testmod-AscensionHeart","Garlic","Lee\u0027s Waffle","Mercury Hourglass","Circlet","Solar Panel","Strawberry","TheBible","Snecko Eye","MutagenicStrength","Blue Candle","Pen Nib","ReplayTheSpireMod:ShopPack","testmod-Déjàvu","Mango","ReplayTheSpireMod:CursedCoin","Replay:Arrowhead","testmod-CrystalShield","ReplayTheSpireMod:Ring of Challenge","ReplayTheSpireMod:Ring of Exchange","Replay:Multitool","Blue Doll","Bronze Scales","InkBottle","testmod-Fortitude","TheBean"],"acts_visited":["Exordium","TheCity","TheBeyond"],"potions_floor_usage":[41,42,50,50],"damage_taken":[{"damage":14.0,"enemies":"2 Louse","floor":1.0,"turns":2.0},{"damage":2.0,"enemies":"Jaw Worm","floor":3.0,"turns":3.0},{"damage":22.0,"enemies":"Lagavulin","floor":6.0,"turns":5.0},{"damage":8.0,"enemies":"3 Sentries","floor":10.0,"turns":3.0},{"damage":0.0,"enemies":"Small Slimes","floor":13.0,"turns":2.0},{"damage":35.0,"enemies":"The Guardian","floor":16.0,"turns":8.0},{"damage":6.0,"enemies":"Chosen","floor":18.0,"turns":3.0},{"damage":24.0,"enemies":"Spheric Guardian","floor":19.0,"turns":4.0},{"damage":3.0,"enemies":"Snake Plant","floor":20.0,"turns":3.0},{"damage":0.0,"enemies":"3 Cultists","floor":21.0,"turns":1.0},{"damage":14.0,"enemies":"Slavers","floor":24.0,"turns":3.0},{"damage":0.0,"enemies":"Centurion and Healer","floor":27.0,"turns":4.0},{"damage":0.0,"enemies":"Gremlin Leader","floor":28.0,"turns":4.0},{"damage":0.0,"enemies":"Book of Stabbing","floor":31.0,"turns":2.0},{"damage":16.0,"enemies":"Champ","floor":33.0,"turns":6.0},{"damage":0.0,"enemies":"Orb Walker","floor":35.0,"turns":1.0},{"damage":13.0,"enemies":"2 Orb Walkers","floor":37.0,"turns":2.0},{"damage":0,"enemies":"3 Darklings","floor":38,"turns":3},{"damage":26,"enemies":"Reptomancer","floor":41,"turns":4},{"damage":14,"enemies":"Jaw Worm Horde","floor":42,"turns":4},{"damage":0,"enemies":"Giant Head","floor":45,"turns":6},{"damage":0,"enemies":"Nemesis","floor":47,"turns":5},{"damage":21,"enemies":"Mind Bloom Boss Battle","floor":48,"turns":4},{"damage":11,"enemies":"Awakened One","floor":50,"turns":7}],"seed_played":"8046497836002610666","potions_obtained":[{"floor":6.0,"key":"EssenceOfDarkness"},{"floor":10.0,"key":"Weak Potion"},{"floor":19.0,"key":"Explosive Potion"},{"floor":20.0,"key":"ColorlessPotion"},{"floor":41,"key":"Block Potion"},{"floor":45,"key":"DistilledChaos"}],"is_trial":false,"path_per_floor":["M","?","M","$","?","E","$","R","T","E","R","?","M","T","R","B",null,"M","M","M","M","?","R","E","$","T","M","E","$","R","E","R","B",null,"M","?","?","M","?","R","E","M","T","R","E","R","E","?","R","B",null],"character_chosen":"DEFECT","items_purchased":["Dead Branch","Garlic","ReplayTheSpireMod:Repulse","Lee\u0027s Waffle","Pen Nib","ReplayTheSpireMod:ShopPack","ReplayTheSpireMod:CursedCoin","Meteor Strike"],"campfire_rested":3,"item_purchase_floors":[4,4,4,4,25,25,29,29],"current_hp_per_floor":[40,40,38,82,75,53,53,53,53,63,63,63,72,72,72,56,89,83,63,64,66,66,66,63,63,63,67,81,81,81,86,103,97,103,103,103,90,90,90,90,64,52,52,82,82,103,103,89,89,85],"gold":526,"neow_bonus":"TWO_FIFTY_GOLD","is_daily":false,"chose_seed":false,"campfire_upgraded":7,"win_rate":0.0,"timestamp":1608383632,"path_taken":["M","?","M","$","?","E","$","R","T","E","R","?","M","?","R","BOSS","M","M","M","M","?","R","E","?","T","M","E","$","R","E","R","BOSS","M","?","?","M","?","R","E","M","T","R","E","R","E","?","R","BOSS"],"items_purchased_type":["Relic","Relic","Card","Relic","Relic","Relic","Relic","Card"],"build_version":"2020-12-13","purchased_purges":1,"victory":true,"max_hp_per_floor":[75,75,75,82,82,82,82,82,82,89,89,89,89,89,89,89,89,89,89,89,89,89,89,89,89,89,89,103,103,103,103,103,103,103,103,103,103,103,103,103,103,103,103,103,103,103,103,103,103,103],"card_choices":[{"not_picked":[],"picked":"DoctorFetus","floor":0.0},{"not_picked":["Coolheaded","Stack"],"picked":"Ball Lightning","floor":1.0},{"not_picked":["BasicCrystalCard","Biased Cognition"],"picked":"Turbo","floor":3.0},{"not_picked":["ElectricPowerLearning","Creative AI"],"picked":"Hyperbeam","floor":6.0},{"not_picked":["ElectricPowerLearning","All For One","Seek"],"picked":"SKIP","floor":10.0},{"not_picked":["Barrage","Recycle"],"picked":"Rip and Tear","floor":13.0},{"not_picked":["Mirror Shield","ReplayRNGCard"],"picked":"Hyperbeam","floor":16.0},{"not_picked":["Skim","Hologram"],"picked":"Beam Cell","floor":18.0},{"not_picked":["Recycle","Reprogram"],"picked":"Undo+1","floor":19.0},{"not_picked":["Ball Lightning","Coolheaded"],"picked":"Redo+1","floor":20.0},{"not_picked":["Conserve Battery","Ball Lightning"],"picked":"Buffer","floor":21.0},{"not_picked":["Mirror Shield","ReplayRNGCard"],"picked":"Meteor Strike","floor":24.0},{"not_picked":["Secret Technique","testmod-CardIndex"],"picked":"Transmutation","floor":25.0},{"not_picked":["ReplayUltimateDefense","testmod-HandmadeProducts"],"picked":"DoctorFetus","floor":25.0},{"not_picked":["Replay:Sssssssssshield","testmod-EnhanceArmerment"],"picked":"testmod-Collector","floor":25.0},{"not_picked":["Rip and Tear","Ball Lightning"],"picked":"Undo+1","floor":27.0},{"not_picked":["ReplayRNGCard","ReplayTheSpireMod:Omega Cannon"],"picked":"Meteor Strike","floor":28.0},{"not_picked":["Machine Learning","Seek"],"picked":"Buffer","floor":31.0},{"not_picked":["Biased Cognition","Rainbow"],"picked":"Fission","floor":33.0},{"not_picked":["Streamline","Static Discharge+1"],"picked":"Auto Shields+1","floor":35.0},{"not_picked":["Gash","Hologram+1"],"picked":"Streamline+1","floor":37.0},{"not_picked":["Hologram+1","Biased Cognition"],"picked":"Self Repair","floor":38},{"not_picked":["Thunder Strike","ReplayRNGCard"],"picked":"Electrodynamics","floor":41},{"not_picked":["Reinforced Body+1","Force Field"],"picked":"White Noise+1","floor":42},{"not_picked":["Mirror Shield","Biased Cognition"],"picked":"Buffer","floor":45},{"not_picked":["Machine Learning","All For One"],"picked":"Buffer","floor":47},{"not_picked":["Ball Lightning+1","Cold Snap+1"],"picked":"Leap","floor":48}],"player_experience":131738,"relics_obtained":[{"floor":6.0,"key":"Mercury Hourglass"},{"floor":9.0,"key":"Solar Panel"},{"floor":10.0,"key":"Strawberry"},{"floor":14.0,"key":"TheBible"},{"floor":24.0,"key":"Blue Candle"},{"floor":26.0,"key":"testmod-Déjàvu"},{"floor":28.0,"key":"Mango"},{"floor":31.0,"key":"Replay:Arrowhead"},{"floor":37.0,"key":"testmod-CrystalShield"},{"floor":39,"key":"ReplayTheSpireMod:Ring of Challenge"},{"floor":39,"key":"ReplayTheSpireMod:Ring of Exchange"},{"floor":41,"key":"Replay:Multitool"},{"floor":43,"key":"Blue Doll"},{"floor":45,"key":"Bronze Scales"},{"floor":47,"key":"InkBottle"},{"floor":48,"key":"testmod-Fortitude"},{"floor":49,"key":"TheBean"}],"event_choices":[{"damage_healed":0.0,"max_hp_gain":0.0,"max_hp_loss":0.0,"gold_gain":400.0,"event_name":"恩洛斯的盘子","player_choice":"Sell","floor":2.0,"relics_lost":["testmod-TestBox"],"gold_loss":0.0,"damage_taken":0.0},{"cards_removed":["Strike_B"],"damage_healed":0.0,"max_hp_gain":0.0,"max_hp_loss":0.0,"gold_gain":0.0,"event_name":"Golden Wing","player_choice":"Card Removal","floor":5.0,"gold_loss":0.0,"damage_taken":7.0},{"damage_healed":0.0,"max_hp_gain":0.0,"max_hp_loss":0.0,"gold_gain":0.0,"event_name":"给自己的盒子","player_choice":"Swap Relic","floor":12.0,"relics_lost":["testmod-TestBox"],"gold_loss":0.0,"damage_taken":0.0,"relics_obtained":["testmod-TestBox"]},{"damage_healed":0.0,"max_hp_gain":0.0,"max_hp_loss":0.0,"gold_gain":0.0,"event_name":"Drug Dealer","player_choice":"Inject Mutagens","floor":22.0,"gold_loss":0.0,"damage_taken":0.0,"relics_obtained":["MutagenicStrength"]},{"damage_healed":0.0,"max_hp_gain":0.0,"max_hp_loss":0.0,"gold_gain":0.0,"event_name":"Mysterious Sphere","player_choice":"Fight","floor":37.0,"gold_loss":0.0,"damage_taken":0.0},{"damage_healed":0,"gold_gain":0,"player_choice":"Fight","damage_taken":0,"max_hp_gain":0,"max_hp_loss":0,"event_name":"MindBloom","floor":48,"gold_loss":0}],"is_beta":false,"boss_relics":[{"not_picked":["testmod-BloodSacrificeSpiritualization","Replay:Wanted Poster"],"picked":"Snecko Eye"},{"not_picked":[]},{"not_picked":["testmod-TimeTraveler","Velvet Choker","Replay:Grab Bag"]},{"not_picked":["testmod-TimeTraveler","Velvet Choker","Replay:Grab Bag"]}],"items_purged_floors":[29],"is_endless":false,"potions_floor_spawned":[6,10,19,20,28,31,33,41,45,47,48],"ascension_level":4}}