{"host":"pjgcdp3h1plnbocs","time":1608416346,"event":{"mods":["AchievementEnabler","BaseMod","Colored Map","Highlight Path","Minty Spire (QoL Compilation)"],"gold_per_floor":[110,128,128,52,78,78,110,130,130,165,175,203,203,378,378,474,474,489,489,489,176,195,224,224,249,320,351,351,379,390,404,404,507,507,523,108,118,130,130,130,145,171,171,197,213,230,36,71,71,71,71,71,21,46,46],"floor_reached":56,"playtime":2883,"items_purged":["Doubt","Strike_G","Strike_G","Strike_G"],"score":1863,"play_id":"2bf685c7-9e01-4696-8069-7b752af0e52f","local_time":"20201219231906","is_ascension_mode":true,"campfire_choices":[{"data":"Footwork","floor":6,"key":"SMITH"},{"floor":15,"key":"REST"},{"data":"Footwork","floor":24,"key":"SMITH"},{"data":"Adrenaline","floor":28,"key":"SMITH"},{"data":"Noxious Fumes","floor":32,"key":"SMITH"},{"floor":40,"key":"RECALL"},{"data":"Acrobatics","floor":49,"key":"SMITH"},{"data":"Noxious Fumes","floor":52,"key":"SMITH"}],"circlet_count":0,"master_deck":["Strike_G+1","Strike_G+1","Defend_G","Defend_G+1","Defend_G","Defend_G+1","Defend_G+1","Survivor","Neutralize","Blur","Backflip","Footwork+1","Noxious Fumes+1","Footwork+1","Acrobatics+1","Noxious Fumes+1","Adrenaline+1","Caltrops+1","Venomology","Caltrops+1","Footwork+1","Acrobatics+1"],"relics":["Ring of the Snake","NeowsBlessing","Bronze Scales","War Paint","InkBottle","MealTicket","Black Star","MutagenicStrength","Frozen Egg 2","Bottled Tornado","Blood Vial","Molten Egg 2","Lantern","Meat on the Bone","StoneCalendar","Tingsha","Mercury Hourglass","Toy Ornithopter","SlaversCollar","Turnip","Ginger","Smiling Mask","Whetstone","White Beast Statue","Anchor","Happy Flower","Orichalcum","Centennial Puzzle","Letter Opener","Bag of Preparation"],"acts_visited":["Exordium","TheCity","TheBeyond","TheEnding"],"potions_floor_usage":[10,12,27,27,31,33,37,37,38,41,42,42,44,45,46,48,50,50,55,55,55,55],"damage_taken":[{"damage":0.0,"enemies":"2 Louse","floor":1.0,"turns":1.0},{"damage":0.0,"enemies":"Cultist","floor":2.0,"turns":1.0},{"damage":0,"enemies":"3 Sentries","floor":7,"turns":2},{"damage":0,"enemies":"Jaw Worm","floor":8,"turns":4},{"damage":0,"enemies":"Lagavulin","floor":10,"turns":10},{"damage":11,"enemies":"Lots of Slimes","floor":11,"turns":5},{"damage":29,"enemies":"Gremlin Nob","floor":12,"turns":5},{"damage":0,"enemies":"Hexaghost","floor":16,"turns":11},{"damage":0,"enemies":"Shell Parasite","floor":18,"turns":8},{"damage":0,"enemies":"3 Byrds","floor":22,"turns":3},{"damage":13,"enemies":"Book of Stabbing","floor":23,"turns":9},{"damage":23,"enemies":"Gremlin Leader","floor":25,"turns":9},{"damage":21,"enemies":"Slavers","floor":27,"turns":6},{"damage":0,"enemies":"Book of Stabbing","floor":29,"turns":7},{"damage":15,"enemies":"Centurion and Healer","floor":30,"turns":7},{"damage":1,"enemies":"Snecko","floor":31,"turns":6},{"damage":4,"enemies":"Collector","floor":33,"turns":10},{"damage":10,"enemies":"3 Darklings","floor":35,"turns":5},{"damage":1,"enemies":"3 Shapes","floor":37,"turns":5},{"damage":19,"enemies":"Sphere and 2 Shapes","floor":38,"turns":7},{"damage":37,"enemies":"Jaw Worm Horde","floor":41,"turns":5},{"damage":0,"enemies":"Reptomancer","floor":42,"turns":7},{"damage":24,"enemies":"Giant Head","floor":44,"turns":11},{"damage":3,"enemies":"4 Shapes","floor":45,"turns":7},{"damage":11,"enemies":"Maw","floor":46,"turns":8},{"damage":0,"enemies":"Nemesis","floor":48,"turns":7},{"damage":17,"enemies":"Awakened One","floor":50,"turns":17},{"damage":7,"enemies":"Shield and Spear","floor":54,"turns":7},{"damage":22,"enemies":"The Heart","floor":55,"turns":8}],"seed_played":"-1943958262948512769","potions_obtained":[{"floor":3.0,"key":"Poison Potion"},{"floor":3.0,"key":"SmokeBomb"},{"floor":3.0,"key":"CunningPotion"},{"floor":7,"key":"GhostInAJar"},{"floor":10,"key":"Weak Potion"},{"floor":11,"key":"BlessingOfTheForge"},{"floor":12,"key":"Explosive Potion"},{"floor":27,"key":"Block Potion"},{"floor":29,"key":"Poison Potion"},{"floor":30,"key":"GhostInAJar"},{"floor":31,"key":"BlessingOfTheForge"},{"floor":38,"key":"Energy Potion"},{"floor":44,"key":"SkillPotion"},{"floor":45,"key":"Block Potion"},{"floor":54,"key":"DistilledChaos"}],"is_trial":false,"path_per_floor":["M","M","?","$","T","R","E","M","T","E","M","E","?","?","R","B",null,"M","?","?","$","M","E","R","E","T","E","R","E","M","M","R","B",null,"M","$","M","M","?","R","M","E","T","E","M","M","$","E","R","B",null,"R","$","E","B",null],"character_chosen":"THE_SILENT","items_purchased":["Footwork","Frozen Egg 2","Turnip","Happy Flower"],"campfire_rested":1,"item_purchase_floors":[4,21,36,47],"current_hp_per_floor":[63,63,63,63,63,63,63,63,63,63,52,23,9,9,30,30,60,60,60,60,70,70,57,57,36,36,29,29,43,42,48,48,51,65,57,70,70,56,56,56,38,50,50,45,49,45,60,67,67,54,66,66,70,63,53],"gold":46,"neow_bonus":"THREE_ENEMY_KILL","is_daily":false,"chose_seed":false,"campfire_upgraded":6,"win_rate":0.0,"timestamp":1608416346,"path_taken":["M","M","?","?","?","R","E","?","T","E","M","E","?","?","R","BOSS","M","?","?","?","M","E","R","E","T","E","R","E","?","M","R","BOSS","M","$","M","M","?","R","M","E","T","E","M","M","$","E","R","BOSS","R","$","E","BOSS"],"items_purchased_type":["Card","Relic","Relic","Relic"],"build_version":"2020-12-13","purchased_purges":4,"victory":true,"max_hp_per_floor":[70,70,70,70,70,70,70,70,70,70,70,70,70,70,70,70,70,70,70,70,70,70,70,70,70,70,70,70,70,70,70,70,70,70,70,70,70,70,70,70,70,70,70,70,70,70,70,70,70,70,70,70,70,70,70],"card_choices":[{"not_picked":["Quick Slash","All Out Attack"],"picked":"Blur","floor":1.0},{"not_picked":["Quick Slash","Masterful Stab"],"picked":"Backflip","floor":2.0},{"not_picked":["Skewer","Caltrops"],"picked":"Noxious Fumes","floor":7},{"not_picked":["Dagger Spray","Dagger Throw","Poisoned Stab"],"picked":"SKIP","floor":8},{"not_picked":["Acrobatics","Bane"],"picked":"Footwork","floor":10},{"not_picked":["Dagger Spray","Slice"],"picked":"Acrobatics","floor":11},{"not_picked":["All Out Attack","Die Die Die"],"picked":"Noxious Fumes","floor":12},{"not_picked":["Wraith Form v2","Malaise"],"picked":"Adrenaline","floor":16},{"not_picked":["Bane","Dodge and Roll+1","Flechettes+1"],"picked":"SKIP","floor":18},{"not_picked":["Underhanded Strike","Backstab","Bane"],"picked":"SKIP","floor":22},{"not_picked":["Cloak And Dagger","Heel Hook","Prepared+1"],"picked":"SKIP","floor":23},{"not_picked":["Slice+1","Noxious Fumes+1","Dagger Spray+1"],"picked":"SKIP","floor":25},{"not_picked":["Night Terror","Underhanded Strike+1","PiercingWail"],"picked":"SKIP","floor":27},{"not_picked":["Backstab+1","Bouncing Flask","PiercingWail+1"],"picked":"SKIP","floor":29},{"not_picked":["Concentrate","Prepared"],"picked":"Caltrops+1","floor":30},{"not_picked":["Dagger Spray+1","Finisher+1","Deadly Poison"],"picked":"SKIP","floor":31},{"not_picked":["Phantasmal Killer","Die Die Die+1"],"picked":"Venomology","floor":33},{"not_picked":["Blade Dance","Slice+1","Dodge and Roll"],"picked":"SKIP","floor":35},{"not_picked":["Quick Slash+1","Deflect+1"],"picked":"Caltrops+1","floor":37},{"not_picked":["Choke+1","Dagger Throw+1"],"picked":"Footwork+1","floor":38},{"not_picked":["Deflect","Choke+1","Bane+1"],"picked":"SKIP","floor":41},{"not_picked":["Prepared+1","A Thousand Cuts+1","Poisoned Stab+1"],"picked":"SKIP","floor":42},{"not_picked":["Underhanded Strike+1","Flying Knee+1","Acrobatics"],"picked":"SKIP","floor":44},{"not_picked":["Underhanded Strike+1","Flying Knee+1"],"picked":"Acrobatics","floor":44},{"not_picked":["Underhanded Strike+1","Dagger Spray+1","Deadly Poison+1"],"picked":"SKIP","floor":45},{"not_picked":["Bullet Time","Blade Dance","Deadly Poison"],"picked":"SKIP","floor":46},{"not_picked":["Slice+1","Underhanded Strike+1","Acrobatics"],"picked":"SKIP","floor":48},{"not_picked":["PiercingWail","Slice+1","Dodge and Roll"],"picked":"SKIP","floor":54}],"player_experience":119285,"relics_obtained":[{"floor":5,"key":"Bronze Scales"},{"floor":7,"key":"War Paint"},{"floor":10,"key":"InkBottle"},{"floor":12,"key":"MealTicket"},{"floor":23,"key":"Bottled Tornado"},{"floor":23,"key":"Blood Vial"},{"floor":25,"key":"Molten Egg 2"},{"floor":25,"key":"Lantern"},{"floor":26,"key":"Meat on the Bone"},{"floor":27,"key":"StoneCalendar"},{"floor":27,"key":"Tingsha"},{"floor":29,"key":"Mercury Hourglass"},{"floor":29,"key":"Toy Ornithopter"},{"floor":42,"key":"Ginger"},{"floor":42,"key":"Smiling Mask"},{"floor":43,"key":"Whetstone"},{"floor":44,"key":"White Beast Statue"},{"floor":44,"key":"Anchor"},{"floor":48,"key":"Orichalcum"},{"floor":48,"key":"Centennial Puzzle"},{"floor":54,"key":"Letter Opener"},{"floor":54,"key":"Bag of Preparation"}],"event_choices":[{"damage_healed":0.0,"max_hp_gain":0.0,"max_hp_loss":0.0,"gold_gain":0.0,"event_name":"Lab","player_choice":"Got Potions","floor":3.0,"gold_loss":0.0,"damage_taken":0.0},{"damage_healed":0,"gold_gain":0,"player_choice":"Entered Light","damage_taken":14,"max_hp_gain":0,"max_hp_loss":0,"event_name":"Shining Light","floor":13,"gold_loss":0,"cards_upgraded":["Acrobatics","Defend_G"]},{"damage_healed":0,"gold_gain":175,"player_choice":"AGREE","damage_taken":0,"max_hp_gain":0,"max_hp_loss":0,"event_name":"Liars Game","floor":14,"gold_loss":0,"cards_obtained":["Doubt"]},{"damage_healed":0,"gold_gain":0,"player_choice":"Inject Mutagens","damage_taken":0,"relics_obtained":["MutagenicStrength"],"max_hp_gain":0,"max_hp_loss":0,"event_name":"Drug Dealer","floor":19,"gold_loss":0},{"damage_healed":0,"gold_gain":0,"player_choice":"Ignored","damage_taken":0,"max_hp_gain":0,"max_hp_loss":0,"event_name":"Vampires","floor":20,"gold_loss":0},{"damage_healed":0,"gold_gain":0,"player_choice":"Memory 1","damage_taken":0,"max_hp_gain":0,"max_hp_loss":0,"event_name":"SensoryStone","floor":39,"gold_loss":0}],"is_beta":false,"boss_relics":[{"not_picked":["Pandora\u0027s Box","Busted Crown"],"picked":"Black Star"},{"not_picked":["HoveringKite","Runic Pyramid"],"picked":"SlaversCollar"}],"items_purged_floors":[21,36,47,53],"is_endless":false,"potions_floor_spawned":[7,10,11,12,16,27,29,30,31,38,44,45,46,48,54],"ascension_level":6}}