{"host":"iphsb0ccnjx0pfn6","time":1608350710,"event":{"mods":["2.2 Compatiblity","AchievementEnabler","BaseMod","Colored Map","DeckTracker","Keyboard Shortcuts","Minty Spire (QoL Compilation)","Permanent Neow","Quick Restart","Relic Stats","StSLib","SuperFastMode","Uncapped","everything is the same but u backflip on backflip"],"gold_per_floor":[117,130,130,55,55,55,87,100,155,155,175,204,204,223,223,301,301,312,326,376,376,376],"floor_reached":21,"playtime":496,"items_purged":["Strike_P"],"score":428,"play_id":"46e1c2f4-0ed6-4542-9e59-c91560ace931","local_time":"20201219130510","is_ascension_mode":true,"campfire_choices":[{"data":"Eruption","floor":6.0,"key":"SMITH"},{"data":"PathToVictory","floor":15,"key":"SMITH"}],"circlet_count":0,"master_deck":["AscendersBane","Strike_P","Strike_P","Strike_P","Defend_P","Defend_P","Defend_P","Defend_P","Eruption+1","Vigilance","PathToVictory+1","WaveOfTheHand","TalkToTheHand","FearNoEvil+1","CarveReality","LessonLearned","Meditate"],"relics":["PureWater","NeowsBlessing","Bronze Scales","Centennial Puzzle","The Courier","Mummified Hand","SacredBark"],"acts_visited":["Exordium","TheCity"],"potions_floor_usage":[12,16,16,18,21],"damage_taken":[{"damage":0.0,"enemies":"2 Louse","floor":1.0,"turns":1.0},{"damage":0.0,"enemies":"Cultist","floor":2.0,"turns":1.0},{"damage":0.0,"enemies":"Gremlin Nob","floor":7.0,"turns":1.0},{"damage":0.0,"enemies":"Small Slimes","floor":8.0,"turns":3.0},{"damage":13.0,"enemies":"3 Louse","floor":11.0,"turns":3.0},{"damage":3,"enemies":"Lagavulin","floor":12,"turns":8},{"damage":0,"enemies":"2 Fungi Beasts","floor":14,"turns":2},{"damage":5,"enemies":"Slime Boss","floor":16,"turns":6},{"damage":24,"enemies":"Chosen","floor":18,"turns":7},{"damage":15,"enemies":"Spheric Guardian","floor":19,"turns":5},{"damage":14,"enemies":"Shelled Parasite and Fungi","floor":21,"turns":3}],"seed_played":"-8712259886775498597","potions_obtained":[{"floor":1.0,"key":"BlessingOfTheForge"},{"floor":3.0,"key":"LiquidMemories"},{"floor":14,"key":"SneckoOil"},{"floor":16,"key":"Block Potion"},{"floor":19,"key":"GamblersBrew"}],"is_trial":false,"path_per_floor":["M","M","?","$","?","R","E","M","T","?","M","E","T","M","R","B",null,"M","M","?","M"],"character_chosen":"WATCHER","items_purchased":[],"campfire_rested":0,"item_purchase_floors":[],"current_hp_per_floor":[61,61,61,61,61,61,61,61,61,66,53,50,50,50,50,45,66,42,27,27,13,13],"gold":376,"neow_bonus":"THREE_ENEMY_KILL","is_daily":false,"chose_seed":false,"campfire_upgraded":2,"win_rate":0.0,"timestamp":1608350710,"path_taken":["M","M","?","?","?","R","E","M","T","?","M","E","?","M","R","BOSS","M","M","?","M"],"items_purchased_type":[],"build_version":"2020-12-13","purchased_purges":1,"victory":false,"max_hp_per_floor":[68,68,68,68,68,68,68,68,68,73,73,73,73,73,73,73,73,73,73,73,73,73],"relic_stats":{"Centennial Puzzle":[18],"counters":[11,40],"Mummified Hand":[0],"Bronze Scales":[54],"obtain_stats":[{"Centennial Puzzle":9,"NeowsBlessing":0,"Mummified Hand":13,"Bronze Scales":7,"SacredBark":17,"The Courier":12,"PureWater":0},{"Centennial Puzzle":4,"NeowsBlessing":0,"Mummified Hand":6,"Bronze Scales":3,"SacredBark":8,"The Courier":6,"PureWater":0},{"Centennial Puzzle":6,"NeowsBlessing":0,"Mummified Hand":17,"Bronze Scales":3,"SacredBark":25,"The Courier":17,"PureWater":0}]},"card_choices":[{"not_picked":["CutThroughFate","FollowUp"],"picked":"PathToVictory","floor":1.0},{"not_picked":["FollowUp","SandsOfTime"],"picked":"WaveOfTheHand","floor":2.0},{"not_picked":["Perseverance","ConjureBlade"],"picked":"TalkToTheHand","floor":7.0},{"not_picked":["FollowUp","Crescendo"],"picked":"FearNoEvil","floor":8.0},{"not_picked":["JustLucky","Swivel","EmptyMind"],"picked":"SKIP","floor":11.0},{"not_picked":["SpiritShield","JustLucky"],"picked":"CarveReality","floor":12},{"not_picked":["EmptyBody","ClearTheMind","SashWhip"],"picked":"SKIP","floor":14},{"not_picked":["Scrawl","SpiritShield"],"picked":"LessonLearned","floor":16},{"not_picked":["SignatureMove","Prostrate","EmptyBody"],"picked":"SKIP","floor":18},{"not_picked":["ReachHeaven","CutThroughFate"],"picked":"Meditate","floor":19}],"player_experience":1253061,"relics_obtained":[{"floor":7.0,"key":"Bronze Scales"},{"floor":9.0,"key":"Centennial Puzzle"},{"floor":12,"key":"The Courier"},{"floor":13,"key":"Mummified Hand"}],"event_choices":[{"damage_healed":0.0,"max_hp_gain":0.0,"max_hp_loss":0.0,"gold_gain":0.0,"event_name":"Lab","player_choice":"Got Potions","floor":3.0,"gold_loss":0.0,"damage_taken":0.0},{"damage_healed":0.0,"max_hp_gain":0.0,"max_hp_loss":0.0,"gold_gain":0.0,"event_name":"Liars Game","player_choice":"Ignored","floor":5.0,"gold_loss":0.0,"damage_taken":0.0},{"damage_healed":0.0,"max_hp_gain":5.0,"max_hp_loss":0.0,"gold_gain":0.0,"event_name":"Big Fish","player_choice":"Donut","floor":10.0,"gold_loss":0.0,"damage_taken":0.0},{"damage_healed":0,"gold_gain":50,"player_choice":"Stole From Cult","damage_taken":0,"max_hp_gain":0,"max_hp_loss":0,"event_name":"Nest","floor":20,"gold_loss":0}],"is_beta":false,"boss_relics":[{"not_picked":["Empty Cage","Philosopher\u0027s Stone"],"picked":"SacredBark"}],"items_purged_floors":[4],"is_endless":false,"potions_floor_spawned":[1,7,8,14,16,19],"killed_by":"Shelled Parasite and Fungi","ascension_level":20}}