{"host":"fa96ppy4vc5r7pma","time":1608370802,"event":{"mods":["BaseMod","Best Route Mod","Bestiary","Block Reminder","Colored Map","Dota2Spire","Ekko","GungeonMod","Hermit","Highlight Path","Hubris","Minty Spire (QoL Compilation)","Permanent Neow","Quick Restart","Random Character Button","Relic Stats","Replay The Spire","StSLib","The Bladedancer","The Blue Laboratory","The Servant 0.9.4"],"gold_per_floor":[119,119,131,150,165,191,201,228,298,327,6,23,23,41,41,136,136,156,156,156,172,182,182,212,144,167,197,272,290,3,14,14,119,119,130,130,143,143,159,159,176,208,290,290,323,334,334,369,369,369],"floor_reached":51,"playtime":3865,"items_purged":[],"score":993,"play_id":"70a29369-8fe7-4876-8c04-39fbdbe761e3","local_time":"20201219044002","is_ascension_mode":true,"campfire_choices":[{"data":"Apotheosis","floor":13,"key":"SMITH"},{"data":"Metallicize","floor":15,"key":"SMITH"},{"data":"Iron Wave","floor":23,"key":"SMITH"},{"data":"Massacre","floor":32,"key":"SMITH"},{"data":"Heavy Blade","floor":40,"key":"SMITH"},{"data":"Impervious","floor":47,"key":"SMITH"},{"floor":49,"key":"DIG"}],"circlet_count":0,"master_deck":["Strike_R","Strike_R","Strike_R","Strike_R","Strike_R","Defend_R","Defend_R","Defend_R","Defend_R","Bash+1","Pommel Strike","Second Wind","Metallicize+1","ReplayTheSpireMod:Stacked+1","Shrug It Off+1","Iron Wave+1","Metallicize+1","Apotheosis+1","Twin Strike","Impervious+1","Inflame+1","Writhe","Entrench+1","Twin Strike","Massacre+1","Feel No Pain","Anger","Anger","Heavy Blade+1","ReplayTheSpireMod:Strike From Hell+1","Flex","Entrench+1","Inflame+1","hubris:SharpeningStone","Iron Wave","ReplayTheSpireMod:Stacked"],"relics":["Burning Blood","Akabeko","Dota2Spire:BladeMail","Pet Ghost","Eternal Feather","Peace Pipe","MealTicket","Replay:Grab Bag","Sozu","Mark of Pain","Black Star","SlaversCollar","DemoMod:PoisonVial","Turnip","Shuriken","War Paint","Strawberry","Dota2Spire:Mjollnir","Gremlin Horn","Honey Jar","hubris:Metronome","Omamori","DemoMod:MemoryAlloy","King of Hearts","Pocketwatch","hubris:ChampionShield","DemoMod:DecoyRelic","hubris:DeckOfHolding"],"acts_visited":["Exordium","TheCity","TheBeyond"],"potions_floor_usage":[10,10,16],"damage_taken":[{"damage":10,"enemies":"Small Slimes","floor":1,"turns":3},{"damage":1,"enemies":"Cultist","floor":3,"turns":3},{"damage":1,"enemies":"Jaw Worm","floor":4,"turns":3},{"damage":8,"enemies":"Exordium Wildlife","floor":5,"turns":5},{"damage":18,"enemies":"3 Sentries","floor":6,"turns":13},{"damage":0,"enemies":"3 Louse","floor":7,"turns":3},{"damage":5,"enemies":"Replay:BlueRogue","floor":8,"turns":10},{"damage":11,"enemies":"Lagavulin","floor":10,"turns":7},{"damage":17,"enemies":"Exordium Thugs","floor":12,"turns":6},{"damage":5,"enemies":"Large Slime","floor":14,"turns":6},{"damage":0,"enemies":"The Guardian","floor":16,"turns":12},{"damage":0,"enemies":"Chosen","floor":18,"turns":5},{"damage":1,"enemies":"3 Byrds","floor":21,"turns":4},{"damage":9,"enemies":"3 Cultists","floor":22,"turns":7},{"damage":24,"enemies":"Slavers","floor":24,"turns":6},{"damage":6,"enemies":"Replay:Snechameleon","floor":27,"turns":7},{"damage":0,"enemies":"Chosen and Byrds","floor":29,"turns":8},{"damage":0,"enemies":"Sentry and Sphere","floor":31,"turns":3},{"damage":14,"enemies":"Collector","floor":33,"turns":9},{"damage":0,"enemies":"Orb Walker","floor":35,"turns":2},{"damage":0,"enemies":"3 Darklings","floor":37,"turns":4},{"damage":9,"enemies":"4 Shapes","floor":39,"turns":5},{"damage":0,"enemies":"Maw","floor":41,"turns":6},{"damage":0,"enemies":"Giant Head","floor":42,"turns":6},{"damage":0,"enemies":"Nemesis","floor":45,"turns":3},{"damage":2,"enemies":"Writhing Mass","floor":46,"turns":4},{"damage":20,"enemies":"Reptomancer","floor":48,"turns":5},{"damage":11,"enemies":"hubris:GrandSnecko","floor":50,"turns":9}],"seed_played":"5260808905386985724","potions_obtained":[{"floor":6,"key":"Fire Potion"},{"floor":8,"key":"blueLaboratory:EntrenchedPotion"},{"floor":10,"key":"BloodPotion"},{"floor":12,"key":"blueLaboratory:BottleOfVodka"},{"floor":16,"key":"FearPotion"}],"is_trial":false,"path_per_floor":["M","?","M","M","M","E","M","E","T","E","$","M","R","M","R","B",null,"M","?","?","M","M","R","E","$","T","E","?","M","$","M","R","B",null,"M","?","M","$","M","R","M","E","T","?","E","M","R","E","R_BF","B",null],"character_chosen":"IRONCLAD","items_purchased":["Apotheosis","MealTicket","Feel No Pain","Gremlin Horn","Anger"],"campfire_rested":0,"item_purchase_floors":[11,11,25,30,30],"current_hp_per_floor":[76,76,80,80,78,66,72,73,73,68,68,57,66,67,76,80,80,80,80,80,80,77,80,62,77,77,84,76,82,87,87,87,79,87,87,83,83,83,80,83,83,83,83,83,83,83,83,69,83,78],"gold":369,"neow_bonus":"RANDOM_COMMON_RELIC","is_daily":false,"chose_seed":false,"campfire_upgraded":6,"win_rate":0.0,"timestamp":1608370802,"path_taken":["M","?","M","M","M","E","M","E","T","E","$","M","R","?","R","BOSS","M","?","?","M","M","R","E","$","T","E","?","M","$","M","R","BOSS","M","?","M","$","M","R","M","E","T","?","E","M","R","E","R_BF","BOSS"],"items_purchased_type":["Card","Relic","Card","Relic","Card"],"build_version":"2020-12-13","purchased_purges":0,"victory":true,"max_hp_per_floor":[80,80,80,80,80,80,80,80,80,80,80,80,80,80,80,80,80,80,80,80,80,80,80,80,80,80,87,87,87,87,87,87,87,87,87,83,83,83,83,83,83,83,83,83,83,83,83,83,83,83],"relic_stats":{"Gremlin Horn":[15,15],"counters":[28,164],"Eternal Feather":38,"War Paint":["ReplayTheSpireMod:Stacked","Shrug It Off"],"Burning Blood":109,"Peace Pipe":0,"Sozu":7,"Shuriken":[30],"MealTicket":20,"Turnip":[14],"Black Star":5,"obtain_stats":[{"hubris:Metronome":42,"DemoMod:PoisonVial":19,"Gremlin Horn":30,"DemoMod:GlassGuonStoneRelic":4,"King of Hearts":45,"Burning Blood":0,"Pet Ghost":8,"Sozu":17,"Strawberry":27,"Dota2Spire:BladeMail":6,"Honey Jar":34,"MealTicket":11,"hubris:DeckOfHolding":49,"Dota2Spire:Mjollnir":27,"hubris:ChampionShield":48,"DemoMod:MemoryAlloy":43,"Replay:Grab Bag":17,"Eternal Feather":9,"Omamori":42,"War Paint":26,"Akabeko":0,"Peace Pipe":10,"SlaversCollar":17,"Shuriken":24,"DemoMod:DecoyRelic":48,"Mark of Pain":17,"Turnip":24,"Black Star":17,"Pocketwatch":45},{"hubris:Metronome":24,"DemoMod:PoisonVial":12,"Gremlin Horn":17,"DemoMod:GlassGuonStoneRelic":3,"King of Hearts":25,"Burning Blood":0,"Pet Ghost":7,"Sozu":11,"Strawberry":16,"Dota2Spire:BladeMail":5,"Honey Jar":19,"MealTicket":8,"hubris:DeckOfHolding":27,"Dota2Spire:Mjollnir":16,"hubris:ChampionShield":27,"DemoMod:MemoryAlloy":24,"Replay:Grab Bag":11,"Eternal Feather":7,"Omamori":24,"War Paint":15,"Akabeko":0,"Peace Pipe":8,"SlaversCollar":11,"Shuriken":15,"DemoMod:DecoyRelic":27,"Mark of Pain":11,"Turnip":15,"Black Star":11,"Pocketwatch":25},{"hubris:Metronome":143,"DemoMod:PoisonVial":76,"Gremlin Horn":108,"DemoMod:GlassGuonStoneRelic":9,"King of Hearts":146,"Burning Blood":0,"Pet Ghost":40,"Sozu":71,"Strawberry":100,"Dota2Spire:BladeMail":27,"Honey Jar":120,"MealTicket":47,"hubris:DeckOfHolding":155,"Dota2Spire:Mjollnir":100,"hubris:ChampionShield":155,"DemoMod:MemoryAlloy":143,"Replay:Grab Bag":71,"Eternal Feather":40,"Omamori":143,"War Paint":93,"Akabeko":0,"Peace Pipe":47,"SlaversCollar":71,"Shuriken":93,"DemoMod:DecoyRelic":155,"Mark of Pain":71,"Turnip":93,"Black Star":71,"Pocketwatch":146}],"Pocketwatch":[0]},"card_choices":[{"not_picked":["Run Through","Clothesline","ReplayReversal"],"picked":"SKIP","floor":1},{"not_picked":["Defy Death","Thunderclap"],"picked":"Pommel Strike","floor":3},{"not_picked":["Twin Strike","Sword Boomerang"],"picked":"Second Wind","floor":4},{"not_picked":["Headbutt","Demon Form"],"picked":"Metallicize","floor":5},{"not_picked":["Sword Boomerang","Bludgeon"],"picked":"ReplayTheSpireMod:Stacked","floor":6},{"not_picked":["Run Through","Pommel Strike"],"picked":"Shrug It Off","floor":7},{"not_picked":["Entrench","True Grit"],"picked":"Iron Wave","floor":8},{"not_picked":["Bloodletting","Headbutt"],"picked":"Metallicize","floor":10},{"not_picked":["Wild Strike","Sever Soul"],"picked":"Twin Strike","floor":12},{"not_picked":["True Grit","Replay:Undeath\u0027s Touch","Flex"],"picked":"SKIP","floor":14},{"not_picked":["hubris:StunningStrike","Demonic Infusion"],"picked":"Impervious","floor":16},{"not_picked":["Perfected Strike+1","Rupture+1"],"picked":"Inflame+1","floor":18},{"not_picked":["Infernal Blade","Spot Weakness"],"picked":"Entrench+1","floor":21},{"not_picked":["Fire Breathing+1","Headbutt"],"picked":"Twin Strike","floor":22},{"not_picked":["Wild Strike+1","Hemokinesis"],"picked":"Massacre","floor":24},{"not_picked":["Clash","Pommel Strike","Heavy Blade"],"picked":"SKIP","floor":27},{"not_picked":["Double Tap","Armaments","True Grit"],"picked":"SKIP","floor":29},{"not_picked":["True Grit","Dark Embrace","Clash"],"picked":"SKIP","floor":31},{"not_picked":["Cleave+1","Havoc+1","Perfected Strike+1"],"picked":"Anger","floor":35},{"not_picked":["True Grit+1","Whirlwind+1","Clash"],"picked":"Heavy Blade","floor":37},{"not_picked":["Havoc","True Grit","Replay:Undeath\u0027s Touch"],"picked":"ReplayTheSpireMod:Strike From Hell+1","floor":39},{"not_picked":["Fiend Fire","Abandon+1","Pommel Strike+1"],"picked":"Flex","floor":41},{"not_picked":["Shockwave+1","Reckless Charge","Iron Wave"],"picked":"Entrench+1","floor":42},{"not_picked":["ReplayTheSpireMod:Corrosion Curse","Combust","Shockwave+1"],"picked":"hubris:SharpeningStone","floor":45},{"not_picked":["Thunderclap","Ghostly Armor","hubris:ReadiedAction"],"picked":"Iron Wave","floor":46},{"not_picked":["Iron Wave","Heavy Blade+1","Ghostly Armor+1"],"picked":"ReplayTheSpireMod:Stacked","floor":48}],"player_experience":97738,"relics_obtained":[{"floor":6,"key":"Dota2Spire:BladeMail"},{"floor":8,"key":"Pet Ghost"},{"floor":9,"key":"Eternal Feather"},{"floor":10,"key":"Peace Pipe"},{"floor":24,"key":"Turnip"},{"floor":24,"key":"Shuriken"},{"floor":26,"key":"War Paint"},{"floor":27,"key":"Strawberry"},{"floor":27,"key":"Dota2Spire:Mjollnir"},{"floor":42,"key":"hubris:Metronome"},{"floor":42,"key":"Omamori"},{"floor":43,"key":"DemoMod:MemoryAlloy"},{"floor":45,"key":"King of Hearts"},{"floor":45,"key":"Pocketwatch"},{"floor":48,"key":"hubris:ChampionShield"},{"floor":48,"key":"DemoMod:DecoyRelic"},{"floor":49,"key":"hubris:DeckOfHolding"}],"event_choices":[{"damage_healed":0,"gold_gain":0,"player_choice":"Upgraded","damage_taken":0,"max_hp_gain":0,"max_hp_loss":0,"event_name":"Upgrade Shrine","floor":2,"gold_loss":0,"cards_upgraded":["Bash"]},{"damage_healed":0,"gold_gain":0,"player_choice":"Opened","damage_taken":0,"relics_obtained":["DemoMod:PoisonVial"],"max_hp_gain":0,"max_hp_loss":0,"event_name":"The Mausoleum","floor":19,"gold_loss":0,"cards_obtained":["Writhe"]},{"damage_healed":0,"gold_gain":75,"player_choice":"Touch","damage_taken":8,"max_hp_gain":0,"max_hp_loss":0,"event_name":"FaceTrader","floor":28,"gold_loss":0},{"damage_healed":0,"gold_gain":0,"player_choice":"Max HP","damage_taken":0,"max_hp_gain":0,"max_hp_loss":4,"event_name":"Winding Halls","floor":36,"gold_loss":0},{"damage_healed":0,"gold_gain":0,"player_choice":"Copied","damage_taken":0,"max_hp_gain":0,"max_hp_loss":0,"event_name":"Duplicator","floor":44,"gold_loss":0,"cards_obtained":["Inflame"]}],"is_beta":false,"boss_relics":[{"not_picked":["hubris:Stopwatch","Coffee Dripper"],"picked":"Replay:Grab Bag"},{"not_picked":["Dota2Spire:Bloodstone","ChewingGum"],"picked":"Sozu"},{"not_picked":["Electric Blood","hubris:TerracottaHorce"],"picked":"Mark of Pain"},{"not_picked":["Ring of Chaos","Pandora\u0027s Box"],"picked":"Black Star"},{"not_picked":["Replay:Drink Me","Runic Cube"],"picked":"SlaversCollar"},{"not_picked":["Tiny House","Painkiller Herb"],"picked":"Honey Jar"}],"items_purged_floors":[],"is_endless":false,"potions_floor_spawned":[6,8,10,12,16,22,27,31,37,39,45,46],"ascension_level":1}}