{"host":"jm9833yuloeli2yd","time":1608416853,"event":{"mods":["AchievementEnabler","BaseMod","Better Altar","Better Match","Better Note","Better Sensory Stone","Better Skull","Better Vampires","Colored Map","Colored Powertips","DeckTracker","Minty Spire (QoL Compilation)","Permanent Neow","Quick Restart","Replay The Spire","StSLib","SuperFastMode"],"gold_per_floor":[110,128,144,208,219,219,52,52,52,86,86,117,132,132,132,206,206,123,123,44,31,43,43,43],"floor_reached":23,"playtime":707,"items_purged":[],"score":602,"play_id":"55d2ece3-4577-4ad2-9650-a49d9f4f9c45","local_time":"20201219172733","is_ascension_mode":true,"campfire_choices":[{"floor":6.0,"key":"REST"},{"floor":8.0,"key":"REST"},{"data":"Loop","floor":11.0,"key":"SMITH"}],"circlet_count":0,"master_deck":["AscendersBane","Strike_B","Strike_B","Strike_B","Defend_B","Defend_B","Defend_B","Defend_B","Zap","Dualcast","CurseOfTheBell","Conserve Battery+1","ReplayTheSpireMod:Omega Cannon","Loop+1","Rainbow","Multi-Cast","Sickly","Hologram","Self Repair","Steam","Chaos+1"],"relics":["Calling Bell","Replay:Antivirus Software","Cables","TungstenRod","Replay:Mystery Machine","Geode","FossilizedHelix","Mirror","Blue Candle","Replay:Ancient Bell","Orichalcum","Kunai","Incense Burner","Prayer Wheel"],"acts_visited":["Exordium","TheCity"],"potions_floor_usage":[16,22],"damage_taken":[{"damage":7.0,"enemies":"Jaw Worm","floor":1.0,"turns":5.0},{"damage":11.0,"enemies":"Small Slimes","floor":2.0,"turns":5.0},{"damage":8.0,"enemies":"2 Louse","floor":3.0,"turns":3.0},{"damage":8.0,"enemies":"Red Slaver","floor":5.0,"turns":3.0},{"damage":0.0,"enemies":"Gremlin Nob","floor":10.0,"turns":3.0},{"damage":2.0,"enemies":"Replay:BlueRogue","floor":12.0,"turns":6.0},{"damage":10.0,"enemies":"2 Fungi Beasts","floor":13.0,"turns":5.0},{"damage":0,"enemies":"The Guardian","floor":16,"turns":9},{"damage":14,"enemies":"Shell Parasite","floor":18,"turns":6},{"damage":32,"enemies":"2 Thieves","floor":21,"turns":4},{"damage":14,"enemies":"Snake Plant","floor":22,"turns":4},{"damage":26,"enemies":"Book of Stabbing","floor":23,"turns":3}],"seed_played":"1788063750614786286","potions_obtained":[{"floor":2.0,"key":"FocusPotion"},{"floor":4.0,"key":"Swift Potion"},{"floor":10.0,"key":"FocusPotion"},{"floor":13.0,"key":"Languid Potion"},{"floor":21,"key":"Weak Potion"}],"is_trial":false,"path_per_floor":["M","M","M","?","M","R","$","R","T","E","R","E","M","?","R_BF","B",null,"M","?","$","M","M","E"],"character_chosen":"DEFECT","items_purchased":["Geode","ReplayTheSpireMod:Fabricate Wheel"],"campfire_rested":2,"item_purchase_floors":[7,20],"current_hp_per_floor":[57,46,38,11,3,24,24,45,45,45,45,43,33,33,54,54,67,53,53,53,21,14,0,0],"gold":43,"neow_bonus":"BOSS_RELIC","is_daily":false,"chose_seed":false,"campfire_upgraded":1,"win_rate":0.0,"timestamp":1608416853,"path_taken":["M","M","M","?","M","R","$","R","T","E","R","E","M","?","R_BF","BOSS","M","?","$","M","M","E"],"items_purchased_type":["Relic","Card"],"build_version":"2020-12-13","purchased_purges":0,"victory":false,"max_hp_per_floor":[71,71,71,71,71,71,71,71,71,71,71,71,71,71,71,71,71,71,71,71,71,71,71,71],"card_choices":[{"not_picked":["Hello World","Streamline"],"picked":"Conserve Battery","floor":1.0},{"not_picked":["Heatsinks","Conserve Battery","Stack"],"picked":"SKIP","floor":2.0},{"not_picked":["Leap","Steam","FIFO Queue"],"picked":"SKIP","floor":3.0},{"not_picked":["Auto Shields","Double Energy"],"picked":"ReplayTheSpireMod:Omega Cannon","floor":4.0},{"not_picked":["Stack","Coolheaded"],"picked":"Loop","floor":4.0},{"not_picked":["ReplaySort","Streamline","Sweeping Beam"],"picked":"SKIP","floor":5.0},{"not_picked":["ReplaySort","Streamline","Sweeping Beam"],"picked":"SKIP","floor":5.0},{"not_picked":["Capacitor","Aggregate"],"picked":"Rainbow","floor":10.0},{"not_picked":["Chaos","Doom and Gloom","Panic Button"],"picked":"SKIP","floor":12.0},{"not_picked":["Sweeping Beam","Steam Power","Crystallizer"],"picked":"SKIP","floor":13.0},{"not_picked":["All For One","Thunder Strike"],"picked":"Multi-Cast","floor":16},{"not_picked":["CurseOfTheBell","betterMatch:CurseCard"],"picked":"ReplayTheSpireMod:IOU","floor":17},{"not_picked":["Writhe","Parasite"],"picked":"Normality","floor":17},{"not_picked":["Pain","AbeCurse"],"picked":"Sickly","floor":17},{"not_picked":["Fusion","Conserve Battery"],"picked":"Hologram","floor":18},{"not_picked":["Steam","Turbo"],"picked":"Self Repair","floor":21},{"not_picked":["Steam Power","Rip and Tear"],"picked":"Steam","floor":21},{"not_picked":["Steam Power","Chill"],"picked":"Chaos+1","floor":22},{"not_picked":["Steam Power","Rip and Tear","Rebound"],"picked":"SKIP","floor":22}],"player_experience":1130105,"relics_obtained":[{"floor":0.0,"key":"Replay:Antivirus Software"},{"floor":0.0,"key":"Cables"},{"floor":0.0,"key":"TungstenRod"},{"floor":4.0,"key":"Replay:Mystery Machine"},{"floor":9.0,"key":"FossilizedHelix"},{"floor":10.0,"key":"Mirror"},{"floor":12.0,"key":"Blue Candle"}],"event_choices":[{"cards_removed":["Strike_B"],"damage_healed":0.0,"max_hp_gain":0.0,"max_hp_loss":0.0,"gold_gain":0.0,"event_name":"Purifier","player_choice":"Purged","floor":14.0,"gold_loss":0.0,"damage_taken":0.0},{"cards_removed":["Normality"],"damage_healed":0,"gold_gain":0,"player_choice":"Elegance","damage_taken":0,"max_hp_gain":0,"max_hp_loss":0,"event_name":"Back to Basics","floor":19,"gold_loss":0}],"is_beta":false,"boss_relics":[{"not_picked":["Fusion Hammer","Ectoplasm"],"picked":"Replay:Ancient Bell"},{"not_picked":["Ancient Tea Set","Tiny Chest"],"picked":"Orichalcum"},{"not_picked":["Letter Opener","Replay:Bottled Eggs"],"picked":"Kunai"},{"not_picked":["Lizard Tail","Bird Faced Urn"],"picked":"Incense Burner"}],"items_purged_floors":[],"is_endless":false,"potions_floor_spawned":[2,10,13,21],"killed_by":"Book of Stabbing","ascension_level":20}}