{"host":"2pffx5rqbod9ds0c","time":1608414723,"event":{"mods":["BaseMod","Better Altar","Better Match","Better Note","Better Sensory Stone","Better Skull","Better Third Choice","Custom Start","Hubris","Minty Spire (QoL Compilation)","Quick Restart","Relic Stats","Robot Space Explorer","Spicy Shops","StSLib"],"gold_per_floor":[119,131,148,148,13839,13839,13872,14147,14172,14215,12949,12980,11871,11892,11892,12015,12015,12035,12054,10942,10957,10957,10998,11013,9938,9938,9981,9995,9910,8794,8817,8817,8938,8938,8962,8977,9004,8904,8904,8945,7320,7346,7346,7346,6772,6795,6795,6831,6852,6864],"floor_reached":51,"playtime":2405,"items_purged":["RobotSpaceExplorer:Strike","Regret","Pride","RobotSpaceExplorer:Strike","Writhe","RobotSpaceExplorer:Strike","RobotSpaceExplorer:MiniLasers","RobotSpaceExplorer:Defend+1","RobotSpaceExplorer:Defend+1","RobotSpaceExplorer:Defend+1"],"score":1107,"play_id":"a71b6b6f-778c-4c43-9a8f-f4f2dc5f415f","local_time":"20201219135203","is_ascension_mode":true,"campfire_choices":[{"data":"Madness","floor":6,"key":"SMITH"},{"data":"RobotSpaceExplorer:Explosion","floor":15,"key":"SMITH"},{"data":"Madness","floor":32,"key":"SMITH"},{"floor":47,"key":"REST"},{"floor":49,"key":"REST"}],"circlet_count":0,"master_deck":["RobotSpaceExplorer:Defend+1","RobotSpaceExplorer:Scan+1","RobotSpaceExplorer:PlasmaMissile+1","RobotSpaceExplorer:Reload+1","RobotSpaceExplorer:FranticSearch+1","RobotSpaceExplorer:LuckyStrike+1","RobotSpaceExplorer:Explosion+1","RobotSpaceExplorer:PlasmaMissile+1","Madness+1","RobotSpaceExplorer:PlasmaMissile+1","RobotSpaceExplorer:ShockMissile+1","RobotSpaceExplorer:Explosion+1","RobotSpaceExplorer:ShockMissile+1","RobotSpaceExplorer:ShockMissile+1","RobotSpaceExplorer:StunGrenade+1"],"relics":["RobotSpaceExplorer:RoboCore","Golden Idol","Ancient Tea Set","HandDrill","Bronze Scales","hubris:EmptyBottle","hubris:OldNail","Dream Catcher","FossilizedHelix","Anchor","Oddly Smooth Stone","RobotSpaceExplorer:SlideRule","Regal Pillow","Strawberry","RobotSpaceExplorer:ClockworkSextant","WingedGreaves","Cauldron","Bag of Marbles","hubris:ToyBattleship","Medical Kit","PreservedInsect","Art of War","Juzu Bracelet","ClockworkSouvenir","Runic Pyramid","DollysMirror","Gremlin Horn","Pen Nib","Pantograph","MealTicket","Tiny Chest","Lee\u0027s Waffle","Lantern","CeramicFish","hubris:DeckOfHolding","Orichalcum","Toolbox","Boot","Calipers","Singing Bowl","TheAbacus","hubris:TenFootPole","Toy Ornithopter","Du-Vu Doll","RobotSpaceExplorer:FoglandsKnife","hubris:Backtick","hubris:Reverence","Mark of the Bloom","War Paint","RobotSpaceExplorer:BottledGravity","hubris:MysteriousPyramids","Sling","Nunchaku","Akabeko","Frozen Eye","Bag of Preparation","hubris:GlazedTorus","Membership Card","Happy Flower","hubris:Metronome","hubris:SlimyHat","MawBank"],"acts_visited":["Exordium","TheCity","TheBeyond"],"potions_floor_usage":[],"damage_taken":[{"damage":5,"enemies":"2 Louse","floor":1,"turns":2},{"damage":0,"enemies":"Small Slimes","floor":2,"turns":3},{"damage":0,"enemies":"Cultist","floor":3,"turns":3},{"damage":1,"enemies":"Lagavulin","floor":7,"turns":3},{"damage":36,"enemies":"Gremlin Nob","floor":10,"turns":4},{"damage":0,"enemies":"3 Sentries","floor":12,"turns":4},{"damage":0,"enemies":"Gremlin Gang","floor":14,"turns":1},{"damage":0,"enemies":"The Guardian","floor":16,"turns":4},{"damage":0,"enemies":"Shell Parasite","floor":18,"turns":2},{"damage":0,"enemies":"Spheric Guardian","floor":19,"turns":3},{"damage":0,"enemies":"Snake Plant","floor":21,"turns":2},{"damage":27,"enemies":"Slavers","floor":23,"turns":3},{"damage":0,"enemies":"Shelled Parasite and Fungi","floor":24,"turns":2},{"damage":0,"enemies":"Gremlin Leader","floor":27,"turns":3},{"damage":0,"enemies":"Snecko","floor":28,"turns":2},{"damage":0,"enemies":"Centurion and Healer","floor":31,"turns":2},{"damage":6,"enemies":"Champ","floor":33,"turns":4},{"damage":0,"enemies":"3 Shapes","floor":35,"turns":1},{"damage":0,"enemies":"3 Darklings","floor":36,"turns":2},{"damage":10,"enemies":"4 Shapes","floor":37,"turns":2},{"damage":0,"enemies":"Nemesis","floor":40,"turns":1},{"damage":0,"enemies":"Transient","floor":46,"turns":2},{"damage":0,"enemies":"Giant Head","floor":48,"turns":1},{"damage":8,"enemies":"hubris:GrandSnecko","floor":50,"turns":2}],"seed_played":"-6917495694573813220","potions_obtained":[{"floor":2,"key":"SmokeBomb"},{"floor":3,"key":"Strength Potion"},{"floor":11,"key":"DuplicationPotion"}],"is_trial":false,"path_per_floor":["M","M","M","?","$","R","E","?","T","E","$","E","$","M","R","B",null,"M","M","$","M","?","E","M","$","T","E","M","?","$","M","R","B",null,"M","M","M","NS","?","E","$","T","T","?","$","M","R","E","R","B",null],"character_chosen":"RobotSpaceExplorer","items_purchased":["Ancient Tea Set","HandDrill","Bronze Scales","hubris:EmptyBottle","hubris:OldNail","Dream Catcher","RobotSpaceExplorer:SlideRule","Regal Pillow","Strawberry","RobotSpaceExplorer:ClockworkSextant","WingedGreaves","Cauldron","RobotSpaceExplorer:LuckyStrike","RobotSpaceExplorer:PlasmaMissile","hubris:ToyBattleship","Medical Kit","PreservedInsect","Art of War","Juzu Bracelet","ClockworkSouvenir","Madness","DollysMirror","Gremlin Horn","RobotSpaceExplorer:ShockMissile","Pen Nib","Pantograph","MealTicket","Lee\u0027s Waffle","Lantern","CeramicFish","hubris:DeckOfHolding","Orichalcum","Toolbox","TheAbacus","hubris:TenFootPole","Toy Ornithopter","Du-Vu Doll","RobotSpaceExplorer:FoglandsKnife","RobotSpaceExplorer:BottledGravity","hubris:MysteriousPyramids","Sling","Nunchaku","Akabeko","Frozen Eye","Membership Card","Happy Flower","hubris:Metronome","hubris:SlimyHat"],"campfire_rested":2,"item_purchase_floors":[5,5,5,5,5,5,11,11,11,11,11,11,11,13,13,13,13,13,13,13,13,20,20,20,20,20,20,25,25,25,25,25,25,30,30,30,30,30,41,41,41,41,41,41,45,45,45,45],"current_hp_per_floor":[70,70,70,52,52,52,51,51,51,15,22,22,22,22,22,22,82,82,82,82,82,82,55,55,89,89,89,89,89,89,91,91,87,93,95,97,87,87,87,87,87,87,87,87,87,87,87,87,87,79],"gold":6876,"neow_bonus":"TRANSFORM_CARD","is_daily":false,"chose_seed":false,"campfire_upgraded":3,"win_rate":0.0,"timestamp":1608414723,"path_taken":["M","M","M","?","$","R","E","?","T","E","$","E","$","M","R","BOSS","M","M","$","M","?","E","M","?","T","E","M","?","$","M","R","BOSS","M","M","M","NS","?","E","$","?","T","?","$","M","R","E","R","BOSS"],"items_purchased_type":["Relic","Relic","Relic","Relic","Relic","Relic","Relic","Relic","Relic","Relic","Relic","Relic","Card","Card","Relic","Relic","Relic","Relic","Relic","Relic","Card","Relic","Relic","Card","Relic","Relic","Relic","Relic","Relic","Relic","Relic","Relic","Relic","Relic","Relic","Relic","Relic","Relic","Relic","Relic","Relic","Relic","Relic","Relic","Relic","Relic","Relic","Relic"],"build_version":"2020-12-13","purchased_purges":10,"victory":true,"max_hp_per_floor":[75,75,75,75,75,75,75,75,75,75,82,82,82,82,82,82,82,82,82,82,82,82,82,82,89,89,89,89,89,89,91,91,93,93,95,97,97,97,97,99,99,99,99,99,99,101,103,105,105,105],"relic_stats":{"Regal Pillow":0,"Mark of the Bloom":154,"Gremlin Horn":[14,15],"Singing Bowl":16,"CeramicFish":18,"Juzu Bracelet":1,"Bag of Preparation":[6],"Boot":[0],"Dream Catcher":2,"Nunchaku":[4],"TheAbacus":[18],"Pantograph":0,"MealTicket":15,"Tiny Chest":1,"HandDrill":[34],"Lee\u0027s Waffle":19,"Happy Flower":[1],"counters":[24,58],"Golden Idol":170,"PreservedInsect":254,"Pen Nib":[17],"Orichalcum":[18],"War Paint":[],"Medical Kit":[0],"MawBank":36,"Bronze Scales":[87],"Art of War":[0],"obtain_stats":[{"RobotSpaceExplorer:ClockworkSextant":11,"Mark of the Bloom":39,"RobotSpaceExplorer:SlideRule":11,"Calipers":27,"Gremlin Horn":20,"CeramicFish":25,"hubris:MysteriousPyramids":41,"Boot":26,"Sling":41,"DollysMirror":20,"RobotSpaceExplorer:BottledGravity":41,"Strawberry":11,"MealTicket":20,"hubris:DeckOfHolding":25,"HandDrill":5,"Happy Flower":45,"Oddly Smooth Stone":10,"Pen Nib":20,"War Paint":40,"Akabeko":41,"Du-Vu Doll":30,"RobotSpaceExplorer:FoglandsKnife":30,"Bronze Scales":5,"hubris:ToyBattleship":13,"hubris:TenFootPole":30,"hubris:Reverence":34,"Regal Pillow":11,"Lantern":25,"hubris:Metronome":45,"Singing Bowl":29,"Juzu Bracelet":13,"Bag of Preparation":42,"hubris:SlimyHat":45,"hubris:EmptyBottle":5,"Ancient Tea Set":5,"ClockworkSouvenir":13,"Frozen Eye":41,"Dream Catcher":5,"Nunchaku":41,"TheAbacus":30,"hubris:Backtick":34,"Pantograph":20,"Toolbox":25,"Tiny Chest":23,"WingedGreaves":11,"Runic Pyramid":17,"hubris:GlazedTorus":43,"Lee\u0027s Waffle":25,"Golden Idol":4,"RobotSpaceExplorer:RoboCore":0,"PreservedInsect":13,"Orichalcum":25,"Medical Kit":13,"MawBank":48,"Cauldron":11,"Anchor":9,"Bag of Marbles":12,"Art of War":13,"Membership Card":45,"hubris:OldNail":5,"FossilizedHelix":7,"Toy Ornithopter":30},{"RobotSpaceExplorer:ClockworkSextant":5,"Mark of the Bloom":20,"RobotSpaceExplorer:SlideRule":5,"Calipers":14,"Gremlin Horn":10,"CeramicFish":13,"hubris:MysteriousPyramids":21,"Boot":13,"Sling":21,"DollysMirror":10,"RobotSpaceExplorer:BottledGravity":21,"Strawberry":5,"MealTicket":10,"hubris:DeckOfHolding":13,"HandDrill":3,"Happy Flower":21,"Oddly Smooth Stone":5,"Pen Nib":10,"War Paint":21,"Akabeko":21,"Du-Vu Doll":15,"RobotSpaceExplorer:FoglandsKnife":15,"Bronze Scales":3,"hubris:ToyBattleship":6,"hubris:TenFootPole":15,"hubris:Reverence":17,"Regal Pillow":5,"Lantern":13,"hubris:Metronome":21,"Singing Bowl":15,"Juzu Bracelet":6,"Bag of Preparation":21,"hubris:SlimyHat":21,"hubris:EmptyBottle":3,"Ancient Tea Set":3,"ClockworkSouvenir":6,"Frozen Eye":21,"Dream Catcher":3,"Nunchaku":21,"TheAbacus":15,"hubris:Backtick":17,"Pantograph":10,"Toolbox":13,"Tiny Chest":12,"WingedGreaves":5,"Runic Pyramid":8,"hubris:GlazedTorus":21,"Lee\u0027s Waffle":13,"Golden Idol":3,"RobotSpaceExplorer:RoboCore":0,"PreservedInsect":6,"Orichalcum":13,"Medical Kit":6,"MawBank":23,"Cauldron":5,"Anchor":4,"Bag of Marbles":6,"Art of War":6,"Membership Card":21,"hubris:OldNail":3,"FossilizedHelix":4,"Toy Ornithopter":15},{"RobotSpaceExplorer:ClockworkSextant":15,"Mark of the Bloom":52,"RobotSpaceExplorer:SlideRule":15,"Calipers":39,"Gremlin Horn":29,"CeramicFish":36,"hubris:MysteriousPyramids":53,"Boot":36,"Sling":53,"DollysMirror":29,"RobotSpaceExplorer:BottledGravity":53,"Strawberry":15,"MealTicket":29,"hubris:DeckOfHolding":36,"HandDrill":8,"Happy Flower":53,"Oddly Smooth Stone":15,"Pen Nib":29,"War Paint":53,"Akabeko":53,"Du-Vu Doll":41,"RobotSpaceExplorer:FoglandsKnife":41,"Bronze Scales":8,"hubris:ToyBattleship":19,"hubris:TenFootPole":41,"hubris:Reverence":47,"Regal Pillow":15,"Lantern":36,"hubris:Metronome":53,"Singing Bowl":41,"Juzu Bracelet":19,"Bag of Preparation":53,"hubris:SlimyHat":53,"hubris:EmptyBottle":8,"Ancient Tea Set":8,"ClockworkSouvenir":19,"Frozen Eye":53,"Dream Catcher":8,"Nunchaku":53,"TheAbacus":41,"hubris:Backtick":47,"Pantograph":29,"Toolbox":36,"Tiny Chest":34,"WingedGreaves":15,"Runic Pyramid":24,"hubris:GlazedTorus":53,"Lee\u0027s Waffle":36,"Golden Idol":8,"RobotSpaceExplorer:RoboCore":0,"PreservedInsect":19,"Orichalcum":36,"Medical Kit":19,"MawBank":56,"Cauldron":15,"Anchor":11,"Bag of Marbles":19,"Art of War":19,"Membership Card":53,"hubris:OldNail":8,"FossilizedHelix":11,"Toy Ornithopter":41}],"Toy Ornithopter":0},"card_choices":[{"not_picked":["RobotSpaceExplorer:ShockKick","RobotSpaceExplorer:FreezeRay"],"picked":"RobotSpaceExplorer:Reload","floor":1},{"not_picked":["RobotSpaceExplorer:ShockKick","RobotSpaceExplorer:ImprovisedAttack"],"picked":"RobotSpaceExplorer:FranticSearch","floor":2},{"not_picked":["RobotSpaceExplorer:FreezingShield","RobotSpaceExplorer:GearShield","RobotSpaceExplorer:TurboDodge"],"picked":"SKIP","floor":3},{"not_picked":["RobotSpaceExplorer:StarDust","RobotSpaceExplorer:FranticSearch","RobotSpaceExplorer:PowerCollector"],"picked":"SKIP","floor":7},{"not_picked":["RobotSpaceExplorer:Counterblock","RobotSpaceExplorer:BigMissile","RobotSpaceExplorer:GlueSpray"],"picked":"SKIP","floor":10},{"not_picked":["RobotSpaceExplorer:Electropulse","RobotSpaceExplorer:DualCore"],"picked":"RobotSpaceExplorer:Explosion","floor":12},{"not_picked":["RobotSpaceExplorer:MiniBoosters","RobotSpaceExplorer:StarLightning"],"picked":"RobotSpaceExplorer:PlasmaMissile","floor":14},{"not_picked":["RobotSpaceExplorer:TrailblazerForm","RobotSpaceExplorer:Autoloader"],"picked":"RobotSpaceExplorer:ShockMissile","floor":16},{"not_picked":["RobotSpaceExplorer:GlueSpray","RobotSpaceExplorer:SlimeMissile","RobotSpaceExplorer:Smokescreen"],"picked":"SKIP","floor":18},{"not_picked":["RobotSpaceExplorer:Reload","RobotSpaceExplorer:SelfCleaning","RobotSpaceExplorer:Pulsar"],"picked":"SKIP","floor":19},{"not_picked":["RobotSpaceExplorer:StarDust+1","RobotSpaceExplorer:FranticSearch","RobotSpaceExplorer:Counterblock"],"picked":"SKIP","floor":21},{"not_picked":["RobotSpaceExplorer:ImprovisedAttack","RobotSpaceExplorer:SwiftStep"],"picked":"RobotSpaceExplorer:ShockMissile","floor":23},{"not_picked":["RobotSpaceExplorer:GlueShot","RobotSpaceExplorer:FrostMissile+1","RobotSpaceExplorer:Probe"],"picked":"SKIP","floor":24},{"not_picked":["RobotSpaceExplorer:SurgingShield","RobotSpaceExplorer:SwiftStep","RobotSpaceExplorer:DualCore"],"picked":"SKIP","floor":27},{"not_picked":["RobotSpaceExplorer:Probe","RobotSpaceExplorer:MiniDrones+1","RobotSpaceExplorer:SurgingStrike"],"picked":"SKIP","floor":28},{"not_picked":["RobotSpaceExplorer:PowerCollector","RobotSpaceExplorer:ImprovisedAttack","RobotSpaceExplorer:ShockKick+1"],"picked":"Singing Bowl","floor":31},{"not_picked":["RobotSpaceExplorer:BlastShield","RobotSpaceExplorer:Comet","RobotSpaceExplorer:Wormhole"],"picked":"Singing Bowl","floor":33},{"not_picked":["RobotSpaceExplorer:FrostMissile","RobotSpaceExplorer:GlueShot","RobotSpaceExplorer:ScrapShield+1"],"picked":"Singing Bowl","floor":35},{"not_picked":["RobotSpaceExplorer:GlueSpray+1","RobotSpaceExplorer:TurboDodge","RobotSpaceExplorer:ShovelStrike+1"],"picked":"Singing Bowl","floor":36},{"not_picked":["RobotSpaceExplorer:Counterblock","RobotSpaceExplorer:ScrapShield"],"picked":"RobotSpaceExplorer:SwiftStep+1","floor":37},{"not_picked":["RobotSpaceExplorer:GlueSpray+1","RobotSpaceExplorer:LaserBurst+1","RobotSpaceExplorer:ImprovisedAttack"],"picked":"Singing Bowl","floor":40},{"not_picked":["RobotSpaceExplorer:Probe","RobotSpaceExplorer:MiniDrones+1","RobotSpaceExplorer:Counterblock"],"picked":"Singing Bowl","floor":46},{"not_picked":["RobotSpaceExplorer:TrailblazerForm","RobotSpaceExplorer:DualCore+1","RobotSpaceExplorer:SlimeMissile+1"],"picked":"Singing Bowl","floor":47},{"not_picked":["RobotSpaceExplorer:GlueSpray+1","RobotSpaceExplorer:SurgingShield+1","RobotSpaceExplorer:Pulsar+1"],"picked":"Singing Bowl","floor":48},{"not_picked":["RobotSpaceExplorer:BigMissile","RobotSpaceExplorer:Probe+1"],"picked":"RobotSpaceExplorer:StunGrenade+1","floor":49}],"player_experience":783749,"relics_obtained":[{"floor":7,"key":"FossilizedHelix"},{"floor":9,"key":"Anchor"},{"floor":10,"key":"Oddly Smooth Stone"},{"floor":12,"key":"Bag of Marbles"},{"floor":23,"key":"Tiny Chest"},{"floor":26,"key":"Boot"},{"floor":27,"key":"Calipers"},{"floor":40,"key":"War Paint"},{"floor":42,"key":"Bag of Preparation"},{"floor":43,"key":"hubris:GlazedTorus"},{"floor":48,"key":"MawBank"}],"event_choices":[{"damage_healed":0,"gold_gain":0,"player_choice":"Take Damage","damage_taken":18,"relics_obtained":["Golden Idol"],"max_hp_gain":0,"max_hp_loss":0,"event_name":"Golden Idol","floor":4,"gold_loss":0},{"damage_healed":0,"gold_gain":275,"player_choice":"Desecrate","damage_taken":0,"max_hp_gain":0,"max_hp_loss":0,"event_name":"Golden Shrine","floor":8,"gold_loss":0,"cards_obtained":["Regret"]},{"damage_healed":0,"gold_gain":0,"player_choice":"Ignored","damage_taken":0,"max_hp_gain":0,"max_hp_loss":0,"event_name":"betterNote:BetterNote","floor":22,"gold_loss":0,"cards_obtained":["RobotSpaceExplorer:Autoloader"]},{"damage_healed":0,"gold_gain":0,"player_choice":"Obtained Relic","damage_taken":0,"relics_obtained":["Singing Bowl"],"max_hp_gain":0,"max_hp_loss":0,"event_name":"Addict","floor":29,"gold_loss":85},{"damage_healed":0,"gold_gain":0,"player_choice":"Upgrade","damage_taken":0,"relics_obtained":["Mark of the Bloom"],"max_hp_gain":0,"max_hp_loss":0,"event_name":"MindBloom","floor":39,"gold_loss":0,"cards_upgraded":["RobotSpaceExplorer:Defend","RobotSpaceExplorer:Defend","RobotSpaceExplorer:Defend","RobotSpaceExplorer:Defend","RobotSpaceExplorer:Scan","RobotSpaceExplorer:PlasmaMissile","RobotSpaceExplorer:Reload","RobotSpaceExplorer:FranticSearch","RobotSpaceExplorer:LuckyStrike","RobotSpaceExplorer:PlasmaMissile","RobotSpaceExplorer:PlasmaMissile","RobotSpaceExplorer:ShockMissile","RobotSpaceExplorer:ShockMissile","RobotSpaceExplorer:ShockMissile"]},{"damage_healed":0,"gold_gain":0,"player_choice":"Got Potions","damage_taken":0,"max_hp_gain":0,"max_hp_loss":0,"event_name":"Lab","floor":44,"gold_loss":0}],"is_beta":false,"boss_relics":[{"not_picked":["hubris:ScarierMask","Snecko Eye"],"picked":"Runic Pyramid"},{"not_picked":["Sozu","Runic Dome"],"picked":"hubris:Backtick"}],"items_purged_floors":[5,11,13,20,25,30,30,41,41,45],"is_endless":false,"potions_floor_spawned":[2,3,12,18,23,27,28,31,33,35,37,46],"ascension_level":1}}