{"host":"2461dio7vetlq1z3","time":1608336080,"event":{"mods":["2.2 Compatiblity","AchievementEnabler","BaseMod","Better Third Choice","Hermit","Marisa????????","Minty Spire (QoL Compilation)","Relic Stats","Spicy Shops","StSLib","The Animator","Waifu the Spire"],"gold_per_floor":[15,15,33,33,43,43,71,71,71,71,136,168,185,213,213,309,309,324,249,265,21,36,69,69,401,401,501,501,120,133,214,214,363,363,474,543,234,247,247,424,424,455,455,34,48,94,94,94,94,94,94],"floor_reached":50,"playtime":3034,"items_purged":["Strike_MRS","Strike_MRS","Strike_MRS","DoubleSpark","DC+1","AlicesGift"],"score":1178,"play_id":"b6e22582-1110-4f97-be09-ad0f7c59357f","local_time":"20201219010120","is_ascension_mode":true,"campfire_choices":[{"data":"MasterSpark","floor":6,"key":"SMITH"},{"data":"MysteriousBeam","floor":8,"key":"SMITH"},{"data":"Singularity","floor":10,"key":"SMITH"},{"data":"CasketOfStar","floor":15,"key":"SMITH"},{"data":"UpSweep","floor":24,"key":"SMITH"},{"data":"6A","floor":28,"key":"SMITH"},{"data":"JA","floor":32,"key":"SMITH"},{"data":"Robbery","floor":41,"key":"SMITH"},{"floor":47,"key":"RECALL"},{"data":"1","floor":49,"key":"LIFT"}],"circlet_count":0,"master_deck":["AscendersBane","MasterSpark+1","UpSweep+1","Singularity+1","MysteriousBeam+1","GalacticHalo+1","CasketOfStar+1","6A+1","MaximisePower+1","MilkyWay+1","GasGiant+1","MagicChant+1","AsteroidBelt+1","Flash of Steel","Robbery+1","JA+1","SuperNova+1","UltimateShortwave+1","AlicesGift","StarlightTyphoon+1","BinaryStars+1","DragonMeteor+1","PowerUp+1","GalacticHalo+1","GalacticHalo+1","Impatience+1","GasGiant+1","EnergyFlow+1"],"relics":["MiniHakkero","CaptainsWheel","Pocketwatch","Thread and Needle","Toxic Egg 2","Eternal Feather","Omamori","ExperimentalFamiliar","Medical Kit","Nunchaku","Old Coin","White Beast Statue","Membership Card","Kunai","Frozen Egg 2","Pandora\u0027s Box","Unceasing Top","Anchor","Strawberry","Bag of Preparation","Ancient Tea Set","Lee\u0027s Waffle","Girya","Molten Egg 2"],"acts_visited":["Exordium","TheCity","TheBeyond"],"potions_floor_usage":[7,12,25,37,40,50],"damage_taken":[{"damage":7,"enemies":"Jaw Worm","floor":1,"turns":3},{"damage":0,"enemies":"2 Louse","floor":3,"turns":2},{"damage":0,"enemies":"Cultist","floor":5,"turns":3},{"damage":4,"enemies":"Lagavulin","floor":7,"turns":5},{"damage":1,"enemies":"3 Sentries","floor":11,"turns":5},{"damage":6,"enemies":"3 Sentries","floor":12,"turns":5},{"damage":0,"enemies":"Exordium Wildlife","floor":13,"turns":2},{"damage":0,"enemies":"Lagavulin","floor":14,"turns":4},{"damage":1,"enemies":"Slime Boss","floor":16,"turns":7},{"damage":0,"enemies":"Chosen","floor":18,"turns":2},{"damage":0,"enemies":"3 Byrds","floor":20,"turns":4},{"damage":0,"enemies":"Cultist and Chosen","floor":22,"turns":3},{"damage":10,"enemies":"Book of Stabbing","floor":23,"turns":3},{"damage":9,"enemies":"Gremlin Leader","floor":25,"turns":3},{"damage":0,"enemies":"3 Cultists","floor":30,"turns":3},{"damage":11,"enemies":"Book of Stabbing","floor":31,"turns":3},{"damage":0,"enemies":"Automaton","floor":33,"turns":5},{"damage":0,"enemies":"Orb Walker","floor":35,"turns":3},{"damage":30,"enemies":"2 Orb Walkers","floor":36,"turns":3},{"damage":27,"enemies":"3 Darklings","floor":38,"turns":3},{"damage":0,"enemies":"Reptomancer","floor":40,"turns":5},{"damage":0,"enemies":"Nemesis","floor":42,"turns":1},{"damage":9,"enemies":"Writhing Mass","floor":45,"turns":5},{"damage":15,"enemies":"Reptomancer","floor":46,"turns":5},{"damage":102,"enemies":"Time Eater","floor":50,"turns":8}],"seed_played":"341484228109358849","potions_obtained":[{"floor":1,"key":"PowerPotion"},{"floor":11,"key":"Regen Potion"},{"floor":14,"key":"PowerPotion"},{"floor":16,"key":"Ancient Potion"},{"floor":23,"key":"Ancient Potion"},{"floor":25,"key":"EntropicBrew"},{"floor":33,"key":"LiquidBronze"},{"floor":35,"key":"Fruit Juice"},{"floor":40,"key":"Strength Potion"},{"floor":46,"key":"Energy Potion"}],"is_trial":false,"path_per_floor":["M","?","M","?","M","R","E","R","T","R","?","E","M","E","R","B",null,"M","$","M","$","M","E","R","E","T","?","R","$","M","E","R","B",null,"M","?","$","M","?","E","R","E","T","$","M","E","R","?","R","B"],"character_chosen":"MARISA","items_purchased":["Medical Kit","Membership Card","Kunai","Flash of Steel","PowerUp+1","Fruit Juice","GalacticHalo+1","Anchor","Strawberry","Lee\u0027s Waffle","Girya"],"campfire_rested":0,"item_purchase_floors":[21,29,29,29,37,37,37,37,37,44,44],"current_hp_per_floor":[61,61,61,46,46,46,42,42,42,42,41,49,49,49,58,57,71,71,71,71,71,71,61,73,64,64,64,75,75,75,64,75,75,75,75,45,57,30,25,30,45,45,45,99,90,75,90,90,99,0,0],"gold":94,"neow_bonus":"ONE_RARE_RELIC","is_daily":false,"chose_seed":false,"campfire_upgraded":8,"win_rate":0.0,"timestamp":1608336080,"path_taken":["M","?","M","?","M","R","E","R","T","R","?","E","M","E","R","BOSS","M","$","M","$","M","E","R","E","T","?","R","$","?","E","R","BOSS","M","?","$","M","?","E","R","E","T","$","M","E","R","?","R","BOSS"],"items_purchased_type":["Relic","Relic","Relic","Card","Card","Potion","Card","Relic","Relic","Relic","Relic"],"build_version":"2020-12-13","purchased_purges":6,"victory":false,"max_hp_per_floor":[75,75,75,75,75,75,75,75,75,75,75,75,75,75,75,75,75,75,75,75,75,75,75,75,75,75,75,75,75,75,75,75,75,75,75,75,87,87,87,92,92,92,92,99,99,99,99,99,99,99,99],"relic_stats":{"Nunchaku":[16],"Lee\u0027s Waffle":54,"counters":[25,95],"Eternal Feather":82,"Pandora\u0027s Box":["UltimateShortwave","AlicesGift","StarlightTyphoon","OrrerysSun","BinaryStars"],"Bag of Preparation":[8],"Kunai":[39],"Medical Kit":[1],"obtain_stats":[{"Girya":44,"Lee\u0027s Waffle":44,"Thread and Needle":9,"Eternal Feather":12,"Omamori":14,"Bag of Preparation":40,"Frozen Egg 2":31,"Medical Kit":21,"Ancient Tea Set":42,"White Beast Statue":26,"Old Coin":25,"CaptainsWheel":0,"Nunchaku":23,"Anchor":37,"ExperimentalFamiliar":17,"Strawberry":37,"Pandora\u0027s Box":34,"Molten Egg 2":46,"MiniHakkero":0,"Membership Card":29,"Kunai":29,"Toxic Egg 2":11,"Unceasing Top":36,"Pocketwatch":7},{"Girya":22,"Lee\u0027s Waffle":22,"Thread and Needle":4,"Eternal Feather":6,"Omamori":8,"Bag of Preparation":21,"Frozen Egg 2":16,"Medical Kit":11,"Ancient Tea Set":22,"White Beast Statue":14,"Old Coin":14,"CaptainsWheel":0,"Nunchaku":13,"Anchor":19,"ExperimentalFamiliar":9,"Strawberry":19,"Pandora\u0027s Box":17,"Molten Egg 2":24,"MiniHakkero":0,"Membership Card":14,"Kunai":14,"Toxic Egg 2":5,"Unceasing Top":19,"Pocketwatch":4},{"Girya":77,"Lee\u0027s Waffle":77,"Thread and Needle":13,"Eternal Feather":23,"Omamori":29,"Bag of Preparation":76,"Frozen Egg 2":57,"Medical Kit":42,"Ancient Tea Set":77,"White Beast Statue":51,"Old Coin":51,"CaptainsWheel":0,"Nunchaku":48,"Anchor":68,"ExperimentalFamiliar":36,"Strawberry":68,"Pandora\u0027s Box":62,"Molten Egg 2":87,"MiniHakkero":0,"Membership Card":51,"Kunai":51,"Toxic Egg 2":18,"Unceasing Top":68,"Pocketwatch":13}],"Unceasing Top":[1],"Pocketwatch":[54]},"card_choices":[{"not_picked":["PowerUp","GravityBeat"],"picked":"DC","floor":1},{"not_picked":["NonDirectionalLaser","SporeBomb"],"picked":"Singularity","floor":3},{"not_picked":["Acceleration","IllusionStar"],"picked":"DoubleSpark","floor":5},{"not_picked":["MachineGunSpark","BigCrunch"],"picked":"MysteriousBeam","floor":7},{"not_picked":["EarthLightRay+1","FairyDestructionRay"],"picked":"GalacticHalo+1","floor":11},{"not_picked":["ManaConvection+1","DarkSpark"],"picked":"CasketOfStar","floor":12},{"not_picked":["ShootingEcho","UnstableBomb"],"picked":"6A","floor":13},{"not_picked":["MagicAbsorber+1","MysteriousBeam"],"picked":"AlicesGift","floor":14},{"not_picked":["BlazingStar","UltimateShortwave+1"],"picked":"MaximisePower+1","floor":16},{"not_picked":["6A+1","NonDirectionalLaser"],"picked":"MilkyWay+1","floor":18},{"not_picked":["ShootingEcho+1","DC"],"picked":"GasGiant+1","floor":20},{"not_picked":["Occultation+1","SuperPerseids+1","AlicesGift"],"picked":"SKIP","floor":22},{"not_picked":["NonDirectionalLaser+1","6A"],"picked":"MagicChant+1","floor":23},{"not_picked":["MysteriousBeam","GravityBeat"],"picked":"AsteroidBelt+1","floor":25},{"not_picked":["MachineGunSpark","PowerUp+1"],"picked":"Robbery","floor":30},{"not_picked":["DC","StarBarrage+1"],"picked":"JA","floor":31},{"not_picked":["CollectingQuirk","BinaryStars+1"],"picked":"SuperNova+1","floor":33},{"not_picked":["ChargeUpSpray","Acceleration+1"],"picked":"DragonMeteor+1","floor":35},{"not_picked":["Robbery+1","SprinkleStarSeal+1"],"picked":"GalacticHalo+1","floor":38},{"not_picked":["Discovery+1","Panacea+1"],"picked":"Impatience+1","floor":39},{"not_picked":["AsteroidBelt+1","GravityBeat+1","Robbery"],"picked":"SKIP","floor":40},{"not_picked":["WitchLeyline+1","StarlightTyphoon+1"],"picked":"GasGiant+1","floor":42},{"not_picked":["DoubleSpark","EnergyFlow+1","WitchOfGreed+1"],"picked":"SKIP","floor":45},{"not_picked":["OrrerysSun+1","6A+1"],"picked":"EnergyFlow+1","floor":46}],"player_experience":885570,"relics_obtained":[{"floor":7,"key":"Pocketwatch"},{"floor":9,"key":"Thread and Needle"},{"floor":11,"key":"Toxic Egg 2"},{"floor":12,"key":"Eternal Feather"},{"floor":14,"key":"Omamori"},{"floor":23,"key":"Nunchaku"},{"floor":25,"key":"Old Coin"},{"floor":26,"key":"White Beast Statue"},{"floor":31,"key":"Frozen Egg 2"},{"floor":36,"key":"Unceasing Top"},{"floor":40,"key":"Bag of Preparation"},{"floor":42,"key":"Ancient Tea Set"},{"floor":46,"key":"Molten Egg 2"}],"event_choices":[{"damage_healed":0,"gold_gain":0,"player_choice":"Ignored","damage_taken":15,"max_hp_gain":0,"max_hp_loss":0,"event_name":"betterThird:BetterSerpent","floor":2,"gold_loss":0},{"damage_healed":61,"gold_gain":0,"player_choice":"Upgrade","damage_taken":15,"max_hp_gain":0,"max_hp_loss":75,"event_name":"betterThird:BetterShining","floor":4,"gold_loss":0,"cards_upgraded":["Defend_MRS","DC"]},{"damage_healed":0,"gold_gain":0,"player_choice":"Searched \u00271\u0027 times","damage_taken":0,"max_hp_gain":0,"max_hp_loss":0,"event_name":"Dead Adventurer","floor":11,"gold_loss":0},{"damage_healed":0,"gold_gain":100,"player_choice":"Pray","damage_taken":0,"max_hp_gain":0,"max_hp_loss":0,"event_name":"Golden Shrine","floor":27,"gold_loss":0},{"damage_healed":0,"gold_gain":0,"player_choice":"Fight","damage_taken":0,"max_hp_gain":0,"max_hp_loss":0,"event_name":"Mysterious Sphere","floor":36,"gold_loss":0},{"damage_healed":0,"gold_gain":0,"player_choice":"Memory 2","damage_taken":5,"max_hp_gain":0,"max_hp_loss":0,"event_name":"SensoryStone","floor":39,"gold_loss":0},{"cards_removed":["OrrerysSun"],"damage_healed":0,"gold_gain":0,"player_choice":"Removed Power","damage_taken":0,"max_hp_gain":0,"max_hp_loss":0,"event_name":"Falling","floor":48,"gold_loss":0}],"is_beta":false,"boss_relics":[{"not_picked":["Snecko Eye","Astrolabe"],"picked":"ExperimentalFamiliar"},{"not_picked":["Sozu","Runic Pyramid"],"picked":"Pandora\u0027s Box"}],"items_purged_floors":[19,21,29,37,44,44],"is_endless":false,"potions_floor_spawned":[1,11,14,16,23,25,30,31,33,35,36,38,40,42,45,46],"killed_by":"Time Eater","ascension_level":10}}