{"host":"BK","time":1608419261,"event":{"mods":["BaseMod","Highlight Path","Minty Spire (QoL Compilation)","StSLib"],"gold_per_floor":[122,137,163,190,190,190,229,229,229],"floor_reached":8,"playtime":935,"items_purged":[],"score":96,"play_id":"2023d5c4-22fb-4089-813b-8077e619f63e","local_time":"20201219160741","is_ascension_mode":true,"campfire_choices":[{"data":"Choke","floor":6,"key":"SMITH"}],"circlet_count":0,"master_deck":["AscendersBane","Strike_G","Strike_G","Strike_G","Strike_G","Strike_G","Defend_G","Defend_G","Defend_G","Defend_G","Defend_G","Survivor","Neutralize","Blade Dance","Choke+1","Backflip","Terror"],"relics":["Ring of the Snake","CeramicFish","Golden Idol","Odd Mushroom"],"acts_visited":["Exordium"],"potions_floor_usage":[7],"damage_taken":[{"damage":3,"enemies":"Small Slimes","floor":1,"turns":5},{"damage":1,"enemies":"2 Louse","floor":2,"turns":3},{"damage":0,"enemies":"Jaw Worm","floor":3,"turns":4},{"damage":6,"enemies":"2 Fungi Beasts","floor":4,"turns":4},{"damage":11,"enemies":"The Mushroom Lair","floor":7,"turns":3},{"damage":41,"enemies":"3 Sentries","floor":8,"turns":10}],"seed_played":"-2390634549965868176","potions_obtained":[{"floor":4,"key":"Explosive Potion"}],"is_trial":false,"path_per_floor":["M","M","M","M","?","R","?","E"],"character_chosen":"THE_SILENT","items_purchased":[],"campfire_rested":0,"item_purchase_floors":[],"current_hp_per_floor":[56,55,55,49,49,49,38,0,0],"gold":229,"neow_bonus":"RANDOM_COMMON_RELIC","is_daily":false,"chose_seed":false,"campfire_upgraded":1,"win_rate":0.0,"timestamp":1608419261,"path_taken":["M","M","M","M","?","R","?","E"],"items_purchased_type":[],"build_version":"2020-12-18","purchased_purges":0,"victory":false,"max_hp_per_floor":[66,66,66,66,60,60,60,60,60],"card_choices":[{"not_picked":["Dodge and Roll","Cloak And Dagger","Blade Dance"],"picked":"SKIP","floor":1},{"not_picked":["Dodge and Roll","Cloak And Dagger"],"picked":"Blade Dance","floor":1},{"not_picked":["Deflect","Blade Dance","Prepared"],"picked":"SKIP","floor":2},{"not_picked":["Well Laid Plans","Concentrate"],"picked":"Choke","floor":3},{"not_picked":["Dodge and Roll","Bane"],"picked":"Backflip","floor":4},{"not_picked":["Bane","Escape Plan"],"picked":"Terror","floor":7}],"player_experience":2380960,"relics_obtained":[{"floor":7,"key":"Odd Mushroom"}],"event_choices":[{"damage_healed":0,"gold_gain":0,"player_choice":"Lose Max HP","damage_taken":0,"relics_obtained":["Golden Idol"],"max_hp_gain":0,"max_hp_loss":6,"event_name":"Golden Idol","floor":5,"gold_loss":0},{"damage_healed":0,"gold_gain":0,"player_choice":"Fought Mushrooms","damage_taken":0,"max_hp_gain":0,"max_hp_loss":0,"event_name":"Mushrooms","floor":7,"gold_loss":0}],"is_beta":true,"boss_relics":[],"items_purged_floors":[],"is_endless":false,"potions_floor_spawned":[4],"killed_by":"3 Sentries","ascension_level":20}}