{"host":"n4fty02wqqi95laq","time":1608391769,"event":{"mods":["BaseMod","Highlight Path","Minty Spire (QoL Compilation)","Quick Restart","Rare Cards Sparkle","StSLib"],"gold_per_floor":[113,113,126,139,64,64,97,108,155,184,184,210,224,243,243,317,317,327,337,337,148,159,159,159,159,185,60,78,88,107,107,107,186,186,202,214,214,64,64,94,111,145,169,169,169,182,182,198,198,198,198,198,198,23,48,48],"floor_reached":57,"playtime":3237,"items_purged":["Strike_G","Skewer","Blade Dance+1","Poisoned Stab","Deadly Poison"],"score":2768,"play_id":"26206cb0-4c25-4388-891e-e7fac53a9de9","local_time":"20201219232929","is_ascension_mode":true,"campfire_choices":[{"data":"Glass Knife","floor":6.0,"key":"SMITH"},{"data":"Neutralize","floor":11.0,"key":"SMITH"},{"data":"Noxious Fumes","floor":15.0,"key":"SMITH"},{"data":"Tactician","floor":23.0,"key":"SMITH"},{"data":"Well Laid Plans","floor":25.0,"key":"SMITH"},{"floor":32.0,"key":"DIG"},{"floor":45.0,"key":"RECALL"},{"floor":47.0,"key":"DIG"},{"floor":49.0,"key":"REST"},{"floor":53.0,"key":"REST"}],"circlet_count":0,"master_deck":["AscendersBane","Survivor","Neutralize+1","Tactician+1","Well Laid Plans+1","Noxious Fumes+1","Outmaneuver+1","Deflect+1","Venomology+1","Malaise+1","A Thousand Cuts","Calculated Gamble+1","Leg Sweep+1","Well Laid Plans","Grand Finale","Prepared+1","Purity+1","Backflip+1","Reflex+1","PiercingWail+1","Flechettes+1","Madness+1","Madness+1","Acrobatics+1"],"relics":["Ring of the Snake","Toxic Egg 2","Snake Skull","Whetstone","Toy Ornithopter","Pandora\u0027s Box","PreservedInsect","Shovel","Lantern","Fusion Hammer","Pear","Orichalcum","Oddly Smooth Stone","HornCleat"],"acts_visited":["Exordium","TheCity","TheBeyond","TheEnding"],"potions_floor_usage":[56,56,56],"damage_taken":[{"damage":1.0,"enemies":"Cultist","floor":1.0,"turns":4.0},{"damage":0.0,"enemies":"Small Slimes","floor":3.0,"turns":4.0},{"damage":7.0,"enemies":"Jaw Worm","floor":4.0,"turns":5.0},{"damage":20.0,"enemies":"Lagavulin","floor":7.0,"turns":7.0},{"damage":0.0,"enemies":"Exordium Wildlife","floor":8.0,"turns":3.0},{"damage":11.0,"enemies":"3 Sentries","floor":10.0,"turns":8.0},{"damage":26.0,"enemies":"Gremlin Nob","floor":12.0,"turns":4.0},{"damage":9.0,"enemies":"Exordium Thugs","floor":13.0,"turns":5.0},{"damage":0.0,"enemies":"Lots of Slimes","floor":14.0,"turns":5.0},{"damage":4.0,"enemies":"Hexaghost","floor":16.0,"turns":8.0},{"damage":4.0,"enemies":"Spheric Guardian","floor":18.0,"turns":5.0},{"damage":16.0,"enemies":"2 Thieves","floor":19.0,"turns":4.0},{"damage":16.0,"enemies":"Centurion and Healer","floor":22.0,"turns":6.0},{"damage":12.0,"enemies":"Shelled Parasite and Fungi","floor":28.0,"turns":6.0},{"damage":2.0,"enemies":"Snake Plant","floor":29.0,"turns":5.0},{"damage":0.0,"enemies":"3 Cultists","floor":30.0,"turns":4.0},{"damage":0.0,"enemies":"Automaton","floor":33.0,"turns":3.0},{"damage":3.0,"enemies":"Orb Walker","floor":35.0,"turns":4.0},{"damage":0.0,"enemies":"3 Shapes","floor":36.0,"turns":4.0},{"damage":60.0,"enemies":"Nemesis","floor":40.0,"turns":7.0},{"damage":10.0,"enemies":"Transient","floor":41.0,"turns":6.0},{"damage":2.0,"enemies":"Giant Head","floor":42.0,"turns":4.0},{"damage":0.0,"enemies":"Writhing Mass","floor":46.0,"turns":4.0},{"damage":0.0,"enemies":"3 Darklings","floor":48.0,"turns":3.0},{"damage":28.0,"enemies":"Donu and Deca","floor":50.0,"turns":5.0},{"damage":4.0,"enemies":"Awakened One","floor":51.0,"turns":4.0},{"damage":2.0,"enemies":"Shield and Spear","floor":55.0,"turns":3.0},{"damage":38,"enemies":"The Heart","floor":56,"turns":8}],"seed_played":"-8724569306590599979","potions_obtained":[{"floor":1.0,"key":"PowerPotion"},{"floor":3.0,"key":"Block Potion"},{"floor":4.0,"key":"ColorlessPotion"},{"floor":7.0,"key":"FairyPotion"},{"floor":18.0,"key":"GamblersBrew"},{"floor":28.0,"key":"AttackPotion"},{"floor":40.0,"key":"Explosive Potion"},{"floor":44.0,"key":"DistilledChaos"},{"floor":48.0,"key":"Regen Potion"}],"is_trial":false,"path_per_floor":["M","?","M","M","$","R","E","M","T","E","R","E","M","M","R","B",null,"M","M","?","$","M","R","?","R","T","$","M","M","M","T","R","B",null,"M","M","?","$","?","E","M","E","T","?","R","M","R","M","R","B","B",null,"R","$","E","B",null],"character_chosen":"THE_SILENT","items_purchased":["Purity+1"],"campfire_rested":2,"item_purchase_floors":[21],"current_hp_per_floor":[58,58,58,51,51,51,31,31,31,20,20,19,10,10,10,6,51,47,36,36,36,30,30,30,30,30,30,23,26,31,31,31,36,59,61,66,54,54,76,36,31,29,29,29,29,51,51,61,86,58,59,79,86,86,84,70],"gold":48,"neow_bonus":"ONE_RANDOM_RARE_CARD","is_daily":false,"chose_seed":false,"campfire_upgraded":5,"win_rate":0.0,"timestamp":1608391769,"path_taken":["M","?","?","M","$","R","E","M","T","E","R","E","M","M","R","BOSS","M","M","?","$","M","R","?","R","T","?","M","?","?","?","R","BOSS","M","M","?","$","?","E","?","E","T","?","R","M","R","M","R","BOSS","BOSS","R","$","E","BOSS"],"items_purchased_type":["Card"],"build_version":"2020-12-13","purchased_purges":5,"victory":true,"max_hp_per_floor":[66,66,66,66,66,66,66,66,66,66,66,66,66,66,66,66,66,66,66,66,66,66,66,66,66,66,66,66,66,66,66,66,66,66,66,66,66,66,76,86,86,86,86,86,86,86,86,86,86,86,86,86,86,86,86,86],"card_choices":[{"not_picked":["Distraction","Deadly Poison"],"picked":"Tactician","floor":1.0},{"not_picked":["Poisoned Stab","Crippling Poison","Leg Sweep"],"picked":"SKIP","floor":3.0},{"not_picked":["Poisoned Stab","Dagger Spray"],"picked":"Deadly Poison","floor":4.0},{"not_picked":["Flying Knee","Dagger Throw"],"picked":"Noxious Fumes","floor":7.0},{"not_picked":["Infinite Blades","Bane"],"picked":"Outmaneuver+1","floor":8.0},{"not_picked":["Slice","Flying Knee"],"picked":"Deflect+1","floor":10.0},{"not_picked":["Outmaneuver+1","All Out Attack"],"picked":"Blade Dance+1","floor":12.0},{"not_picked":["Underhanded Strike","All Out Attack","Dagger Throw"],"picked":"SKIP","floor":13.0},{"not_picked":["Masterful Stab","Deflect+1","Dodge and Roll+1"],"picked":"SKIP","floor":14.0},{"not_picked":["Wraith Form v2","Unload"],"picked":"Venomology+1","floor":16.0},{"not_picked":["Dodge and Roll+1","Skewer","Infinite Blades"],"picked":"SKIP","floor":18.0},{"not_picked":["Dagger Throw","Quick Slash+1"],"picked":"Prepared+1","floor":19.0},{"not_picked":["Tactician+1","Quick Slash","Well Laid Plans"],"picked":"SKIP","floor":22.0},{"not_picked":["Dodge and Roll+1","Well Laid Plans"],"picked":"Backflip+1","floor":28.0},{"not_picked":["Deadly Poison+1","Poisoned Stab"],"picked":"Reflex+1","floor":29.0},{"not_picked":["Outmaneuver+1","Predator"],"picked":"PiercingWail+1","floor":30.0},{"not_picked":["Choke","Blade Dance+1"],"picked":"Flechettes+1","floor":35.0},{"not_picked":["Bane","Tactician+1","Flying Knee"],"picked":"SKIP","floor":36.0},{"not_picked":["Infinite Blades","Glass Knife"],"picked":"Acrobatics+1","floor":40.0},{"not_picked":["Backflip+1","Prepared+1","Flechettes"],"picked":"SKIP","floor":41.0},{"not_picked":["Distraction+1","Terror+1","Underhanded Strike"],"picked":"SKIP","floor":42.0},{"not_picked":["Blur+1","Setup+1","Prepared+1"],"picked":"SKIP","floor":46.0},{"not_picked":["All Out Attack","PiercingWail+1","Dagger Throw"],"picked":"SKIP","floor":48.0},{"not_picked":["Blur+1","Tactician+1","Acrobatics+1"],"picked":"SKIP","floor":55.0},{"not_picked":["Blur+1","Tactician+1","Acrobatics+1"],"picked":"SKIP","floor":55.0}],"player_experience":622667,"relics_obtained":[{"floor":7.0,"key":"Toxic Egg 2"},{"floor":9.0,"key":"Snake Skull"},{"floor":10.0,"key":"Whetstone"},{"floor":12.0,"key":"Toy Ornithopter"},{"floor":26.0,"key":"PreservedInsect"},{"floor":31.0,"key":"Shovel"},{"floor":32.0,"key":"Lantern"},{"floor":40.0,"key":"Pear"},{"floor":42.0,"key":"Orichalcum"},{"floor":47.0,"key":"Oddly Smooth Stone"},{"floor":55.0,"key":"HornCleat"}],"event_choices":[{"damage_healed":0.0,"max_hp_gain":0.0,"max_hp_loss":0.0,"gold_gain":0.0,"cards_transformed":["Strike_G"],"event_name":"Transmorgrifier","player_choice":"Transformed","floor":2.0,"gold_loss":0.0,"damage_taken":0.0,"cards_obtained":["Well Laid Plans"]},{"damage_healed":0.0,"max_hp_gain":0.0,"max_hp_loss":0.0,"gold_gain":0.0,"event_name":"Vampires","player_choice":"Ignored","floor":20.0,"gold_loss":0.0,"damage_taken":0.0},{"damage_healed":0.0,"max_hp_gain":0.0,"max_hp_loss":0.0,"gold_gain":0.0,"event_name":"Cursed Tome","player_choice":"Ignored","floor":24.0,"gold_loss":0.0,"damage_taken":0.0},{"damage_healed":0.0,"max_hp_gain":0.0,"max_hp_loss":0.0,"gold_gain":0.0,"event_name":"Winding Halls","player_choice":"Embrace Madness","floor":37.0,"gold_loss":0.0,"damage_taken":12.0,"cards_obtained":["Madness","Madness"]},{"cards_removed":["Glass Knife"],"damage_healed":12.0,"max_hp_gain":10.0,"max_hp_loss":0.0,"gold_gain":0.0,"event_name":"Bonfire Elementals","player_choice":"Offered Rare","floor":39.0,"gold_loss":0.0,"damage_taken":0.0},{"damage_healed":0.0,"max_hp_gain":0.0,"max_hp_loss":0.0,"gold_gain":0.0,"event_name":"Lab","player_choice":"Got Potions","floor":44.0,"gold_loss":0.0,"damage_taken":0.0}],"is_beta":false,"boss_relics":[{"not_picked":["Coffee Dripper","Busted Crown"],"picked":"Pandora\u0027s Box"},{"not_picked":["Ring of the Serpent","Runic Dome"],"picked":"Fusion Hammer"}],"items_purged_floors":[5,21,27,38,54],"is_endless":false,"potions_floor_spawned":[1,3,4,7,18,19,28,40,48],"ascension_level":20}}