{"host":"a5e2zwd8c2ad7the","time":1608387995,"event":{"mods":["Act Like it!","BaseMod","Colored Map","Hallownest","Minty Spire (QoL Compilation)","Quick Restart","Replay The Spire","StSLib","The Bug Knight","The Jungle"],"gold_per_floor":[110,307,382,382,382,382,407,446,526,541,560,594,594,608,608,734,734,747,770,785,785,102,102,143,163,163,163,163,163,13,29,29,43,43,168,168,189,189,189,189,212,212,212],"floor_reached":42,"playtime":1990,"items_purged":[],"score":451,"play_id":"e8a8a577-458b-4ad6-8592-8aa485cf6a0e","local_time":"20201219222635","is_ascension_mode":false,"campfire_choices":[{"data":"Draining Mist","floor":6,"key":"SMITH"},{"data":"ReplayTheSpireMod:Shiv Toss","floor":13,"key":"SMITH"},{"floor":15,"key":"REST"},{"floor":23,"key":"REST"},{"floor":29,"key":"REST"},{"floor":32,"key":"RECALL"},{"floor":34,"key":"REST"}],"circlet_count":0,"master_deck":["Strike_G","Strike_G","Strike_G","Strike_G","Strike_G","Defend_G","Defend_G","Survivor","Draining Mist+1","Underhanded Strike","ReplayTheSpireMod:Shiv Toss+1","Cloak And Dagger","Crippling Poison","PiercingWail","Blade Dance","Blade Dance","Poison Darts","Accuracy","Accuracy","Blade Dance","Noxious Fumes","Noxious Fumes","Deadly Poison","After Image","Finisher","Atom Bomb","Storm of Steel","Amnesia","Draining Mist+1"],"relics":["Ring of the Snake","NeowsBlessing","Golden Idol","StrikeDummy","HornCleat","Art of War","Replay:Bronze Core","Snake Skull","Replay:Rubber Ducky","DollysMirror","Vajra","Replay:Drink Me","Ring of Fangs","Ring of Fury"],"acts_visited":["Exordium","TheCity","TheBeyond"],"potions_floor_usage":[16,16,20,24,24,35,35,37],"damage_taken":[{"damage":0,"enemies":"2 Louse","floor":1,"turns":1},{"damage":0,"enemies":"Jaw Worm","floor":7,"turns":1},{"damage":0,"enemies":"Lagavulin","floor":8,"turns":1},{"damage":0,"enemies":"Small Slimes","floor":10,"turns":3},{"damage":3,"enemies":"2 Fungi Beasts","floor":11,"turns":3},{"damage":15,"enemies":"3 Sentries","floor":12,"turns":11},{"damage":11,"enemies":"3 Louse","floor":14,"turns":3},{"damage":43,"enemies":"Fading Forest","floor":16,"turns":11},{"damage":15,"enemies":"3 Byrds","floor":18,"turns":6},{"damage":26,"enemies":"Spheric Guardian","floor":19,"turns":6},{"damage":23,"enemies":"Shelled Parasite and Fungi","floor":20,"turns":5},{"damage":13,"enemies":"Gremlin Leader","floor":24,"turns":6},{"damage":0,"enemies":"Sentry and Sphere","floor":25,"turns":5},{"damage":6,"enemies":"Chosen and Byrds","floor":31,"turns":4},{"damage":0,"enemies":"Snake Plant","floor":33,"turns":6},{"damage":33,"enemies":"Automaton","floor":35,"turns":8},{"damage":6,"enemies":"Orb Walker","floor":37,"turns":5},{"damage":3,"enemies":"3 Darklings","floor":41,"turns":4},{"damage":71,"enemies":"Nemesis","floor":42,"turns":6}],"seed_played":"-1705013248286279498","potions_obtained":[{"floor":7,"key":"SteroidPotion"},{"floor":10,"key":"Block Potion"},{"floor":14,"key":"Toxic Potion"},{"floor":19,"key":"Swift Potion"},{"floor":20,"key":"PowerPotion"},{"floor":25,"key":"Strength Potion"},{"floor":35,"key":"Block Potion"},{"floor":37,"key":"FearPotion"},{"floor":41,"key":"CunningPotion"}],"is_trial":false,"path_per_floor":["M","?","?","?","?","R","M","E","T","M","M","E","R","M","R","B",null,"M","M","M","?","$","R","E","M","T","PTL","PTL","R","$","M","R","M","R","B",null,"M","?","?","?","M","E"],"character_chosen":"THE_SILENT","items_purchased":["Noxious Fumes","Snake Skull","Replay:Rubber Ducky","GhostInAJar","Block Potion","DollysMirror","After Image"],"campfire_rested":4,"item_purchase_floors":[22,22,22,22,22,22,30],"current_hp_per_floor":[70,53,42,42,42,42,42,42,42,42,39,24,24,13,32,7,65,50,24,1,1,1,20,7,7,7,7,7,26,26,20,20,20,39,6,49,43,43,43,43,40,0,0],"gold":212,"neow_bonus":"THREE_ENEMY_KILL","is_daily":false,"chose_seed":false,"campfire_upgraded":2,"win_rate":0.0,"timestamp":1608387995,"path_taken":["M","?","?","?","?","R","M","E","T","M","M","E","R","M","R","BOSS","M","M","M","?","$","R","E","M","T","PTL","PTL","R","$","M","R","M","R","BOSS","M","?","?","?","?","E"],"items_purchased_type":["Card","Relic","Relic","Potion","Potion","Relic","Card"],"build_version":"2020-12-13","purchased_purges":0,"victory":false,"max_hp_per_floor":[70,70,70,65,65,65,65,65,65,65,65,65,65,65,65,65,65,65,65,65,65,65,65,65,65,65,65,65,65,65,65,65,65,65,65,49,49,49,49,49,49,49,49],"card_choices":[{"not_picked":["PiercingWail","Sneak Up"],"picked":"Draining Mist","floor":1},{"not_picked":["Well Laid Plans","Draining Mist"],"picked":"Underhanded Strike","floor":2},{"not_picked":["Bane","Cloak And Dagger"],"picked":"ReplayTheSpireMod:Shiv Toss","floor":7},{"not_picked":["All Out Attack","Dagger Throw"],"picked":"Cloak And Dagger","floor":8},{"not_picked":["Deflect","Acrobatics"],"picked":"Crippling Poison","floor":10},{"not_picked":["Quick Slash","Dagger Throw"],"picked":"PiercingWail","floor":11},{"not_picked":["Poisoned Stab","Deflect"],"picked":"Blade Dance","floor":12},{"not_picked":["Toxin Wave","Dagger Spray"],"picked":"Blade Dance","floor":14},{"not_picked":["After Image","Malaise"],"picked":"Poison Darts","floor":16},{"not_picked":["Cloak And Dagger+1","Deadly Poison"],"picked":"Accuracy","floor":18},{"not_picked":["Hidden Blade","Cloak And Dagger"],"picked":"Accuracy","floor":19},{"not_picked":["Bane+1","Dodge and Roll"],"picked":"Blade Dance","floor":20},{"not_picked":["Deflect+1","Masterful Stab+1","Flying Knee"],"picked":"SKIP","floor":24},{"not_picked":["Underhanded Strike+1","Backflip"],"picked":"Deadly Poison","floor":25},{"not_picked":["Deadly Poison","Dodge and Roll"],"picked":"Finisher","floor":31},{"not_picked":["Expertise+1","ReplayTheSpireMod:Shiv Toss+1"],"picked":"Atom Bomb","floor":33},{"not_picked":["ReplayTheSpireMod:Necrosis","Grand Finale"],"picked":"Storm of Steel","floor":35},{"not_picked":["Dagger Throw+1","Riddle With Holes+1","Slice"],"picked":"SKIP","floor":37},{"not_picked":["Bane","Prepared+1","Deadly Poison"],"picked":"SKIP","floor":41}],"player_experience":23019,"relics_obtained":[{"floor":8,"key":"StrikeDummy"},{"floor":9,"key":"HornCleat"},{"floor":12,"key":"Art of War"},{"floor":24,"key":"Vajra"},{"floor":39,"key":"Ring of Fangs"},{"floor":39,"key":"Ring of Fury"}],"event_choices":[{"damage_healed":0,"gold_gain":75,"player_choice":"Gather Gold","damage_taken":11,"max_hp_gain":0,"max_hp_loss":0,"event_name":"World of Goop","floor":3,"gold_loss":0},{"damage_healed":0,"gold_gain":0,"player_choice":"Lose Max HP","damage_taken":0,"relics_obtained":["Golden Idol"],"max_hp_gain":0,"max_hp_loss":5,"event_name":"Golden Idol","floor":4,"gold_loss":0},{"damage_healed":0,"gold_gain":0,"player_choice":"Ignored","damage_taken":0,"max_hp_gain":0,"max_hp_loss":0,"event_name":"Liars Game","floor":5,"gold_loss":0},{"damage_healed":0,"gold_gain":0,"player_choice":"Ignored","damage_taken":0,"max_hp_gain":0,"max_hp_loss":0,"event_name":"Beggar","floor":21,"gold_loss":0},{"cards_removed":["Neutralize"],"damage_healed":0,"gold_gain":0,"player_choice":"Removed Attack","damage_taken":0,"max_hp_gain":0,"max_hp_loss":0,"event_name":"Falling","floor":38,"gold_loss":0},{"damage_healed":0,"gold_gain":0,"player_choice":"Copied","damage_taken":0,"max_hp_gain":0,"max_hp_loss":0,"event_name":"Duplicator","floor":40,"gold_loss":0,"cards_obtained":["Draining Mist"]}],"is_beta":false,"boss_relics":[{"not_picked":["Cursed Key","Runic Dome"],"picked":"Replay:Bronze Core"},{"not_picked":["Velvet Choker","Honey Jar"],"picked":"Replay:Drink Me"}],"items_purged_floors":[],"is_endless":false,"potions_floor_spawned":[7,10,14,19,20,25,35,37,41],"killed_by":"Nemesis","ascension_level":0}}