{"host":"2hea6pl5vmah38iy","time":1608364475,"event":{"mods":["AchievementEnabler","BaseMod","Colored Map","DeckTracker","Keyboard Shortcuts","Minty Spire (QoL Compilation)","Rare Cards Sparkle","StSLib","SuperFastMode","everything is the same but u backflip on backflip"],"gold_per_floor":[116,136,211,222,234,234,268,268,320,320,27,27,27,40,40,114,114,128,140,191,209,241,241,241],"floor_reached":23,"playtime":1004,"items_purged":["Strike_R"],"score":325,"play_id":"7ce5809a-2a20-442e-941c-7f2123bdf811","local_time":"20201219165435","is_ascension_mode":true,"campfire_choices":[{"data":"Searing Blow","floor":6.0,"key":"SMITH"},{"data":"Searing Blow+1","floor":8.0,"key":"SMITH"},{"floor":10.0,"key":"REST"},{"data":"Searing Blow+2","floor":15.0,"key":"SMITH"}],"circlet_count":0,"master_deck":["AscendersBane","Strike_R","Strike_R","Strike_R","Defend_R","Defend_R","Defend_R","Bash","Searing Blow+3","Burning Pact","Headbutt","Shrug It Off","Armaments","Double Tap","Ghostly Armor","Seeing Red","Disarm"],"relics":["Burning Blood","Happy Flower","Bag of Marbles","Strawberry","Runic Dome","Red Mask"],"acts_visited":["Exordium","TheCity"],"potions_floor_usage":[16,21,22,22],"damage_taken":[{"damage":7.0,"enemies":"Jaw Worm","floor":1.0,"turns":3.0},{"damage":3.0,"enemies":"2 Louse","floor":2.0,"turns":3.0},{"damage":6.0,"enemies":"Cultist","floor":4.0,"turns":3.0},{"damage":24.0,"enemies":"Blue Slaver","floor":5.0,"turns":4.0},{"damage":35.0,"enemies":"3 Sentries","floor":7.0,"turns":12.0},{"damage":1.0,"enemies":"2 Fungi Beasts","floor":14.0,"turns":3.0},{"damage":31,"enemies":"The Guardian","floor":16,"turns":7},{"damage":0,"enemies":"Shell Parasite","floor":18,"turns":2},{"damage":20,"enemies":"Spheric Guardian","floor":19,"turns":4},{"damage":14,"enemies":"Snake Plant","floor":21,"turns":2},{"damage":20,"enemies":"Masked Bandits","floor":22,"turns":5},{"damage":30,"enemies":"Gremlin Leader","floor":23,"turns":4}],"seed_played":"-7252554575380278145","potions_obtained":[{"floor":1.0,"key":"SkillPotion"},{"floor":5.0,"key":"Strength Potion"},{"floor":7.0,"key":"HeartOfIron"},{"floor":13.0,"key":"BlessingOfTheForge"},{"floor":18,"key":"ColorlessPotion"},{"floor":21,"key":"SkillPotion"},{"floor":22,"key":"Ancient Potion"}],"is_trial":false,"path_per_floor":["M","M","?","M","M","R","E","R","T","R","$","?","?","M","R","B",null,"M","M","T","M","?","E"],"character_chosen":"IRONCLAD","items_purchased":["Shrug It Off","Armaments","Bag of Marbles"],"campfire_rested":1,"item_purchase_floors":[11,11,11],"current_hp_per_floor":[67,68,57,57,39,39,10,10,10,30,30,30,30,35,35,10,59,65,51,51,43,29,0,0],"gold":241,"neow_bonus":"REMOVE_TWO","is_daily":false,"chose_seed":false,"campfire_upgraded":3,"win_rate":0.0,"timestamp":1608364475,"path_taken":["M","M","?","M","M","R","E","R","T","R","$","?","?","M","R","BOSS","M","M","?","M","?","E"],"items_purchased_type":["Card","Card","Relic"],"build_version":"2020-12-13","purchased_purges":1,"victory":false,"max_hp_per_floor":[68,68,68,68,68,68,68,68,68,68,68,75,75,75,75,75,75,75,75,75,75,75,75,75],"card_choices":[{"not_picked":["Intimidate","Spot Weakness"],"picked":"Searing Blow","floor":1.0},{"not_picked":["Wild Strike","Fire Breathing"],"picked":"Burning Pact","floor":2.0},{"not_picked":["Blood for Blood","Fire Breathing","Bloodletting"],"picked":"SKIP","floor":4.0},{"not_picked":["Burning Pact","Clothesline","Spot Weakness"],"picked":"SKIP","floor":5.0},{"not_picked":["Intimidate","Dark Embrace"],"picked":"Headbutt","floor":7.0},{"not_picked":["Carnage","Hemokinesis","Clash"],"picked":"SKIP","floor":14.0},{"not_picked":["Limit Break","Bludgeon"],"picked":"Double Tap","floor":16},{"not_picked":["Flame Barrier","Body Slam"],"picked":"Ghostly Armor","floor":18},{"not_picked":["Sword Boomerang","Body Slam","Infernal Blade"],"picked":"SKIP","floor":19},{"not_picked":["Headbutt","Sword Boomerang"],"picked":"Seeing Red","floor":21},{"not_picked":["Thunderclap","Anger"],"picked":"Disarm","floor":22}],"player_experience":426351,"relics_obtained":[{"floor":9.0,"key":"Happy Flower"},{"floor":22,"key":"Red Mask"}],"event_choices":[{"damage_healed":0.0,"max_hp_gain":0.0,"max_hp_loss":0.0,"gold_gain":75.0,"event_name":"World of Goop","player_choice":"Gather Gold","floor":3.0,"gold_loss":0.0,"damage_taken":11.0},{"damage_healed":0.0,"max_hp_gain":0.0,"max_hp_loss":0.0,"gold_gain":0.0,"event_name":"Scrap Ooze","player_choice":"Success","floor":12.0,"gold_loss":0.0,"damage_taken":7.0,"relics_obtained":["Strawberry"]},{"damage_healed":0.0,"max_hp_gain":0.0,"max_hp_loss":0.0,"gold_gain":0.0,"event_name":"Lab","player_choice":"Got Potions","floor":13.0,"gold_loss":0.0,"damage_taken":0.0},{"damage_healed":0,"gold_gain":0,"player_choice":"Fought Bandits","damage_taken":0,"max_hp_gain":0,"max_hp_loss":0,"event_name":"Masked Bandits","floor":22,"gold_loss":0}],"is_beta":false,"boss_relics":[{"not_picked":["Busted Crown","Cursed Key"],"picked":"Runic Dome"}],"items_purged_floors":[11],"is_endless":false,"potions_floor_spawned":[1,5,7,18,21,22],"killed_by":"Gremlin Leader","ascension_level":14}}