{"host":"bux1pdxjwq4dkad9","time":1608349943,"event":{"mods":["ATMod(阿瑾Mod)","BaseMod","Colored Map","Minty Spire (QoL Compilation)","Quick Restart","Robot Space Explorer","StSLib","SuperFastMode","【功能Mod】精心准备","【遗物Mod】简单游戏"],"gold_per_floor":[109,109,124,140,140,140,475,486,486,486,486,520,89,103,103,177,177,193,193,204,204,204,204,238,238,238,238,269,269,286,286,286,364,364,374,374,429,64,64,64,94,94,94,94,154,22,77,114,114,164,164,164,81,163,188],"floor_reached":56,"playtime":1056,"items_purged":["RobotSpaceExplorer:Strike","RobotSpaceExplorer:Defend+1"],"score":3108,"play_id":"b8558041-e870-4a2c-9b70-ef1706150a0c","local_time":"20201219115223","is_ascension_mode":true,"campfire_choices":[{"data":"RobotSpaceExplorer:PowerGlove","floor":6,"key":"SMITH"},{"data":"RobotSpaceExplorer:MakeshiftVolley","floor":11,"key":"SMITH"},{"data":"RobotSpaceExplorer:SelfCleaning","floor":15,"key":"SMITH"},{"data":"RobotSpaceExplorer:MiniLasers","floor":23,"key":"SMITH"},{"floor":25,"key":"RECALL"},{"data":"RobotSpaceExplorer:Scan","floor":27,"key":"SMITH"},{"data":"RobotSpaceExplorer:Defend","floor":29,"key":"SMITH"},{"data":"RobotSpaceExplorer:PowerCollector","floor":32,"key":"SMITH"},{"data":"RobotSpaceExplorer:Defend","floor":40,"key":"SMITH"}],"circlet_count":0,"master_deck":["AscendersBane","RobotSpaceExplorer:Defend+1","RobotSpaceExplorer:Defend+1","RobotSpaceExplorer:Defend+1","RobotSpaceExplorer:Scan+1","RobotSpaceExplorer:MiniLasers+1","RobotSpaceExplorer:MakeshiftVolley+1","RobotSpaceExplorer:PowerGlove+1","RobotSpaceExplorer:SelfCleaning+1","RobotSpaceExplorer:PowerCollector+1","RobotSpaceExplorer:MiniBoosters+1","RobotSpaceExplorer:ShockMissile"],"relics":["AT_ATBox","ImprovedEquipment","AT_SunfireAegis","AT_ArchangelStaff","War Paint","Old Coin","StrikeDummy","Strawberry","AT_RedNoBalance","Coffee Dripper","Enchiridion","Shuriken","Eternal Feather","Tiny Chest","Black Star","Ginger","Membership Card","AT_Manta","AT_MibuBalloonWealth","Meat on the Bone","Darkstone Periapt","AT_BellowingDragoncrestRing","Frozen Egg 2","Mummified Hand","Dead Branch","RobotSpaceExplorer:FoglandsKnife","Happy Flower","Du-Vu Doll","Gambling Chip"],"acts_visited":["Exordium","TheCity","TheBeyond","TheEnding"],"potions_floor_usage":[55],"damage_taken":[{"damage":0,"enemies":"2 Louse","floor":1,"turns":5},{"damage":0,"enemies":"Small Slimes","floor":3,"turns":1},{"damage":0,"enemies":"Jaw Worm","floor":4,"turns":1},{"damage":0,"enemies":"Lagavulin","floor":7,"turns":4},{"damage":0,"enemies":"2 Fungi Beasts","floor":8,"turns":1},{"damage":0,"enemies":"Gremlin Nob","floor":12,"turns":1},{"damage":0,"enemies":"Exordium Wildlife","floor":14,"turns":2},{"damage":0,"enemies":"Hexaghost","floor":16,"turns":3},{"damage":0,"enemies":"Spheric Guardian","floor":18,"turns":2},{"damage":0,"enemies":"Chosen","floor":20,"turns":2},{"damage":0,"enemies":"Slavers","floor":24,"turns":2},{"damage":0,"enemies":"Book of Stabbing","floor":28,"turns":2},{"damage":0,"enemies":"Snecko","floor":30,"turns":2},{"damage":0,"enemies":"Collector","floor":33,"turns":3},{"damage":1,"enemies":"3 Shapes","floor":35,"turns":2},{"damage":0,"enemies":"2 Orb Walkers","floor":37,"turns":2},{"damage":0,"enemies":"Reptomancer","floor":41,"turns":1},{"damage":0,"enemies":"Nemesis","floor":45,"turns":1},{"damage":0,"enemies":"Giant Head","floor":47,"turns":1},{"damage":0,"enemies":"Orb Walker","floor":48,"turns":1},{"damage":0,"enemies":"Donu and Deca","floor":50,"turns":1},{"damage":0,"enemies":"Shield and Spear","floor":54,"turns":1},{"damage":0,"enemies":"The Heart","floor":55,"turns":5}],"seed_played":"7403165707069881578","potions_obtained":[{"floor":1,"key":"LiquidMemories"},{"floor":3,"key":"Ancient Potion"}],"is_trial":false,"path_per_floor":["M","?","M","M","?","R","E","M","T","?","R","E","$","M","R","B",null,"M","?","M","?","?","R","E","R","T","R","E","R","M","?","R","B",null,"M","?","?","$","T","R","E","R","T","R","E","$","E","M","R","B",null,"R","$","E","B",null],"character_chosen":"RobotSpaceExplorer","items_purchased":["AT_SilverBalance","RobotSpaceExplorer:Wormhole","Membership Card","AT_Manta","Mummified Hand","Happy Flower"],"campfire_rested":0,"item_purchase_floors":[13,13,38,38,46,53],"current_hp_per_floor":[64,57,57,57,22,22,22,22,22,27,27,34,34,41,41,41,73,41,20,41,41,17,17,44,44,44,50,44,50,44,44,50,50,79,78,78,78,78,78,84,84,84,84,84,84,84,84,84,84,84,84,84,84,84,84],"gold":188,"neow_bonus":"RANDOM_COMMON_RELIC","is_daily":false,"chose_seed":false,"campfire_upgraded":8,"win_rate":0.0,"timestamp":1608349943,"path_taken":["M","?","M","M","?","R","E","M","T","?","R","E","$","M","R","BOSS","M","?","M","?","?","R","E","R","T","R","E","R","M","?","R","BOSS","M","?","?","$","?","R","E","R","T","R","E","$","E","M","R","BOSS","R","$","E","BOSS"],"items_purchased_type":["Relic","Card","Relic","Relic","Relic","Relic"],"build_version":"2020-12-13","purchased_purges":2,"victory":true,"max_hp_per_floor":[71,71,71,71,71,71,71,71,71,76,76,83,83,83,83,83,83,83,83,83,83,88,88,88,88,88,88,88,88,88,88,88,88,88,88,84,84,84,84,84,84,84,84,84,84,84,84,84,84,84,84,84,84,84,84],"card_choices":[{"not_picked":["RobotSpaceExplorer:Pulsar","RobotSpaceExplorer:ScrapMissile"],"picked":"RobotSpaceExplorer:MakeshiftVolley","floor":1},{"not_picked":["RobotSpaceExplorer:Reload","RobotSpaceExplorer:Pulsar","RobotSpaceExplorer:MiniDrones"],"picked":"SKIP","floor":3},{"not_picked":["RobotSpaceExplorer:MiniDrones","RobotSpaceExplorer:StunGrenade"],"picked":"RobotSpaceExplorer:PowerGlove","floor":4},{"not_picked":["RobotSpaceExplorer:HighVoltage","RobotSpaceExplorer:ImprovisedAttack","RobotSpaceExplorer:LaserBurst"],"picked":"SKIP","floor":7},{"not_picked":["RobotSpaceExplorer:LaserBurst","RobotSpaceExplorer:DualCore","RobotSpaceExplorer:Pulsar"],"picked":"SKIP","floor":8},{"not_picked":["RobotSpaceExplorer:ScrapMissile","RobotSpaceExplorer:Comet"],"picked":"RobotSpaceExplorer:SelfCleaning","floor":12},{"not_picked":["RobotSpaceExplorer:Probe","RobotSpaceExplorer:SelfCleaning","RobotSpaceExplorer:ImprovisedAttack"],"picked":"SKIP","floor":14},{"not_picked":["RobotSpaceExplorer:ScrapMissile","RobotSpaceExplorer:DoubleFind","RobotSpaceExplorer:FrostMissile"],"picked":"SKIP","floor":18},{"not_picked":["RobotSpaceExplorer:FranticSearch","RobotSpaceExplorer:Electroshield","RobotSpaceExplorer:LaserBurst"],"picked":"SKIP","floor":20},{"not_picked":["RobotSpaceExplorer:FranticSearch","RobotSpaceExplorer:DoubleBlock","RobotSpaceExplorer:Jetpack"],"picked":"SKIP","floor":24},{"not_picked":["RobotSpaceExplorer:StarLightning","RobotSpaceExplorer:DualCore","RobotSpaceExplorer:FrostMissile+1"],"picked":"SKIP","floor":28},{"not_picked":["RobotSpaceExplorer:Pulsar","RobotSpaceExplorer:StunGrenade","RobotSpaceExplorer:GlueSpray"],"picked":"SKIP","floor":30},{"not_picked":["RobotSpaceExplorer:SurgingShield","RobotSpaceExplorer:ScrapMissile","RobotSpaceExplorer:FrostMissile"],"picked":"SKIP","floor":35},{"not_picked":["RobotSpaceExplorer:MiniDrones","RobotSpaceExplorer:SurgingStrike"],"picked":"RobotSpaceExplorer:MiniBoosters+1","floor":37},{"not_picked":["RobotSpaceExplorer:FranticSearch","RobotSpaceExplorer:TurboDodge+1","RobotSpaceExplorer:Discharger"],"picked":"SKIP","floor":41},{"not_picked":["RobotSpaceExplorer:SurgingStrike+1","RobotSpaceExplorer:MiniDrones+1","RobotSpaceExplorer:GlueShot"],"picked":"SKIP","floor":45},{"not_picked":["RobotSpaceExplorer:BlastShield","RobotSpaceExplorer:TurboDodge","RobotSpaceExplorer:Probe"],"picked":"SKIP","floor":47},{"not_picked":["RobotSpaceExplorer:RigExplosive","RobotSpaceExplorer:ShovelStrike","RobotSpaceExplorer:FreezingShield"],"picked":"SKIP","floor":48},{"not_picked":["RobotSpaceExplorer:FrostMissile+1","RobotSpaceExplorer:ShockKick+1"],"picked":"RobotSpaceExplorer:ShockMissile","floor":54}],"player_experience":2339644,"relics_obtained":[{"floor":7,"key":"Old Coin"},{"floor":9,"key":"StrikeDummy"},{"floor":12,"key":"Strawberry"},{"floor":19,"key":"Enchiridion"},{"floor":24,"key":"Shuriken"},{"floor":26,"key":"Eternal Feather"},{"floor":28,"key":"Tiny Chest"},{"floor":37,"key":"Ginger"},{"floor":41,"key":"AT_MibuBalloonWealth"},{"floor":41,"key":"Meat on the Bone"},{"floor":43,"key":"Darkstone Periapt"},{"floor":45,"key":"AT_BellowingDragoncrestRing"},{"floor":45,"key":"Frozen Egg 2"},{"floor":47,"key":"Dead Branch"},{"floor":47,"key":"RobotSpaceExplorer:FoglandsKnife"},{"floor":54,"key":"Du-Vu Doll"},{"floor":54,"key":"Gambling Chip"}],"event_choices":[{"cards_removed":["RobotSpaceExplorer:Strike"],"damage_healed":0,"gold_gain":0,"player_choice":"Card Removal","damage_taken":7,"max_hp_gain":0,"max_hp_loss":0,"event_name":"Golden Wing","floor":2,"gold_loss":0},{"damage_healed":0,"gold_gain":0,"player_choice":"Success","damage_taken":35,"relics_obtained":["War Paint"],"max_hp_gain":0,"max_hp_loss":0,"event_name":"Scrap Ooze","floor":5,"gold_loss":0},{"damage_healed":0,"gold_gain":0,"player_choice":"Donut","damage_taken":0,"max_hp_gain":5,"max_hp_loss":0,"event_name":"Big Fish","floor":10,"gold_loss":0},{"damage_healed":0,"gold_gain":0,"player_choice":"Obtained Book","damage_taken":21,"max_hp_gain":0,"max_hp_loss":0,"event_name":"Cursed Tome","floor":19,"gold_loss":0},{"cards_removed":["RobotSpaceExplorer:Strike"],"damage_healed":0,"gold_gain":0,"player_choice":"Elegance","damage_taken":0,"max_hp_gain":0,"max_hp_loss":0,"event_name":"Back to Basics","floor":21,"gold_loss":0},{"damage_healed":0,"gold_gain":0,"player_choice":"Shed Blood","damage_taken":29,"max_hp_gain":5,"max_hp_loss":0,"event_name":"Forgotten Altar","floor":22,"gold_loss":0},{"damage_healed":0,"gold_gain":0,"player_choice":"Read","damage_taken":0,"max_hp_gain":0,"max_hp_loss":0,"event_name":"The Library","floor":31,"gold_loss":0,"cards_obtained":["RobotSpaceExplorer:PowerCollector"]},{"damage_healed":0,"gold_gain":0,"player_choice":"Max HP","damage_taken":0,"max_hp_gain":0,"max_hp_loss":4,"event_name":"Winding Halls","floor":36,"gold_loss":0},{"damage_healed":0,"gold_gain":0,"player_choice":"Fight","damage_taken":0,"max_hp_gain":0,"max_hp_loss":0,"event_name":"Mysterious Sphere","floor":37,"gold_loss":0}],"is_beta":false,"boss_relics":[{"not_picked":["RobotSpaceExplorer:Reprocessor","SlaversCollar"],"picked":"Coffee Dripper"},{"not_picked":["Runic Dome","Sozu"],"picked":"Black Star"}],"items_purged_floors":[13,38],"is_endless":false,"potions_floor_spawned":[1,3,14,18,20,33,35,37,47],"ascension_level":19}}