{"host":"adt9pv9dmmkchns7","time":1608378362,"event":{"mods":["AchievementEnabler","BaseMod","Beaked The Cultist","Better Third Choice","Downfall","Energized Spire","Infinite Spire","Minty Spire (QoL Compilation)","Potionbrewer","Replay The Spire","Robot Space Explorer","Shade Mod","Spicy Shops","StSLib","The Blackbeard","The Construct","The Cursed","The Forsaken","The Gatherer","The Necromancer","Wandering Minibosses"],"gold_per_floor":[109,119,192,210,310,345,356,388,388,388,388,388,388],"floor_reached":11,"playtime":942,"items_purged":[],"score":87,"play_id":"f336d27b-9e39-4752-b2b8-ff96d89b22d0","local_time":"20201219124602","is_ascension_mode":true,"campfire_choices":[],"circlet_count":0,"master_deck":["blackbeard:BlackbeardStrike","blackbeard:BlackbeardStrike","blackbeard:BlackbeardStrike","blackbeard:BlackbeardStrike","blackbeard:IntimidatingStrike","blackbeard:BlackbeardDefend","blackbeard:BlackbeardDefend","blackbeard:BlackbeardDefend","blackbeard:BlackbeardDefend","blackbeard:Cutlass","blackbeard:WeaponProficiency","blackbeard:FieryDefense","blackbeard:Provisioning","blackbeard:DelayedPain","blackbeard:Rum","blackbeard:RearmingStrike","blackbeard:TheDrunkenSailor"],"relics":["blackbeard:LoadTheCannons","Replay:Wax Seal","Ancient Tea Set","infinitespire:CheckeredPen","Juzu Bracelet","NlothsMask"],"acts_visited":["Exordium"],"potions_floor_usage":[4,4,6,6,7,7,7,8,8],"damage_taken":[{"damage":0,"enemies":"Small Slimes","floor":1,"turns":3},{"damage":3,"enemies":"Jaw Worm","floor":2,"turns":4},{"damage":1,"enemies":"Cultist","floor":4,"turns":5},{"damage":17,"enemies":"3 Sentries","floor":6,"turns":8},{"damage":0,"enemies":"Gremlin Gang","floor":7,"turns":3},{"damage":22,"enemies":"Gremlin Nob","floor":8,"turns":4},{"damage":14,"enemies":"3 Sentries","floor":11,"turns":6}],"seed_played":"4876240975554600610","potions_obtained":[{"floor":3,"key":"potionbrewer:FreezingPotion"},{"floor":3,"key":"Weak Potion"},{"floor":4,"key":"Explosive Potion"},{"floor":6,"key":"Fire Potion"}],"is_trial":false,"path_per_floor":["M","M","?","M","?","E","M","E","T","?","E"],"character_chosen":"BLACKBEARD_CLASS","items_purchased":[],"campfire_rested":0,"item_purchase_floors":[],"current_hp_per_floor":[75,72,42,49,49,32,32,10,10,10,0,0,0],"gold":388,"neow_bonus":"RANDOM_COMMON_RELIC","is_daily":false,"chose_seed":false,"campfire_upgraded":0,"win_rate":0.0,"timestamp":1608378362,"path_taken":["M","M","?","M","?","E","M","E","T","?","E"],"items_purchased_type":[],"build_version":"2020-12-13","purchased_purges":0,"victory":false,"max_hp_per_floor":[75,75,75,75,75,75,75,75,75,75,75,75,75],"card_choices":[{"not_picked":["blackbeard:BlindAttacks","blackbeard:GoldenDefense"],"picked":"blackbeard:WeaponProficiency","floor":1},{"not_picked":["blackbeard:PiratesWill","blackbeard:WiseDefense"],"picked":"blackbeard:FieryDefense","floor":2},{"not_picked":["blackbeard:BeatUp","blackbeard:PiratesWill"],"picked":"blackbeard:Provisioning","floor":3},{"not_picked":["blackbeard:Fencing","blackbeard:Toast"],"picked":"blackbeard:DelayedPain","floor":4},{"not_picked":["blackbeard:WoodenLeg","blackbeard:Sword"],"picked":"blackbeard:Rum","floor":6},{"not_picked":["blackbeard:Toast","blackbeard:Spear"],"picked":"blackbeard:RearmingStrike","floor":7},{"not_picked":["blackbeard:WiseDefense","blackbeard:PirateHook"],"picked":"blackbeard:TheDrunkenSailor","floor":8}],"player_experience":847109,"relics_obtained":[{"floor":3,"key":"Ancient Tea Set"},{"floor":6,"key":"infinitespire:CheckeredPen"},{"floor":8,"key":"Juzu Bracelet"}],"event_choices":[{"damage_healed":0,"gold_gain":100,"player_choice":"Pray","damage_taken":0,"max_hp_gain":0,"max_hp_loss":0,"event_name":"Golden Shrine","floor":5,"gold_loss":0},{"damage_healed":0,"gold_gain":0,"player_choice":"Trade","damage_taken":0,"relics_obtained":["NlothsMask"],"max_hp_gain":0,"max_hp_loss":0,"event_name":"FaceTrader","floor":10,"gold_loss":0}],"is_beta":false,"boss_relics":[],"items_purged_floors":[],"is_endless":false,"potions_floor_spawned":[4,6],"killed_by":"3 Sentries","ascension_level":1}}