{"host":"jm9833yuloeli2yd","time":1608346757,"event":{"mods":["AchievementEnabler","BaseMod","Better Altar","Better Match","Better Note","Better Sensory Stone","Better Skull","Better Vampires","Colored Map","Colored Powertips","DeckTracker","Minty Spire (QoL Compilation)","Permanent Neow","Quick Restart","Replay The Spire","StSLib","SuperFastMode"],"gold_per_floor":[118,133,147,55,55,80,80,90,90,109,109,435,448,464,464,541,541,560,560,560,577,577,577,577],"floor_reached":23,"playtime":688,"items_purged":["Looming Evil"],"score":431,"play_id":"a01d18a3-1b29-46a0-be0b-b11805d53494","local_time":"20201218215917","is_ascension_mode":true,"campfire_choices":[{"floor":7,"key":"REST"},{"data":"Seek","floor":11,"key":"SMITH"},{"floor":15,"key":"REST"}],"circlet_count":0,"master_deck":["AscendersBane","Defend_B","Defend_B","Defend_B","Defend_B","Zap","Dualcast","Seek+1","Melter","Gash","BootSequence","Languid","Reinforced Body","Gash","Biased Cognition","Hologram","Chill","All For One","Conserve Battery+1","Bite","Bite","Bite","Bite"],"relics":["Cracked Core","ReplayTheSpireMod:CursedCoin","DataDisk","Ring of Hypnosis","Replay:Baseball","Shuriken","Old Coin","Sozu","Singing Bowl"],"acts_visited":["Exordium","TheCity"],"potions_floor_usage":[6,14,16,23],"damage_taken":[{"damage":3,"enemies":"2 Louse","floor":1,"turns":3},{"damage":0,"enemies":"Small Slimes","floor":2,"turns":2},{"damage":7,"enemies":"Jaw Worm","floor":3,"turns":3},{"damage":37,"enemies":"Gremlin Nob","floor":6,"turns":5},{"damage":0,"enemies":"Exordium Wildlife","floor":8,"turns":4},{"damage":0,"enemies":"Red Slaver","floor":10,"turns":3},{"damage":25,"enemies":"Replay:BlueRogue","floor":12,"turns":6},{"damage":12,"enemies":"Gremlin Gang","floor":13,"turns":4},{"damage":0,"enemies":"3 Louse","floor":14,"turns":3},{"damage":12,"enemies":"Slime Boss","floor":16,"turns":9},{"damage":4,"enemies":"2 Thieves","floor":18,"turns":4},{"damage":47,"enemies":"3 Byrds","floor":21,"turns":9},{"damage":44,"enemies":"Gremlin Leader","floor":23,"turns":6}],"seed_played":"-5550711813835336928","potions_obtained":[{"floor":2,"key":"Weak Potion"},{"floor":3,"key":"Energy Potion"},{"floor":8,"key":"Venom Potion"},{"floor":10,"key":"Block Potion"},{"floor":16,"key":"Energy Potion"}],"is_trial":false,"path_per_floor":["M","M","M","$","?","E","R","M","T","M","R","E","M","M","R","B",null,"M","?","?","M","T","E"],"character_chosen":"DEFECT","items_purchased":["ReplayTheSpireMod:CursedCoin","DataDisk"],"campfire_rested":2,"item_purchase_floors":[4,4],"current_hp_per_floor":[61,61,54,54,54,17,38,38,38,38,38,13,1,1,22,10,56,52,52,52,18,18,0,0],"gold":577,"neow_bonus":"ONE_RANDOM_RARE_CARD","is_daily":false,"chose_seed":false,"campfire_upgraded":1,"win_rate":0.0,"timestamp":1608346757,"path_taken":["M","M","M","$","?","E","R","M","T","M","R","E","M","M","R","BOSS","M","?","?","M","?","E"],"items_purchased_type":["Relic","Relic"],"build_version":"2020-12-13","purchased_purges":1,"victory":false,"max_hp_per_floor":[71,71,71,71,71,71,71,71,71,71,71,71,71,71,71,71,71,71,71,53,53,53,53,53],"card_choices":[{"not_picked":["Coolheaded","Steam"],"picked":"Melter","floor":1},{"not_picked":["Storm","Stack"],"picked":"Gash","floor":2},{"not_picked":["Time Bomb","Steam Power"],"picked":"BootSequence","floor":3},{"not_picked":["Panic Button","Barrage"],"picked":"Reinforced Body","floor":6},{"not_picked":["Leap","Crystallizer","Streamline"],"picked":"SKIP","floor":8},{"not_picked":["Leap","Crystallizer","Streamline"],"picked":"SKIP","floor":8},{"not_picked":["Coolheaded","Beam Cell"],"picked":"Gash","floor":10},{"not_picked":["ReplaySolidLightProjector","Reinforced Body"],"picked":"Biased Cognition","floor":12},{"not_picked":["Beam Cell","Cold Snap"],"picked":"Hologram","floor":13},{"not_picked":["Capacitor","White Noise"],"picked":"Chill","floor":14},{"not_picked":["Creative AI","Hyperbeam"],"picked":"All For One","floor":16},{"not_picked":["Stack","Redo"],"picked":"Conserve Battery+1","floor":18},{"not_picked":["Go for the Eyes","Conserve Battery","Ball Lightning+1"],"picked":"SKIP","floor":21}],"player_experience":1121296,"relics_obtained":[{"floor":5,"key":"Ring of Hypnosis"},{"floor":6,"key":"Replay:Baseball"},{"floor":9,"key":"Shuriken"},{"floor":12,"key":"Old Coin"},{"floor":22,"key":"Singing Bowl"}],"event_choices":[{"damage_healed":0,"gold_gain":0,"player_choice":"Ignored","damage_taken":0,"max_hp_gain":0,"max_hp_loss":0,"event_name":"The Mausoleum","floor":19,"gold_loss":0},{"damage_healed":0,"gold_gain":0,"player_choice":"Became a vampire","damage_taken":0,"max_hp_gain":0,"max_hp_loss":18,"event_name":"Vampires","floor":20,"gold_loss":0,"cards_obtained":["Bite","Bite","Bite","Bite"]}],"is_beta":false,"boss_relics":[{"not_picked":["Black Star","Ring of Chaos"],"picked":"Sozu"}],"items_purged_floors":[4],"is_endless":false,"potions_floor_spawned":[2,3,8,10,16],"killed_by":"Gremlin Leader","ascension_level":20}}