{"host":"1z4hbl9vfqrhg136","time":1608337173,"event":{"mods":["BaseMod","Minty Spire (QoL Compilation)"],"gold_per_floor":[117,42,55,55,73,87,87,114,137,28,28,0,14,47,47,126,126,142,49,64,64,77,77,77,24,24,24,50,50,69,87,87,87,87],"floor_reached":33,"playtime":2791,"items_purged":[],"score":550,"play_id":"eaf5e178-99fa-4f65-8ed6-63849328245b","local_time":"20201219001933","is_ascension_mode":true,"campfire_choices":[{"data":"Neutralize","floor":7.0,"key":"SMITH"},{"data":"Dagger Spray","floor":11.0,"key":"SMITH"},{"floor":15,"key":"REST"},{"floor":23,"key":"REST"},{"data":"Skewer","floor":27,"key":"SMITH"},{"floor":29,"key":"REST"},{"data":"Catalyst","floor":32,"key":"SMITH"}],"circlet_count":0,"master_deck":["AscendersBane","Strike_G","Strike_G","Strike_G","Strike_G","Strike_G","Defend_G","Defend_G","Defend_G","Defend_G","Survivor","Neutralize+1","Well Laid Plans","Dodge and Roll","Flying Knee","Finisher","Dagger Spray+1","Dagger Throw","PiercingWail","Footwork","Adrenaline","Caltrops+1","Infinite Blades","PiercingWail","Dagger Throw","Bouncing Flask","Skewer+1","J.A.X.","Catalyst+1","Catalyst","PiercingWail"],"relics":["Ring of the Snake","Omamori","Orichalcum","Akabeko","Sundial","HoveringKite","Centennial Puzzle","Bottled Tornado","Shuriken"],"acts_visited":["Exordium","TheCity"],"potions_floor_usage":[16,22,31,33],"damage_taken":[{"damage":0.0,"enemies":"2 Louse","floor":1.0,"turns":5.0},{"damage":2.0,"enemies":"Jaw Worm","floor":3.0,"turns":6.0},{"damage":3.0,"enemies":"Cultist","floor":5.0,"turns":5.0},{"damage":5.0,"enemies":"Looter","floor":6.0,"turns":4.0},{"damage":20.0,"enemies":"Lagavulin","floor":8.0,"turns":9.0},{"damage":0.0,"enemies":"Blue Slaver","floor":13.0,"turns":3.0},{"damage":15,"enemies":"3 Sentries","floor":14,"turns":8},{"damage":28,"enemies":"Hexaghost","floor":16,"turns":13},{"damage":22,"enemies":"2 Thieves","floor":18,"turns":4},{"damage":4,"enemies":"3 Byrds","floor":20,"turns":3},{"damage":23,"enemies":"3 Cultists","floor":22,"turns":5},{"damage":10,"enemies":"Slavers","floor":28,"turns":4},{"damage":0,"enemies":"Snake Plant","floor":30,"turns":4},{"damage":3,"enemies":"Chosen and Byrds","floor":31,"turns":3},{"damage":57,"enemies":"Collector","floor":33,"turns":6}],"seed_played":"6468662333618523578","potions_obtained":[{"floor":1.0,"key":"ColorlessPotion"},{"floor":5.0,"key":"Dexterity Potion"},{"floor":6.0,"key":"DistilledChaos"},{"floor":18,"key":"Weak Potion"},{"floor":28,"key":"LiquidMemories"},{"floor":30,"key":"Poison Potion"}],"is_trial":false,"path_per_floor":["M","?","M","?","M","M","R","E","T","$","R","$","M","E","R","B",null,"M","$","M","?","M","R","?","?","T","R","E","R","M","M","R","B"],"character_chosen":"THE_SILENT","items_purchased":["Dagger Throw","SteroidPotion","PiercingWail","Infinite Blades","PiercingWail"],"campfire_rested":3,"item_purchase_floors":[10,10,12,19,19],"current_hp_per_floor":[59,59,57,57,54,49,49,29,29,29,29,29,29,14,33,5,51,29,29,25,25,2,21,21,21,21,21,11,30,30,27,27,0,0],"gold":87,"neow_bonus":"RANDOM_COMMON_RELIC","is_daily":false,"chose_seed":false,"campfire_upgraded":4,"win_rate":0.0,"timestamp":1608337173,"path_taken":["M","?","M","?","M","M","R","E","T","$","R","?","?","E","R","BOSS","M","$","M","?","M","R","?","?","T","R","E","R","?","M","R","BOSS"],"items_purchased_type":["Card","Potion","Card","Card","Card"],"build_version":"2020-12-13","purchased_purges":0,"victory":false,"max_hp_per_floor":[66,66,66,66,66,66,66,66,66,66,66,66,66,66,66,66,66,66,66,66,66,66,66,66,66,66,66,66,66,66,66,66,66,66],"card_choices":[{"not_picked":["Tactician","Bane"],"picked":"Well Laid Plans","floor":1.0},{"not_picked":["Backflip","Deadly Poison"],"picked":"Dodge and Roll","floor":3.0},{"not_picked":["Outmaneuver","Cloak And Dagger"],"picked":"Flying Knee","floor":5.0},{"not_picked":["Quick Slash","Sucker Punch"],"picked":"Finisher","floor":6.0},{"not_picked":["Tactician","Reflex"],"picked":"Dagger Spray","floor":8.0},{"not_picked":["Bane","Blade Dance"],"picked":"Footwork","floor":13.0},{"not_picked":["Deflect","Acrobatics","Outmaneuver"],"picked":"SKIP","floor":14},{"not_picked":["Phantasmal Killer","Die Die Die"],"picked":"Adrenaline","floor":16},{"not_picked":["Cloak And Dagger","Bane"],"picked":"Caltrops+1","floor":18},{"not_picked":["PiercingWail","Dagger Spray"],"picked":"Dagger Throw","floor":20},{"not_picked":["Deadly Poison","Poisoned Stab"],"picked":"Skewer","floor":22},{"not_picked":["Bane","Heel Hook"],"picked":"Catalyst","floor":28},{"not_picked":["Footwork","Quick Slash+1"],"picked":"Catalyst","floor":30},{"not_picked":["Deflect","Sucker Punch"],"picked":"PiercingWail","floor":31}],"player_experience":1836869,"relics_obtained":[{"floor":8.0,"key":"Akabeko"},{"floor":14,"key":"Sundial"},{"floor":26,"key":"Bottled Tornado"},{"floor":28,"key":"Shuriken"}],"event_choices":[{"cards_removed":["Defend_G"],"damage_healed":0.0,"max_hp_gain":0.0,"max_hp_loss":0.0,"gold_gain":0.0,"event_name":"The Cleric","player_choice":"Card Removal","floor":2.0,"gold_loss":75.0,"damage_taken":0.0},{"damage_healed":0.0,"max_hp_gain":0.0,"max_hp_loss":0.0,"gold_gain":0.0,"event_name":"Big Fish","player_choice":"Box","floor":4.0,"gold_loss":0.0,"damage_taken":0.0,"relics_obtained":["Orichalcum"],"cards_obtained":["Regret"]},{"damage_healed":0,"gold_gain":0,"player_choice":"Read","damage_taken":0,"max_hp_gain":0,"max_hp_loss":0,"event_name":"The Library","floor":21,"gold_loss":0,"cards_obtained":["Bouncing Flask"]},{"damage_healed":0,"gold_gain":0,"player_choice":"Obtain J.A.X.","damage_taken":0,"max_hp_gain":0,"max_hp_loss":0,"event_name":"Drug Dealer","floor":24,"gold_loss":0,"cards_obtained":["J.A.X."]},{"damage_healed":0,"gold_gain":0,"player_choice":"Paid Gold","damage_taken":0,"relics_obtained":["Centennial Puzzle"],"max_hp_gain":0,"max_hp_loss":0,"event_name":"WeMeetAgain","floor":25,"gold_loss":53}],"is_beta":false,"boss_relics":[{"not_picked":["WristBlade","Snecko Eye"],"picked":"HoveringKite"}],"items_purged_floors":[],"is_endless":false,"potions_floor_spawned":[1,5,6,18,28,30],"killed_by":"Collector","ascension_level":20}}