{"host":"i09pxcjttd31eh4q","time":1608367979,"event":{"mods":["AchievementEnabler","BaseMod","Colored Map","Keyboard Shortcuts","Minty Spire (QoL Compilation)","StSLib","SuperFastMode"],"gold_per_floor":[115,40,40,40,50,50,67,84,84,84,102,102,102,119,119,219,219,230,130,148,148,247,266,266,285,285,302,97,97,127,147,147,245,245,256,275,275,77,93,93,104,104,104,104,104,104,117,0,0,0],"floor_reached":51,"playtime":1008,"items_purged":["Strike_P","Strike_P","Strike_P+1","Defend_P"],"score":884,"play_id":"be19d469-54b2-45ce-aa1d-168ec4f547c3","local_time":"20201219175259","is_ascension_mode":false,"campfire_choices":[{"data":"Eruption","floor":6.0,"key":"SMITH"},{"data":"Tantrum","floor":10.0,"key":"SMITH"},{"data":"Vigilance","floor":12.0,"key":"SMITH"},{"data":"Strike_P","floor":15.0,"key":"SMITH"},{"floor":24.0,"key":"REST"},{"data":"Adaptation","floor":32.0,"key":"SMITH"},{"floor":40.0,"key":"REST"},{"floor":46,"key":"REST"},{"floor":49,"key":"REST"}],"circlet_count":0,"master_deck":["Eruption+1","Vigilance+1","Tantrum+1","InnerPeace","Adaptation+1"],"relics":["PureWater","Empty Cage","Mercury Hourglass","Fusion Hammer","Yang","Red Mask"],"acts_visited":["Exordium","TheCity","TheBeyond"],"potions_floor_usage":[50],"damage_taken":[{"damage":2.0,"enemies":"Cultist","floor":1.0,"turns":3.0},{"damage":1.0,"enemies":"2 Louse","floor":5.0,"turns":2.0},{"damage":10.0,"enemies":"Jaw Worm","floor":7.0,"turns":5.0},{"damage":0.0,"enemies":"2 Fungi Beasts","floor":8.0,"turns":2.0},{"damage":6.0,"enemies":"Exordium Wildlife","floor":11.0,"turns":3.0},{"damage":0.0,"enemies":"Red Slaver","floor":14.0,"turns":3.0},{"damage":34.0,"enemies":"The Guardian","floor":16.0,"turns":8.0},{"damage":21.0,"enemies":"2 Thieves","floor":18.0,"turns":4.0},{"damage":0.0,"enemies":"Shell Parasite","floor":20.0,"turns":4.0},{"damage":10.0,"enemies":"Snecko","floor":23.0,"turns":4.0},{"damage":21.0,"enemies":"Shelled Parasite and Fungi","floor":25.0,"turns":5.0},{"damage":37.0,"enemies":"Snake Plant","floor":27.0,"turns":3.0},{"damage":6.0,"enemies":"Gremlin Leader","floor":30.0,"turns":2.0},{"damage":0.0,"enemies":"Chosen and Byrds","floor":31.0,"turns":2.0},{"damage":0.0,"enemies":"Collector","floor":33.0,"turns":2.0},{"damage":0.0,"enemies":"3 Darklings","floor":35.0,"turns":1.0},{"damage":24.0,"enemies":"3 Shapes","floor":36.0,"turns":1.0},{"damage":11.0,"enemies":"Sphere and 2 Shapes","floor":39.0,"turns":2.0},{"damage":5.0,"enemies":"4 Shapes","floor":41.0,"turns":4.0},{"damage":0,"enemies":"Jaw Worm Horde","floor":47,"turns":1},{"damage":4,"enemies":"Time Eater","floor":50,"turns":7}],"seed_played":"6203644539289674429","potions_obtained":[{"floor":1.0,"key":"DuplicationPotion"},{"floor":7.0,"key":"EssenceOfSteel"},{"floor":16.0,"key":"SkillPotion"},{"floor":23.0,"key":"Ancient Potion"},{"floor":27.0,"key":"SpeedPotion"},{"floor":30.0,"key":"BlessingOfTheForge"},{"floor":31.0,"key":"ColorlessPotion"},{"floor":37.0,"key":"PowerPotion"},{"floor":39.0,"key":"Dexterity Potion"},{"floor":41.0,"key":"Energy Potion"}],"is_trial":false,"path_per_floor":["M","$","?","?","M","R","M","M","T","R","M","R","?","M","R","B",null,"M","$","M","?","?","M","R","M","T","M","$","?","E","M","R","B",null,"M","M","?","$","M","R","M","$","T","?","?","R","M","?","R","B",null],"character_chosen":"WATCHER","items_purchased":["Adaptation","Block Potion"],"campfire_rested":4,"item_purchase_floors":[28,38],"current_hp_per_floor":[77,77,77,77,76,76,66,66,66,66,60,60,65,65,65,31,84,63,63,63,63,63,53,78,57,57,20,20,20,14,14,14,14,84,84,60,60,60,49,74,69,69,69,69,69,84,84,84,84,80],"gold":0,"neow_bonus":"TEN_PERCENT_HP_BONUS","is_daily":false,"chose_seed":false,"campfire_upgraded":5,"win_rate":0.0,"timestamp":1608367979,"path_taken":["M","$","?","?","M","R","M","M","T","R","M","R","?","M","R","BOSS","M","$","M","?","?","M","R","M","T","M","$","?","E","?","R","BOSS","M","M","?","$","M","R","?","$","T","?","?","R","M","?","R","BOSS"],"items_purchased_type":["Card","Potion"],"build_version":"2020-12-13","purchased_purges":4,"victory":true,"max_hp_per_floor":[79,79,79,79,79,79,79,79,79,79,79,79,84,84,84,84,84,84,84,84,84,84,84,84,84,84,84,84,84,84,84,84,84,84,84,84,84,84,84,84,84,84,84,84,84,84,84,84,84,84],"card_choices":[{"not_picked":["Fasting2","Prostrate","PathToVictory"],"picked":"SKIP","floor":1.0},{"not_picked":["ThirdEye","SashWhip","ForeignInfluence"],"picked":"SKIP","floor":5.0},{"not_picked":["Fasting2","SashWhip"],"picked":"Tantrum","floor":7.0},{"not_picked":["FollowUp","PathToVictory","ReachHeaven"],"picked":"SKIP","floor":8.0},{"not_picked":["PathToVictory","SashWhip","JustLucky"],"picked":"SKIP","floor":11.0},{"not_picked":["Pray","Sanctity","WaveOfTheHand"],"picked":"SKIP","floor":14.0},{"not_picked":["SandsOfTime","Nirvana","WindmillStrike"],"picked":"SKIP","floor":18.0},{"not_picked":["Halt","Crescendo","CrushJoints"],"picked":"SKIP","floor":20.0},{"not_picked":["CutThroughFate","Swivel","Evaluate"],"picked":"SKIP","floor":23.0},{"not_picked":["Fasting2","PathToVictory+1","JustLucky"],"picked":"SKIP","floor":25.0},{"not_picked":["Weave","SpiritShield","Sanctity+1"],"picked":"SKIP","floor":27.0},{"not_picked":["Wireheading","Adaptation","TalkToTheHand"],"picked":"SKIP","floor":30.0},{"not_picked":["Fasting2","EmptyBody","Conclude+1"],"picked":"SKIP","floor":31.0},{"not_picked":["Worship+1","Evaluate","JustLucky"],"picked":"SKIP","floor":35.0},{"not_picked":["JustLucky","SashWhip+1","ClearTheMind+1"],"picked":"SKIP","floor":36.0},{"not_picked":["CutThroughFate+1","ThirdEye","Prostrate"],"picked":"SKIP","floor":39.0},{"not_picked":["CutThroughFate","Adaptation","Consecrate+1"],"picked":"SKIP","floor":41.0},{"not_picked":["WheelKick+1","FlyingSleeves","Conclude"],"picked":"SKIP","floor":47}],"player_experience":749116,"relics_obtained":[{"floor":30.0,"key":"Mercury Hourglass"},{"floor":43.0,"key":"Yang"}],"event_choices":[{"cards_removed":["Defend_P"],"damage_healed":0.0,"max_hp_gain":0.0,"max_hp_loss":0.0,"gold_gain":0.0,"event_name":"Living Wall","player_choice":"Forget","floor":3.0,"gold_loss":0.0,"damage_taken":0.0},{"damage_healed":0.0,"max_hp_gain":0.0,"max_hp_loss":0.0,"gold_gain":0.0,"event_name":"Scrap Ooze","player_choice":"Fled","floor":4.0,"gold_loss":0.0,"damage_taken":0.0},{"damage_healed":0.0,"max_hp_gain":5.0,"max_hp_loss":0.0,"gold_gain":0.0,"event_name":"Big Fish","player_choice":"Donut","floor":13.0,"gold_loss":0.0,"damage_taken":0.0},{"damage_healed":0.0,"max_hp_gain":0.0,"max_hp_loss":0.0,"gold_gain":0.0,"event_name":"The Library","player_choice":"Read","floor":21.0,"gold_loss":0.0,"damage_taken":0.0,"cards_obtained":["InnerPeace"]},{"damage_healed":0.0,"max_hp_gain":0.0,"max_hp_loss":0.0,"gold_gain":99.0,"event_name":"Nest","player_choice":"Stole From Cult","floor":22.0,"gold_loss":0.0,"damage_taken":0.0},{"damage_healed":0.0,"max_hp_gain":0.0,"max_hp_loss":0.0,"gold_gain":0.0,"event_name":"Ghosts","player_choice":"Ignored","floor":29.0,"gold_loss":0.0,"damage_taken":0.0},{"damage_healed":0.0,"max_hp_gain":0.0,"max_hp_loss":0.0,"gold_gain":0.0,"event_name":"Lab","player_choice":"Got Potions","floor":37.0,"gold_loss":0.0,"damage_taken":0.0},{"damage_healed":0,"gold_gain":0,"player_choice":"Memory 1","damage_taken":0,"max_hp_gain":0,"max_hp_loss":0,"event_name":"SensoryStone","floor":44,"gold_loss":0},{"cards_removed":["Defend_P"],"damage_healed":0,"gold_gain":0,"player_choice":"Removed Skill","damage_taken":0,"max_hp_gain":0,"max_hp_loss":0,"event_name":"Falling","floor":45,"gold_loss":0},{"damage_healed":0,"gold_gain":0,"player_choice":"Paid","damage_taken":0,"relics_obtained":["Red Mask"],"max_hp_gain":0,"max_hp_loss":0,"event_name":"Tomb of Lord Red Mask","floor":48,"gold_loss":117}],"is_beta":false,"boss_relics":[{"not_picked":["Calling Bell","Philosopher\u0027s Stone"],"picked":"Empty Cage"},{"not_picked":["Snecko Eye","Velvet Choker"],"picked":"Fusion Hammer"}],"items_purged_floors":[2,19,28,38],"is_endless":false,"potions_floor_spawned":[1,7,16,23,27,30,31,39,41,47],"ascension_level":0}}