{"host":"wxiym01yrel3h990","time":1608358509,"event":{"mods":["AchievementEnabler","BaseMod","HololiveMod","Koishi","Marisa????????","Minty Spire (QoL Compilation)","Reimu??????","Remilia??????","StSLib","Td1madao Mod","The Animator","The Senshi","The Servant 0.9.4"],"gold_per_floor":[87,113,130,162,186,186,210,210,210,210,25,48,48,69,69,210,210,227,250,142,142,157,197,197,197,273,273,283,311,311,333,333,455,455,468,468,176,200,200,200,219,146,146,178,177,188,188,200,200,245],"floor_reached":51,"playtime":4005,"items_purged":["Hololive_CallSpadeEcho"],"score":1082,"play_id":"b350eed8-545c-46ab-b2ea-a8c10426bb16","local_time":"20201218221509","is_ascension_mode":true,"campfire_choices":[{"data":"Hololive_FlyingPonyTail","floor":6,"key":"SMITH"},{"floor":8,"key":"RECALL"},{"data":"Hololive_CallShiroganeNoel","floor":10,"key":"SMITH"},{"data":"Hololive_Yoholoon","floor":13,"key":"SMITH"},{"data":"Hololive_Trident","floor":15,"key":"SMITH"},{"data":"Hololive_CallAkaiHaato","floor":24,"key":"SMITH"},{"data":"Hololive_CallShiranuiFlare","floor":27,"key":"SMITH"},{"floor":32,"key":"REST"},{"data":"Hololive_CallHoshimachiSuisei","floor":40,"key":"SMITH"},{"data":"Hololive_CallTokinoSora","floor":47,"key":"SMITH"},{"data":"Hololive_CallInugamiKorone","floor":49,"key":"SMITH"}],"circlet_count":0,"master_deck":["Hololive_Defend","Hololive_Defend","Hololive_LuckPotion","Hololive_CallShiranuiFlare+1","Hololive_CallTsunomakiWatame","Hololive_CallSakuraMiko","Hololive_CallRoboco","Hololive_Trident+1","Hololive_CallOkamiMio","Hololive_Breathe","Hololive_FlyingPonyTail+1","Hololive_CallShiroganeNoel+1","Hololive_CocoNews","Hololive_Yoholoon+1","Hololive_CallAkaiHaato+1","Hololive_Psychosis","Hololive_MaximGun","Hololive_CallTokoyamiTowa+1","Hololive_Sequa+1","Hololive_CallMomosuzuNene+4","Hololive_CallMurasakiShion","Hololive_Rebirth","Bite","Bite","Bite","Bite","Bite","Hololive_CallHoshimachiSuisei+1","Hololive_Rebound+1","Hololive_CocoNews+1","Wraith","Hololive_CallInugamiKorone+1","Hololive_Thief","Hololive_CallTokinoSora+1","Hololive_Sequa+1","Hololive_CallOmaruPolka+1"],"relics":["Hololive_TheStar","Hololive_LightStick","Black Star","Hololive_FriedShrimpLion","Ancient Tea Set","Juzu Bracelet","Hololive_Finger","FossilizedHelix","Centennial Puzzle"],"acts_visited":["Exordium","TheCity","TheBeyond"],"potions_floor_usage":[29,31],"damage_taken":[{"damage":0,"enemies":"Cultist","floor":1,"turns":3},{"damage":0,"enemies":"Small Slimes","floor":2,"turns":3},{"damage":0,"enemies":"2 Louse","floor":3,"turns":3},{"damage":0,"enemies":"Large Slime","floor":4,"turns":5},{"damage":0,"enemies":"2 Fungi Beasts","floor":5,"turns":4},{"damage":0,"enemies":"Gremlin Gang","floor":7,"turns":5},{"damage":0,"enemies":"Exordium Wildlife","floor":12,"turns":4},{"damage":0,"enemies":"Blue Slaver","floor":14,"turns":2},{"damage":0,"enemies":"Hexaghost","floor":16,"turns":6},{"damage":0,"enemies":"Chosen","floor":18,"turns":4},{"damage":0,"enemies":"Shell Parasite","floor":19,"turns":3},{"damage":0,"enemies":"Centurion and Healer","floor":22,"turns":3},{"damage":0,"enemies":"Slavers","floor":23,"turns":5},{"damage":0,"enemies":"Snake Plant","floor":28,"turns":3},{"damage":0,"enemies":"Gremlin Leader","floor":29,"turns":4},{"damage":0,"enemies":"3 Cultists","floor":31,"turns":3},{"damage":0,"enemies":"Collector","floor":33,"turns":8},{"damage":0,"enemies":"3 Shapes","floor":35,"turns":4},{"damage":0,"enemies":"Orb Walker","floor":38,"turns":3},{"damage":0,"enemies":"Jaw Worm Horde","floor":41,"turns":5},{"damage":0,"enemies":"Nemesis","floor":44,"turns":7},{"damage":0,"enemies":"Transient","floor":45,"turns":5},{"damage":0,"enemies":"3 Darklings","floor":46,"turns":4},{"damage":0,"enemies":"Maw","floor":48,"turns":5},{"damage":0,"enemies":"Donu and Deca","floor":50,"turns":8}],"seed_played":"4875440709081347716","potions_obtained":[{"floor":2,"key":"Ancient Potion"},{"floor":3,"key":"AttackPotion"},{"floor":7,"key":"DuplicationPotion"},{"floor":12,"key":"Energy Potion"},{"floor":29,"key":"Strength Potion"},{"floor":35,"key":"BlessingOfTheForge"}],"is_trial":false,"path_per_floor":["M","M","M","M","M","R","M","R","T","R","$","M","R","M","R","B",null,"M","M","$","?","M","E","R","?","T","R","M","E","?","M","R","B",null,"M","?","$","M","?","R","M","$","T","E","M","M","R","M","R","B",null],"character_chosen":"Hololive_HololiveCharacter","items_purchased":["Hololive_LightStick","Hololive_Yoholoon","Hololive_CallMomosuzuNene","FossilizedHelix","Hololive_CallTokinoSora"],"campfire_rested":1,"item_purchase_floors":[11,11,20,37,42],"current_hp_per_floor":[38,38,38,38,38,38,38,38,38,38,38,38,38,38,38,38,38,38,38,38,33,33,33,33,30,30,30,30,30,14,20,29,29,30,30,30,30,30,30,30,30,30,30,30,30,30,30,30,30,30],"gold":245,"neow_bonus":"TEN_PERCENT_HP_BONUS","is_daily":false,"chose_seed":false,"campfire_upgraded":9,"win_rate":0.0,"timestamp":1608358509,"path_taken":["M","M","M","M","?","R","M","R","T","R","$","M","R","M","R","BOSS","M","M","$","?","M","E","R","?","T","R","M","E","?","M","R","BOSS","M","?","$","M","?","R","M","$","T","E","M","M","R","M","R","BOSS"],"items_purchased_type":["Relic","Card","Card","Relic","Card"],"build_version":"2020-12-13","purchased_purges":1,"victory":true,"max_hp_per_floor":[38,38,38,38,38,38,38,38,38,38,38,38,38,38,38,38,38,38,38,38,43,43,43,43,30,30,30,30,30,30,30,30,30,30,30,30,30,30,30,30,30,30,30,30,30,30,30,30,30,30],"card_choices":[{"not_picked":["Hololive_OvertimeWork","Hololive_Teleport","Hololive_CallMurasakiShion"],"picked":"Hololive_Trident","floor":1},{"not_picked":["Hololive_CallDoris","Hololive_RevenueBasedLive","Hololive_HuntDinosaur"],"picked":"Hololive_CallOkamiMio","floor":2},{"not_picked":["Hololive_RevenueBasedLive","Hololive_Sequa","Hololive_Trident"],"picked":"Hololive_Breathe","floor":3},{"not_picked":["Hololive_CallMinatoAqua","Hololive_LuckPotion","Hololive_CallOmaruPolka"],"picked":"Hololive_FlyingPonyTail","floor":4},{"not_picked":["Hololive_HighAtkLowDef","Hololive_CallFriendA","Hololive_OvertimeWork"],"picked":"Hololive_CallShiroganeNoel","floor":5},{"not_picked":["Hololive_FlyingPonyTail","Hololive_Drill","Hololive_Sequa"],"picked":"Hololive_CocoNews","floor":7},{"not_picked":["Hololive_CallMoonaHoshinova","Hololive_FlyingPonyTail","Hololive_Trident"],"picked":"Hololive_CallAkaiHaato","floor":12},{"not_picked":["Hololive_FlyingPonyTail","Hololive_CallMoonaHoshinova","Hololive_Drill"],"picked":"Hololive_Psychosis","floor":14},{"not_picked":["Hololive_OpenUp","Hololive_FlareMind","Hololive_Nanodesu"],"picked":"Hololive_MaximGun","floor":16},{"not_picked":["Hololive_Psychosis","Hololive_CallRoboco","Hololive_CocoNews"],"picked":"Hololive_CallTokoyamiTowa+1","floor":18},{"not_picked":["Hololive_CallFriendA","Hololive_OvertimeWork","Hololive_HuntDinosaur"],"picked":"Hololive_Sequa+1","floor":19},{"not_picked":["Hololive_BringToTrial","Hololive_Trident","Hololive_IdolExercise"],"picked":"Hololive_CallMurasakiShion","floor":22},{"not_picked":["Hololive_Drill","Hololive_LuckPotion","Hololive_Teleport+1"],"picked":"Hololive_Rebirth","floor":23},{"not_picked":["Hololive_FlyingPonyTail","Hololive_Breathe","Hololive_CallArtia"],"picked":"Hololive_CallHoshimachiSuisei","floor":28},{"not_picked":["Hololive_CallArtia","Hololive_CallFriendA","Hololive_CallSpadeEcho+1"],"picked":"Hololive_Rebound+1","floor":29},{"not_picked":["Hololive_Sequa","Hololive_HuntDinosaur","Hololive_Drill","Hololive_Spy"],"picked":"SKIP","floor":31},{"not_picked":["Hololive_CallYogiri","Hololive_Rebound","Hololive_Breathe"],"picked":"Hololive_CocoNews+1","floor":35},{"not_picked":["Hololive_Rebound","Hololive_OvertimeWork","Hololive_Sequa"],"picked":"Hololive_CallInugamiKorone","floor":38},{"not_picked":["Hololive_Breathe+1","Hololive_Sequa+1","Hololive_Yoholoon"],"picked":"Hololive_Thief","floor":41},{"not_picked":["Hololive_OvertimeWork+1","Hololive_CallCivia","Hololive_ManjiGathering+1","Hololive_CallSpadeEcho"],"picked":"SKIP","floor":44},{"not_picked":["Hololive_CallNekomataOkayu","Hololive_LuckPotion+1","Hololive_HuntDinosaur+1"],"picked":"Hololive_Sequa+1","floor":45},{"not_picked":["Hololive_Trident+1","Hololive_LuckPotion+1","Hololive_RevenueBasedLive+1","Hololive_OvertimeWork"],"picked":"SKIP","floor":46},{"not_picked":["Hololive_CallYukihanaLamy","Hololive_HuntDinosaur+1","Hololive_OvertimeWork"],"picked":"Hololive_CallOmaruPolka+1","floor":48}],"player_experience":129481,"relics_obtained":[{"floor":23,"key":"Hololive_FriedShrimpLion"},{"floor":23,"key":"Ancient Tea Set"},{"floor":29,"key":"Juzu Bracelet"},{"floor":44,"key":"Centennial Puzzle"}],"event_choices":[{"damage_healed":0,"gold_gain":0,"player_choice":"Shed Blood","damage_taken":10,"max_hp_gain":5,"max_hp_loss":0,"event_name":"Forgotten Altar","floor":21,"gold_loss":0},{"damage_healed":0,"gold_gain":0,"player_choice":"Became a vampire","damage_taken":0,"max_hp_gain":0,"max_hp_loss":13,"event_name":"Vampires","floor":25,"gold_loss":0,"cards_obtained":["Bite","Bite","Bite","Bite","Bite"]},{"damage_healed":0,"gold_gain":0,"player_choice":"Obtained Book","damage_taken":16,"max_hp_gain":0,"max_hp_loss":0,"event_name":"Cursed Tome","floor":30,"gold_loss":0},{"damage_healed":0,"gold_gain":0,"player_choice":"Ignored","damage_taken":0,"max_hp_gain":0,"max_hp_loss":0,"event_name":"OrinTheCat","floor":36,"gold_loss":0},{"damage_healed":0,"gold_gain":0,"player_choice":"Ignored","damage_taken":0,"max_hp_gain":0,"max_hp_loss":0,"event_name":"NoteForYourself","floor":39,"gold_loss":0}],"is_beta":false,"boss_relics":[{"not_picked":["Cursed Key","Empty Cage"],"picked":"Black Star"},{"not_picked":["Sozu","Fusion Hammer"],"picked":"Hololive_Finger"}],"items_purged_floors":[20],"is_endless":false,"potions_floor_spawned":[2,3,7,12,14,22,28,29,31,35,41,44,48],"ascension_level":2}}