{"host":"sav7uxregyirlf69","time":1608346033,"event":{"mods":["AchievementEnabler","BaseMod","Colored Map","DeckTracker","Keyboard Shortcuts","Minty Spire (QoL Compilation)","READ ME - Guardian Mod","StSLib","SuperFastMode"],"gold_per_floor":[113,73,91,103,114,114,189,189,263,279,297,297,315,330,330,330,330],"floor_reached":16,"playtime":226,"items_purged":[],"score":192,"play_id":"2787773a-271e-4e37-9a8e-ee05cc8f7a41","local_time":"20201219114713","is_ascension_mode":true,"campfire_choices":[{"data":"Caltrops","floor":6,"key":"SMITH"},{"data":"Dash","floor":12,"key":"SMITH"},{"data":"Choke","floor":15,"key":"SMITH"}],"circlet_count":0,"master_deck":["AscendersBane","Strike_G","Strike_G","Strike_G","Strike_G","Defend_G","Defend_G","Defend_G","Defend_G","Defend_G","Survivor","Neutralize","Leg Sweep","Flying Knee","Caltrops+1","Flechettes","Dash+1","Endless Agony","Noxious Fumes","Choke+1"],"relics":["Ring of the Snake","NeowsBlessing","Gremlin Horn"],"acts_visited":["Exordium"],"potions_floor_usage":[13,14],"damage_taken":[{"damage":0.0,"enemies":"Jaw Worm","floor":1.0,"turns":1.0},{"damage":0,"enemies":"Cultist","floor":3,"turns":1},{"damage":0,"enemies":"2 Louse","floor":4,"turns":1},{"damage":4,"enemies":"Red Slaver","floor":5,"turns":4},{"damage":21,"enemies":"Exordium Thugs","floor":10,"turns":7},{"damage":0,"enemies":"Blue Slaver","floor":11,"turns":4},{"damage":0,"enemies":"Gremlin Gang","floor":13,"turns":1},{"damage":6,"enemies":"Large Slime","floor":14,"turns":5},{"damage":22,"enemies":"Hexaghost","floor":16,"turns":8}],"seed_played":"-8971016270905223768","potions_obtained":[{"floor":1.0,"key":"SteroidPotion"},{"floor":2,"key":"Explosive Potion"},{"floor":13,"key":"Explosive Potion"}],"is_trial":false,"path_per_floor":["M","?","M","M","M","R","?","?","T","M","M","R","M","M","R","B"],"character_chosen":"THE_SILENT","items_purchased":[],"campfire_rested":0,"item_purchase_floors":[],"current_hp_per_floor":[59,59,59,59,55,55,44,44,44,23,23,23,23,17,17,0,0],"gold":330,"neow_bonus":"THREE_ENEMY_KILL","is_daily":false,"chose_seed":false,"campfire_upgraded":3,"win_rate":0.0,"timestamp":1608346033,"path_taken":["M","?","?","M","M","R","?","?","T","M","M","R","?","M","R","BOSS"],"items_purchased_type":[],"build_version":"2020-12-13","purchased_purges":0,"victory":false,"max_hp_per_floor":[66,66,66,66,66,66,66,66,66,66,66,66,66,66,66,66,66],"card_choices":[{"not_picked":["Infinite Blades","Poisoned Stab"],"picked":"Leg Sweep","floor":1.0},{"not_picked":["Poisoned Stab","Bane"],"picked":"Flying Knee","floor":3},{"not_picked":["Leg Sweep","Flechettes"],"picked":"Caltrops","floor":4},{"not_picked":["Predator","Bane"],"picked":"Flechettes","floor":5},{"not_picked":["Underhanded Strike","Quick Slash"],"picked":"Dash","floor":10},{"not_picked":["Deadly Poison","Choke"],"picked":"Endless Agony","floor":11},{"not_picked":["Prepared","Riddle With Holes"],"picked":"Noxious Fumes","floor":13},{"not_picked":["Flechettes","Accuracy"],"picked":"Choke","floor":14}],"player_experience":949227,"relics_obtained":[{"floor":9,"key":"Gremlin Horn"}],"event_choices":[{"damage_healed":0,"gold_gain":0,"player_choice":"Bought 3 Potions","damage_taken":0,"max_hp_gain":0,"max_hp_loss":0,"event_name":"The Woman in Blue","floor":2,"gold_loss":0},{"damage_healed":0,"gold_gain":75,"player_choice":"Gather Gold","damage_taken":11,"max_hp_gain":0,"max_hp_loss":0,"event_name":"World of Goop","floor":7,"gold_loss":0},{"cards_removed":["Strike_G"],"damage_healed":0,"gold_gain":0,"player_choice":"Purged","damage_taken":0,"max_hp_gain":0,"max_hp_loss":0,"event_name":"Purifier","floor":8,"gold_loss":0}],"is_beta":false,"boss_relics":[],"items_purged_floors":[],"is_endless":false,"potions_floor_spawned":[1,3,11,13],"killed_by":"Hexaghost","ascension_level":20}}