{"host":"txhhdwa0hqfs4jhb","time":1608377249,"event":{"mods":["AchievementEnabler","BaseMod","Better Third Choice","Downfall","Filter the Spire","Minty Spire (QoL Compilation)","Relic Stats","StSLib","Thieving Mod"],"gold_per_floor":[99,374,399,399,399,428,455,455,470,498,64,64,64,76,96,201,201,201,201,232,332,332,332,355,392,424,466,1,1,1,16,27,123,123,123,148,73,86,77,77,77,127,52,78,78,78,78,97,108,108],"floor_reached":51,"playtime":3260,"items_purged":["Regret"],"score":1039,"play_id":"12040dff-00fd-419b-9434-c8216f67e3ce","local_time":"20201219112729","is_ascension_mode":true,"campfire_choices":[{"data":"hexamod:Sear","floor":1.0,"key":"SMITH"},{"data":"hexamod:ParanormalForm","floor":5.0,"key":"SMITH"},{"data":"hexamod:DynamicBlow","floor":18.0,"key":"SMITH"},{"data":"hexamod:HexaLevel","floor":23.0,"key":"SMITH"},{"floor":35,"key":"RECALL"},{"floor":37,"key":"REST"},{"floor":40,"key":"REST"},{"floor":43,"key":"REST"}],"circlet_count":0,"master_deck":["hexamod:Strike","hexamod:Strike","hexamod:Defend","hexamod:Sear+1","hexamod:Float","hexamod:ParanormalForm+1","hexamod:FirstSeal","hexamod:HeatMetal","hexamod:NightmareGuise","hexamod:DynamicBlow+1","hexamod:FastForward","hexamod:GhostShield+1","hexamod:BurningTouch+1","hexamod:TimeWarp","hexamod:RadiantFlame","hexamod:WildfireWeapon","hexamod:HexaLevel+1","hexamod:TurnItUp+1","hexamod:TimeWarp","J.A.X.+1","hexamod:SoulSteal+1","hexamod:FastForward+1","hexamod:SearingWound+1","hexamod:Incineration+1","hexamod:EtherealExpedition+1","hexamod:PhantomFireball","hexamod:FirstSeal","hexamod:StepThrough","hexamod:ChargedBarrage+1","hexamod:TurnItUp+1","hexamod:HauntingEcho+1","hexamod:Hexaguard+1","hexamod:GiftsFromTheDead+1","hexamod:ShieldOfDarkness+1","hexamod:RainOfEmbers","hexamod:SpectersWail","hexamod:EmpoweredFlame","hexamod:FlamesFromBeyond+1","expansioncontent:DefensiveStance","hexamod:NightmareGuise+1","hexamod:HeatShield+1","hexamod:DynamicBlow+1","hexamod:PhantomFireball+1"],"relics":["hexamod:SpiritBrand","downfall:HeartsMalice","Eternal Feather","Bird Faced Urn","Blood Vial","Tiny Chest","Toxic Egg 2","MealTicket","Snecko Eye","Oddly Smooth Stone","Mercury Hourglass","MutagenicStrength","MawBank","Bronze Scales","Happy Flower","OrangePellets","Pear","Bag of Preparation","Fusion Hammer","PreservedInsect","downfall:HeartBlessingRed","Strange Spoon","Vajra","Letter Opener","Dead Branch","downfall:HeartBlessingBlue","Question Card","Bottled Flame"],"acts_visited":["Exordium","TheCity","TheBeyond"],"potions_floor_usage":[33,39,42],"damage_taken":[{"damage":0.0,"enemies":"3 Sentries","floor":3.0,"turns":1.0},{"damage":0.0,"enemies":"2 Louse","floor":4.0,"turns":1.0},{"damage":0.0,"enemies":"Lagavulin","floor":6.0,"turns":1.0},{"damage":4.0,"enemies":"Cultist","floor":9.0,"turns":4.0},{"damage":39.0,"enemies":"3 Sentries","floor":10.0,"turns":10.0},{"damage":3.0,"enemies":"downfall:FleeingMerchant","floor":11.0,"turns":4.0},{"damage":0.0,"enemies":"Small Slimes","floor":14.0,"turns":4.0},{"damage":4.0,"enemies":"Exordium Thugs","floor":15.0,"turns":6.0},{"damage":32.0,"enemies":"downfall:Ironclad","floor":16.0,"turns":7.0},{"damage":25.0,"enemies":"Slavers","floor":20.0,"turns":4.0},{"damage":12.0,"enemies":"downfall:Augmenter","floor":21.0,"turns":4.0},{"damage":35.0,"enemies":"Gremlin Leader","floor":25.0,"turns":6.0},{"damage":10.0,"enemies":"Shell Parasite","floor":26.0,"turns":5.0},{"damage":34.0,"enemies":"Book of Stabbing","floor":27.0,"turns":6.0},{"damage":0.0,"enemies":"downfall:FleeingMerchant","floor":28.0,"turns":4.0},{"damage":13.0,"enemies":"Chosen","floor":31.0,"turns":2.0},{"damage":20,"enemies":"Centurion and Healer","floor":32,"turns":3},{"damage":20,"enemies":"downfall:Defect","floor":33,"turns":6},{"damage":27,"enemies":"Giant Head","floor":36,"turns":6},{"damage":23,"enemies":"3 Darklings","floor":38,"turns":3},{"damage":14,"enemies":"downfall:FleeingMerchant","floor":39,"turns":3},{"damage":42,"enemies":"2 Orb Walkers","floor":42,"turns":5},{"damage":6,"enemies":"Nemesis","floor":44,"turns":5},{"damage":0,"enemies":"Orb Walker","floor":48,"turns":2},{"damage":0,"enemies":"Sphere and 2 Shapes","floor":49,"turns":3},{"damage":4,"enemies":"downfall:Watcher","floor":50,"turns":5}],"seed_played":"237590441373313285","potions_obtained":[{"floor":6.0,"key":"Strength Potion"},{"floor":8.0,"key":"downfall:CursedFountainPotion"},{"floor":14.0,"key":"sneckomod:MuddlingPotion"},{"floor":15.0,"key":"Fire Potion"},{"floor":16.0,"key":"DuplicationPotion"},{"floor":20.0,"key":"Block Potion"},{"floor":25.0,"key":"CultistPotion"},{"floor":27.0,"key":"BlessingOfTheForge"},{"floor":31.0,"key":"Weak Potion"},{"floor":33,"key":"FearPotion"},{"floor":36,"key":"CultistPotion"},{"floor":44,"key":"Swift Potion"}],"is_trial":false,"path_per_floor":["R","?","E","M","R","E","T","?","M","E","$","T","?","M","M","B",null,"R","T","E","?","?","R","T","E","M","E","$","?","T","M","M","B",null,"R","E","R","M","$","R","T","?","R","E","?","T","?","M","M","B",null],"character_chosen":"THE_SPIRIT","items_purchased":["Toxic Egg 2","hexamod:GhostShield+1","hexamod:BurningTouch+1","OrangePellets","hexamod:PhantomFireball","Pear","Strange Spoon","ThievingMod:ThievingPotion","expansioncontent:DefensiveStance"],"campfire_rested":3,"item_purchase_floors":[11,11,11,28,28,28,39,39,39],"current_hp_per_floor":[70,70,70,70,70,70,70,70,66,40,39,39,39,50,57,31,70,70,70,56,61,48,60,60,33,42,23,65,57,57,48,43,33,85,85,67,85,78,71,85,85,65,95,95,95,95,95,95,95,95],"gold":108,"neow_bonus":"THREE_ENEMY_KILL","is_daily":false,"chose_seed":false,"campfire_upgraded":4,"win_rate":0.0,"timestamp":1608377249,"path_taken":["R","?","E","?","R","E","T","?","M","E","$","?","?","?","M","BOSS","R","?","E","?","?","R","T","E","M","E","$","?","?","?","M","BOSS","R","E","R","M","$","R","T","?","R","E","?","?","?","?","M","BOSS"],"items_purchased_type":["Relic","Card","Card","Relic","Card","Relic","Relic","Potion","Card"],"build_version":"2020-12-13","purchased_purges":1,"victory":true,"max_hp_per_floor":[70,70,70,70,70,70,70,70,70,70,70,70,70,70,70,70,70,70,70,70,70,75,75,75,75,75,75,85,85,85,85,85,85,85,85,85,85,85,85,85,85,85,95,95,95,95,95,95,95,95],"relic_stats":{"Happy Flower":[15],"counters":[26,107],"Dead Branch":[27],"Eternal Feather":64,"PreservedInsect":47,"Bag of Preparation":[22],"Letter Opener":[29],"MawBank":48,"Question Card":2,"Mercury Hourglass":[206],"Blood Vial":26,"OrangePellets":[20],"Strange Spoon":[8],"Bird Faced Urn":[92],"Bronze Scales":[185],"Snecko Eye":[82,76,101,86],"Tiny Chest":3,"MealTicket":22,"obtain_stats":[{"Vajra":39,"Bag of Preparation":30,"Blood Vial":7,"downfall:HeartBlessingBlue":43,"Tiny Chest":10,"MealTicket":12,"Fusion Hammer":34,"Toxic Egg 2":11,"hexamod:SpiritBrand":0,"Pear":28,"Happy Flower":27,"downfall:HeartBlessingRed":37,"Dead Branch":42,"Oddly Smooth Stone":19,"downfall:HeartsMalice":0,"Eternal Feather":3,"PreservedInsect":36,"Letter Opener":39,"MawBank":24,"Question Card":44,"Mercury Hourglass":20,"OrangePellets":28,"Strange Spoon":39,"Bottled Flame":46,"Bird Faced Urn":6,"MutagenicStrength":21,"Bronze Scales":25,"Snecko Eye":17},{"Vajra":21,"Bag of Preparation":15,"Blood Vial":3,"downfall:HeartBlessingBlue":22,"Tiny Chest":5,"MealTicket":6,"Fusion Hammer":18,"Toxic Egg 2":6,"hexamod:SpiritBrand":0,"Pear":15,"Happy Flower":14,"downfall:HeartBlessingRed":19,"Dead Branch":22,"Oddly Smooth Stone":9,"downfall:HeartsMalice":0,"Eternal Feather":1,"PreservedInsect":19,"Letter Opener":21,"MawBank":11,"Question Card":23,"Mercury Hourglass":10,"OrangePellets":15,"Strange Spoon":21,"Bottled Flame":23,"Bird Faced Urn":3,"MutagenicStrength":11,"Bronze Scales":12,"Snecko Eye":9},{"Vajra":87,"Bag of Preparation":64,"Blood Vial":0,"downfall:HeartBlessingBlue":92,"Tiny Chest":14,"MealTicket":18,"Fusion Hammer":75,"Toxic Egg 2":18,"hexamod:SpiritBrand":0,"Pear":64,"Happy Flower":60,"downfall:HeartBlessingRed":81,"Dead Branch":92,"Oddly Smooth Stone":35,"downfall:HeartsMalice":0,"Eternal Feather":0,"PreservedInsect":81,"Letter Opener":87,"MawBank":43,"Question Card":97,"Mercury Hourglass":39,"OrangePellets":64,"Strange Spoon":87,"Bottled Flame":97,"Bird Faced Urn":0,"MutagenicStrength":43,"Bronze Scales":49,"Snecko Eye":35}]},"card_choices":[{"not_picked":["hexamod:FastForward","hexamod:GiftsFromTheDead"],"picked":"hexamod:ParanormalForm","floor":3.0},{"not_picked":["hexamod:HeatMetal","hexamod:BurningTouch"],"picked":"hexamod:FirstSeal","floor":4.0},{"not_picked":["hexamod:HexaLevel","hexamod:ThermalTransfer"],"picked":"hexamod:HeatMetal","floor":6.0},{"not_picked":["hexamod:RainOfEmbers","hexamod:StepThrough"],"picked":"hexamod:NightmareGuise","floor":9.0},{"not_picked":["hexamod:SkipABeat","hexamod:SwordOfDarkness"],"picked":"hexamod:DynamicBlow","floor":10.0},{"not_picked":["hexamod:HauntingEcho","hexamod:NightmareStrike"],"picked":"hexamod:FastForward","floor":11.0},{"not_picked":["hexamod:BurningTouch+1","hexamod:SecondSeal"],"picked":"hexamod:TimeWarp","floor":14.0},{"not_picked":["hexamod:GhostLash","hexamod:SpectersWail"],"picked":"hexamod:RadiantFlame","floor":15.0},{"not_picked":["hexamod:TimeWarp","hexamod:UnleashSpirits"],"picked":"hexamod:WildfireWeapon","floor":16.0},{"not_picked":["hexamod:FastForward+1","hexamod:SwordOfDarkness+1"],"picked":"hexamod:HexaLevel","floor":20.0},{"not_picked":[],"picked":"J.A.X.+1","floor":21.0},{"not_picked":["hexamod:FastForward+1","hexamod:SpectersWail"],"picked":"hexamod:SoulSteal+1","floor":21.0},{"not_picked":["hexamod:FourthSeal","hexamod:HauntingEcho"],"picked":"hexamod:FastForward+1","floor":25.0},{"not_picked":["hexamod:GhostShield+1","hexamod:RainOfEmbers"],"picked":"hexamod:SearingWound+1","floor":26.0},{"not_picked":["hexamod:FirstSeal","hexamod:InspiringFlames+1"],"picked":"hexamod:Incineration+1","floor":27.0},{"not_picked":["hexamod:ThermalTransfer","hexamod:Again+1"],"picked":"hexamod:EtherealExpedition+1","floor":28.0},{"not_picked":["hexamod:GhostOfSpirePast+1","hexamod:SpectersWail","hexamod:SpectralAdrenaline+1"],"picked":"SKIP","floor":31.0},{"not_picked":["hexamod:FlamesFromBeyond+1","hexamod:InspiringFlames+1"],"picked":"hexamod:ChargedBarrage+1","floor":32},{"not_picked":["hexamod:CrushingStance","hexamod:WildfireWeapon"],"picked":"hexamod:TurnItUp+1","floor":33},{"not_picked":["hexamod:ShieldOfDarkness+1","hexamod:SecondSeal"],"picked":"hexamod:HauntingEcho+1","floor":36},{"not_picked":["hexamod:SwordOfDarkness+1","hexamod:ShieldOfDarkness+1"],"picked":"hexamod:Hexaguard+1","floor":38},{"not_picked":["hexamod:GhostLash+1","hexamod:SpectersWail+1"],"picked":"hexamod:GiftsFromTheDead","floor":39},{"not_picked":["hexamod:SecondSeal","hexamod:ThermalTransfer"],"picked":"hexamod:NightmareGuise+1","floor":42},{"not_picked":["hexamod:Hexaguard+1","hexamod:DynamicBlow"],"picked":"hexamod:HeatShield+1","floor":44},{"not_picked":["hexamod:ShieldOfDarkness+1","hexamod:HauntingEcho","hexamod:FirstSeal"],"picked":"hexamod:DynamicBlow+1","floor":48},{"not_picked":["hexamod:GhostLash","hexamod:RainOfEmbers+1","hexamod:HauntingEcho"],"picked":"hexamod:PhantomFireball+1","floor":49}],"player_experience":211173,"relics_obtained":[{"floor":3.0,"key":"Eternal Feather"},{"floor":6.0,"key":"Bird Faced Urn"},{"floor":7.0,"key":"Blood Vial"},{"floor":10.0,"key":"Tiny Chest"},{"floor":12.0,"key":"MealTicket"},{"floor":19.0,"key":"Oddly Smooth Stone"},{"floor":20.0,"key":"Mercury Hourglass"},{"floor":21.0,"key":"MutagenicStrength"},{"floor":24.0,"key":"MawBank"},{"floor":25.0,"key":"Bronze Scales"},{"floor":27.0,"key":"Happy Flower"},{"floor":30.0,"key":"Bag of Preparation"},{"floor":36,"key":"PreservedInsect"},{"floor":42,"key":"Dead Branch"},{"floor":44,"key":"Question Card"},{"floor":46,"key":"Bottled Flame"}],"event_choices":[{"damage_healed":0,"gold_gain":0,"player_choice":"Fight","damage_taken":0,"max_hp_gain":0,"max_hp_loss":0,"event_name":"Mysterious Sphere","floor":42,"gold_loss":0},{"damage_healed":0,"gold_gain":0,"player_choice":"Forge","damage_taken":0,"max_hp_gain":0,"max_hp_loss":0,"event_name":"Accursed Blacksmith","floor":47,"gold_loss":0,"cards_upgraded":["hexamod:GiftsFromTheDead"]}],"is_beta":false,"boss_relics":[{"not_picked":["Busted Crown","Calling Bell"],"picked":"Snecko Eye"},{"not_picked":["Runic Pyramid","Coffee Dripper"],"picked":"Fusion Hammer"}],"items_purged_floors":[11],"is_endless":false,"potions_floor_spawned":[6,14,15,16,20,25,27,31,33,36,44,48,49],"ascension_level":1}}