{"host":"adt9pv9dmmkchns7","time":1608377398,"event":{"mods":["AchievementEnabler","BaseMod","Beaked The Cultist","Better Third Choice","Downfall","Energized Spire","Infinite Spire","Minty Spire (QoL Compilation)","Potionbrewer","Replay The Spire","Robot Space Explorer","Shade Mod","Spicy Shops","StSLib","The Blackbeard","The Construct","The Cursed","The Forsaken","The Gatherer","The Necromancer","Wandering Minibosses"],"gold_per_floor":[18,18,36,111,122,122,165,165,165,165,165,193,193,192,192,282,282,291,295,241,231,219,242,202,218,245,235,235,235],"floor_reached":27,"playtime":3373,"items_purged":[],"score":326,"play_id":"a4a49f5d-d2e3-4cfb-b43c-3be3fdb43422","local_time":"20201219122958","is_ascension_mode":true,"campfire_choices":[{"floor":6,"key":"RECALL"},{"data":"blackbeard:Provisioning","floor":8,"key":"SMITH"},{"floor":10,"key":"DIG"},{"data":"blackbeard:PirateEarring","floor":13,"key":"SMITH"},{"floor":15,"key":"REST"}],"circlet_count":0,"master_deck":["blackbeard:BlackbeardStrike","blackbeard:BlackbeardStrike","blackbeard:BlackbeardStrike","blackbeard:BlackbeardStrike","blackbeard:IntimidatingStrike","blackbeard:BlackbeardDefend","blackbeard:BlackbeardDefend","blackbeard:BlackbeardDefend","blackbeard:BlackbeardDefend","blackbeard:Cutlass+1","blackbeard:Provisioning+1","blackbeard:RearmingStrike","blackbeard:WeaponMastery+1","blackbeard:CloakAndCannonball","blackbeard:PirateEarring+1","blackbeard:Dagger+1","blackbeard:Parrot","blackbeard:TacticalRetreat","blackbeard:CloakAndCannonball+1","blackbeard:FishingNets","blackbeard:CloakAndCannonball+1","blackbeard:CatONineTails","blackbeard:SmithingHammer","blackbeard:BuriedTreasure","blackbeard:Sharpening+1","blackbeard:BoostMorale"],"relics":["blackbeard:LoadTheCannons","Replay:Ringing Soul","Omamori","Replay:Multitool","Prayer Wheel","Peace Pipe","Philosopher\u0027s Stone","CaptainsWheel","Chameleon Ring","blackbeard:TreasureChest"],"acts_visited":["Exordium","TheCity"],"potions_floor_usage":[5,7,7,7,7,12,14,14,14,16,16,18,19,19,20,20,20,21,21,22,22,23,23,23,23,25,25,25,25],"damage_taken":[{"damage":0,"enemies":"Cultist","floor":1,"turns":3},{"damage":3,"enemies":"Jaw Worm","floor":3,"turns":4},{"damage":2,"enemies":"2 Louse","floor":5,"turns":3},{"damage":31,"enemies":"3 Sentries","floor":7,"turns":9},{"damage":16,"enemies":"Lagavulin","floor":12,"turns":7},{"damage":12,"enemies":"Large Slime","floor":14,"turns":8},{"damage":30,"enemies":"Fading Forest","floor":16,"turns":11},{"damage":11,"enemies":"Shell Parasite","floor":18,"turns":5},{"damage":7,"enemies":"3 Byrds","floor":19,"turns":5},{"damage":26,"enemies":"Snake Plant","floor":20,"turns":7},{"damage":13,"enemies":"Centurion and Healer","floor":21,"turns":7},{"damage":15,"enemies":"Sentry and Sphere","floor":22,"turns":8},{"damage":6,"enemies":"Nightmare","floor":23,"turns":7},{"damage":23,"enemies":"Gremlin Leader","floor":25,"turns":8},{"damage":27,"enemies":"Slavers","floor":27,"turns":2}],"seed_played":"2240292765827638743","potions_obtained":[{"floor":1,"key":"hexamod:EctoCoolerPotion"},{"floor":3,"key":"Swift Potion"},{"floor":7,"key":"potionbrewer:CleansingPotion"},{"floor":18,"key":"potionbrewer:HastePotion"},{"floor":20,"key":"champ:CounterPotion"},{"floor":22,"key":"potionbrewer:CleansingPotion"},{"floor":23,"key":"Elixir"}],"is_trial":false,"path_per_floor":["M","T","M","?","M","R","E","R","T","R","?","E","R","M","R","B",null,"M","M","M","M","M","NM","?","E","T","E"],"character_chosen":"BLACKBEARD_CLASS","items_purchased":[],"campfire_rested":1,"item_purchase_floors":[],"current_hp_per_floor":[89,89,89,80,81,81,53,53,53,53,53,40,40,31,62,57,107,99,95,72,62,50,47,47,27,27,0,0,0],"gold":235,"neow_bonus":"TWENTY_PERCENT_HP_BONUS","is_daily":false,"chose_seed":false,"campfire_upgraded":2,"win_rate":0.0,"timestamp":1608377398,"path_taken":["M","?","M","?","?","R","E","R","T","R","?","E","R","M","R","BOSS","M","M","M","M","M","NM","?","E","T","E"],"items_purchased_type":[],"build_version":"2020-12-13","purchased_purges":0,"victory":false,"max_hp_per_floor":[89,89,92,92,95,95,98,98,98,98,98,101,101,104,104,107,107,110,113,116,119,122,125,125,128,128,128,128,128],"card_choices":[{"not_picked":["blackbeard:DeadlyArsenal","blackbeard:Sword"],"picked":"blackbeard:Provisioning","floor":1},{"not_picked":["blackbeard:GoldenStrike","blackbeard:DangerousBlow"],"picked":"blackbeard:RearmingStrike","floor":3},{"not_picked":["blackbeard:BeatUp","blackbeard:SwordDance"],"picked":"blackbeard:WeaponMastery","floor":5},{"not_picked":["blackbeard:Spear","blackbeard:Sword"],"picked":"blackbeard:CloakAndCannonball","floor":7},{"not_picked":["blackbeard:CloakAndCannonball","blackbeard:AgileStrike"],"picked":"blackbeard:PirateEarring","floor":12},{"not_picked":["blackbeard:CloakAndCannonball","blackbeard:PiratesWill"],"picked":"blackbeard:Dagger","floor":14},{"not_picked":["blackbeard:CloakAndCannonball","blackbeard:RearmingStrike","blackbeard:Scrap"],"picked":"SKIP","floor":14},{"not_picked":["blackbeard:GoldenGuillotine","blackbeard:MegaUpgrade"],"picked":"blackbeard:Parrot","floor":16},{"not_picked":["blackbeard:Toast","blackbeard:DoubleCannonball"],"picked":"blackbeard:TacticalRetreat","floor":18},{"not_picked":["blackbeard:GoldenDefense","blackbeard:RearmingStrike","blackbeard:GoldenCannonball+1"],"picked":"SKIP","floor":18},{"not_picked":["blackbeard:Eyepatch","blackbeard:Fencing"],"picked":"blackbeard:CloakAndCannonball+1","floor":19},{"not_picked":["blackbeard:DeadlyArsenal","blackbeard:ChaoticDefense"],"picked":"blackbeard:FishingNets","floor":19},{"not_picked":["blackbeard:BeatUp","blackbeard:Boarding"],"picked":"blackbeard:CloakAndCannonball+1","floor":20},{"not_picked":["blackbeard:Provisioning","blackbeard:AgileStrike+1"],"picked":"blackbeard:CatONineTails","floor":20},{"not_picked":["blackbeard:TacticalRetreat","blackbeard:PowderKeg"],"picked":"blackbeard:SmithingHammer","floor":21},{"not_picked":["blackbeard:WeaponMastery","blackbeard:CloakAndCannonball","blackbeard:Dagger"],"picked":"SKIP","floor":21},{"not_picked":["blackbeard:Shrapnel+1","blackbeard:Dagger"],"picked":"blackbeard:BuriedTreasure","floor":22},{"not_picked":["blackbeard:TacticalRetreat","blackbeard:CloakAndCannonball","blackbeard:Shrapnel+1"],"picked":"SKIP","floor":22},{"not_picked":["blackbeard:VengefulSpirit","blackbeard:Sword"],"picked":"blackbeard:Sharpening+1","floor":23},{"not_picked":["blackbeard:BuriedTreasure","blackbeard:GoldenStrike"],"picked":"blackbeard:BoostMorale","floor":25}],"player_experience":843736,"relics_obtained":[{"floor":2,"key":"Replay:Ringing Soul"},{"floor":7,"key":"Omamori"},{"floor":9,"key":"Replay:Multitool"},{"floor":10,"key":"Prayer Wheel"},{"floor":12,"key":"Peace Pipe"},{"floor":23,"key":"CaptainsWheel"},{"floor":25,"key":"Chameleon Ring"},{"floor":26,"key":"blackbeard:TreasureChest"}],"event_choices":[{"damage_healed":0,"gold_gain":75,"player_choice":"Touch","damage_taken":9,"max_hp_gain":0,"max_hp_loss":0,"event_name":"FaceTrader","floor":4,"gold_loss":0},{"damage_healed":0,"gold_gain":0,"player_choice":"Grow","damage_taken":0,"max_hp_gain":0,"max_hp_loss":0,"event_name":"Living Wall","floor":11,"gold_loss":0,"cards_upgraded":["blackbeard:Cutlass"]},{"damage_healed":0,"gold_gain":0,"player_choice":"Upgraded Two","damage_taken":0,"max_hp_gain":0,"max_hp_loss":0,"event_name":"Designer","floor":24,"gold_loss":40,"cards_upgraded":["blackbeard:Dagger","blackbeard:WeaponMastery"]}],"is_beta":false,"boss_relics":[{"not_picked":["Fusion Hammer","Replay:Grab Bag"],"picked":"Philosopher\u0027s Stone"}],"items_purged_floors":[],"is_endless":true,"potions_floor_spawned":[1,3,7,18,20,22,23],"killed_by":"Slavers","ascension_level":1}}