{"host":"Limoen","time":1608366116,"event":{"mods":["Aspiration","BaseMod","CCEM","Colored Powertips","Conspire","Downfall","Halation","Hubris","Infinite Spire","Mimic Mod","Minty Spire (QoL Compilation)","Quick Restart","RatMod","Relic Sorter","Replay The Spire","Spicy Shops","Spikes Relics","StSLib","The Blue Laboratory","Trackpad","vexMod"],"gold_per_floor":[136,156,5,5,0,13,13,13,29,61,77,96,123,123,134,236,236,236,236,252,282,282,282,282,317,317,317,317,317,317,317,334,334],"floor_reached":32,"playtime":1723,"items_purged":[],"score":326,"play_id":"cf59978a-f960-471c-a98f-8239a9ff43eb","local_time":"20201219092156","is_ascension_mode":false,"campfire_choices":[{"data":"Guardian:PrismaticBeam","floor":4,"key":"SMITH"},{"floor":18,"key":"RECALL"},{"floor":22,"key":"REST"},{"floor":27,"key":"REST"}],"circlet_count":0,"master_deck":["Guardian:Strike_Guardian+1","Guardian:Strike_Guardian+1","Guardian:Strike_Guardian+1","Guardian:Strike_Guardian+1","Guardian:Defend_Guardian+1","Guardian:Defend_Guardian+1","Guardian:Defend_Guardian+1","Guardian:CurlUp","Guardian:TwinSlam","Guardian:PrismaticBeam+1","Guardian:Harden","Guardian:PiercingHide","Guardian:AncientConstruct","Guardian:DecasProtection","Guardian:DonusPower","Guardian:PrimingBeam","Guardian:PrimingBeam+1","Guardian:Gem_Purple","Guardian:Gem_Cyan"],"relics":["Guardian:ModeShifter","rat:ZhonyasHourglass","Omamori","trackpad:SappingStone","halation:LostSnail","Smiling Mask","Calipers","vexMod:BigBerry","CeramicFish","infinitespire:PuzzleCube","PrismaticShard","CCEMRelics:Pendulum","trackpad:PocketGalaxy","aspiration:WatcherSkillbook","hubris:FruitBowl","trackpad:Compendium","ExplosiveVial","vexMod:BerryBomb","Simple Rune","PreservedInsect","vexMod:Dragonfruit","Blood Vial"],"acts_visited":["Exordium","TheCity"],"potions_floor_usage":[10,16,21,21,21],"damage_taken":[{"damage":11,"enemies":"conspire:MimicChest","floor":1,"turns":6},{"damage":0,"enemies":"Small Slimes","floor":2,"turns":3},{"damage":0,"enemies":"downfall:FleeingMerchant","floor":3,"turns":4},{"damage":4,"enemies":"downfall:FleeingMerchant","floor":5,"turns":4},{"damage":0,"enemies":"Jaw Worm","floor":6,"turns":2},{"damage":0,"enemies":"Cultist","floor":9,"turns":6},{"damage":19,"enemies":"Gremlin Nob","floor":10,"turns":5},{"damage":7,"enemies":"3 Louse","floor":11,"turns":5},{"damage":1,"enemies":"2 Fungi Beasts","floor":12,"turns":4},{"damage":7,"enemies":"conspire:2 RoseBushes","floor":15,"turns":5},{"damage":27,"enemies":"downfall:Silent","floor":16,"turns":8},{"damage":23,"enemies":"Shell Parasite","floor":20,"turns":5},{"damage":17,"enemies":"Slavers","floor":21,"turns":7},{"damage":11,"enemies":"conspire:Head Lice","floor":25,"turns":9},{"damage":6,"enemies":"3 Byrds","floor":32,"turns":5}],"seed_played":"-5252406797304205763","potions_obtained":[{"floor":6,"key":"Adrenaline Potion"},{"floor":10,"key":"blueLaboratory:Moonshine"},{"floor":12,"key":"champ:CounterPotion"},{"floor":15,"key":"sneckomod:MuddlingPotion"},{"floor":16,"key":"Energy Potion"},{"floor":25,"key":"blueLaboratory:Moonshine"}],"is_trial":false,"path_per_floor":["R","M","$","R","$","M","T","?","M","E","M","M","T","?","M","B",null,"R","?","M","E","R","?","T","E","?","R","?","?","AVR","$","M"],"character_chosen":"GUARDIAN","items_purchased":["halation:LostSnail","Guardian:Gem_White","hubris:FruitBowl","trackpad:Compendium","ExplosiveVial","vexMod:BerryBomb","Simple Rune","PreservedInsect","vexMod:Dragonfruit","Blood Vial"],"campfire_rested":2,"item_purchase_floors":[3,3,31,31,31,31,31,31,31,31],"current_hp_per_floor":[69,69,69,69,65,65,65,65,65,46,39,38,38,38,31,4,110,110,120,97,80,116,116,116,105,97,120,120,120,120,35,31,31],"gold":334,"neow_bonus":"RANDOM_COMMON_RELIC","is_daily":false,"chose_seed":false,"campfire_upgraded":1,"win_rate":0.0,"timestamp":1608366116,"path_taken":["R","M","?","R","$","M","T","?","M","E","M","M","?","?","M","BOSS","R","?","?","E","R","?","T","E","?","R","?","?","AVR","?","M"],"items_purchased_type":["Relic","Card","Relic","Relic","Relic","Relic","Relic","Relic","Relic","Relic"],"build_version":"2020-12-17","purchased_purges":0,"victory":false,"max_hp_per_floor":[80,80,80,80,80,80,80,80,80,80,80,80,80,80,80,80,110,110,120,120,120,120,120,120,120,120,120,120,120,120,136,136,136],"card_choices":[{"not_picked":["Guardian:PiercingHide","Guardian:TemporalShield"],"picked":"Guardian:PrismaticBeam","floor":1},{"not_picked":["Guardian:VentSteam","Guardian:PrismaticBarrier"],"picked":"Guardian:Gem_Blue","floor":2},{"not_picked":["Guardian:RefractedBeam","Guardian:TemporalShield"],"picked":"Guardian:Gem_Cyan","floor":3},{"not_picked":["Guardian:GuardianWhirl","Guardian:RollAttack"],"picked":"Guardian:Harden","floor":5},{"not_picked":["Guardian:Reroute","Guardian:Gem_Lightblue"],"picked":"Guardian:PiercingHide","floor":6},{"not_picked":["Guardian:PiercingHide","Guardian:Gem_Purple"],"picked":"Guardian:Gem_Synthetic","floor":9},{"not_picked":["Guardian:ArmoredProtocol","Guardian:Gem_Red"],"picked":"Guardian:DecasProtection","floor":10},{"not_picked":["Guardian:Planning","Guardian:Gem_Fragmented"],"picked":"Guardian:DonusPower","floor":11},{"not_picked":["Guardian:Gem_Red","Guardian:Suspension"],"picked":"Guardian:Gem_Lightblue","floor":12},{"not_picked":["Guardian:Gem_Red","Guardian:Gem_Green"],"picked":"Guardian:PrimingBeam","floor":15},{"not_picked":["Guardian:FastForward","Guardian:StasisField"],"picked":"Guardian:TimeSifter","floor":16},{"not_picked":["Guardian:TemporalStrike","Guardian:BronzeArmor"],"picked":"Guardian:PrimingBeam+1","floor":20},{"not_picked":["Guardian:ShieldSpikes","Guardian:Gem_Cyan"],"picked":"Guardian:Gem_Purple","floor":21},{"not_picked":["Guardian:MultiBeam","Guardian:TimeCapacitor"],"picked":"Guardian:Gem_Cyan","floor":25}],"player_experience":398608,"relics_obtained":[{"floor":1,"key":"trackpad:SappingStone"},{"floor":7,"key":"Smiling Mask"},{"floor":10,"key":"Calipers"},{"floor":21,"key":"rat:ZhonyasHourglass"},{"floor":24,"key":"CeramicFish"},{"floor":25,"key":"infinitespire:PuzzleCube"},{"floor":26,"key":"PrismaticShard"}],"event_choices":[{"cards_removed":["Guardian:TimeSifter"],"damage_healed":0,"gold_gain":0,"player_choice":"Offered Rare","damage_taken":0,"max_hp_gain":10,"max_hp_loss":0,"event_name":"Bonfire Elementals","floor":19,"gold_loss":0},{"damage_healed":0,"gold_gain":0,"player_choice":"Simplicity","damage_taken":0,"max_hp_gain":0,"max_hp_loss":0,"event_name":"Back to Basics","floor":23,"gold_loss":0,"cards_upgraded":["Guardian:Strike_Guardian","Guardian:Strike_Guardian","Guardian:Strike_Guardian","Guardian:Strike_Guardian","Guardian:Defend_Guardian","Guardian:Defend_Guardian","Guardian:Defend_Guardian"]}],"is_beta":true,"boss_relics":[{"not_picked":["halation:Risk","Pandora\u0027s Box"],"picked":"vexMod:BigBerry"}],"items_purged_floors":[],"is_endless":false,"potions_floor_spawned":[6,10,12,15,16,25],"killed_by":"3 Byrds","ascension_level":0}}