{"host":"l4li6saph8sy2zni","time":1608410757,"event":{"mods":["AchievementEnabler","Aspiration","BaseMod","BetterRewards","CCEM","Colored Map","Colored Powertips","Conspire","Downfall","Energized Spire","GifTheSpireLib","Highlight Path","Hubris","Infinite Spire","Mimic Mod","Minty Spire (QoL Compilation)","Permanent Neow","Quick Restart","Relic Filter","Replay The Spire","Shop Mod","StSLib","Stuff the Spire","The Hierophant"],"gold_per_floor":[99,99,111,145,145,145,145,70,95,95,119,143,143,143,163,275,275,275,295,308,308,328,328,328,328,328,352,352,352,134,186,210,216,216],"floor_reached":33,"playtime":1796,"items_purged":[],"score":245,"play_id":"41d8150e-dc23-47a6-a6bc-870de7ccc3df","local_time":"20201219204557","is_ascension_mode":false,"campfire_choices":[{"floor":1,"key":"RECALL"},{"floor":6,"key":"REST"},{"data":"Slimebound:CorrosiveSpit","floor":8,"key":"SMITH"},{"floor":10,"key":"REST"},{"floor":21,"key":"REST"},{"floor":23,"key":"REST"}],"circlet_count":0,"master_deck":["Slimebound:Strike_Slimebound","Slimebound:Tackle","Slimebound:Defend_Slimebound","Slimebound:Split","Slimebound:CorrosiveSpit+1","Slimebound:GoopTackle","infinitespire:Starlight","Slimebound:Schlurp","Slimebound:SplitLeeching","Slimebound:TongueLash","Slimebound:RollThrough","Slimebound:SplitAcid","Injury","Slimebound:SamplingLick","Slimebound:SelfFormingGoo+1","CurseOfTheBell","Slimebound:RainOfGoop","Slimebound:RejuvenatingLick+1","Slimebound:FinishingTackle+1","Slimebound:Repurpose","Slimebound:DouseInSlime","Slimebound:SplitAcid","Slimebound:Repurpose","Slimebound:WasteNot","Slimebound:SamplingLick","Slimebound:GoopSpray"],"relics":["Slimebound:AbsorbEndCombat","Replay:Bandana","conspire:BottledYoYo","downfall:HeartBlessingRed","Molten Egg 2","Calling Bell","hubris:ToyBattleship","conspire:InfiniteJournal","CCEMRelics:D6","Gremlin Food","Slimebound:MaxSlimesRelic"],"acts_visited":["Exordium","TheCity"],"potions_floor_usage":[33,33,33],"damage_taken":[{"damage":12,"enemies":"Jaw Worm","floor":3,"turns":2},{"damage":34,"enemies":"Replay:BlueRogue","floor":4,"turns":7},{"damage":6,"enemies":"2 Louse","floor":9,"turns":2},{"damage":14,"enemies":"Cultist","floor":11,"turns":2},{"damage":10,"enemies":"Large Slime","floor":12,"turns":3},{"damage":19,"enemies":"2 Fungi Beasts","floor":15,"turns":3},{"damage":62,"enemies":"downfall:Ironclad","floor":16,"turns":8},{"damage":17,"enemies":"Chosen","floor":19,"turns":4},{"damage":31,"enemies":"Shell Parasite","floor":20,"turns":4},{"damage":63,"enemies":"Shelled Parasite and Fungi","floor":22,"turns":4},{"damage":37,"enemies":"Snecko","floor":27,"turns":5},{"damage":18,"enemies":"downfall:FleeingMerchant","floor":30,"turns":4},{"damage":57,"enemies":"Centurion and Healer","floor":32,"turns":6},{"damage":79,"enemies":"downfall:Silent","floor":33,"turns":6}],"seed_played":"1172562393908211671","potions_obtained":[{"floor":4,"key":"PowerPotion"},{"floor":9,"key":"Elixir"},{"floor":16,"key":"FearPotion"},{"floor":20,"key":"DistilledChaos"}],"is_trial":false,"path_per_floor":["R","?","M","E","?","R","T","R","M","R","M","M","?","?","M","B",null,"R_BF","M","M","R","M","R","T","?","?","M","?","?","$","T","M","B"],"character_chosen":"SLIMEBOUND","items_purchased":["Slimebound:SamplingLick","Gremlin Food"],"campfire_rested":4,"item_purchase_floors":[30,30],"current_hp_per_floor":[60,45,41,33,33,51,51,51,59,60,54,60,60,60,60,44,60,60,60,47,60,25,43,43,43,43,30,30,30,40,40,39,0,0],"gold":216,"neow_bonus":"TRANSFORM_CARD","is_daily":false,"chose_seed":false,"campfire_upgraded":1,"win_rate":0.0,"timestamp":1608410757,"path_taken":["R","?","M","E","?","R","T","R","M","R","M","?","?","?","M","BOSS","R_BF","M","?","R","M","R","T","?","?","?","?","?","$","?","M","BOSS"],"items_purchased_type":["Card","Relic"],"build_version":"2020-12-13","purchased_purges":0,"victory":false,"max_hp_per_floor":[60,60,60,60,60,60,60,60,60,60,60,60,60,60,60,60,60,60,60,60,60,60,60,60,60,60,60,60,60,60,60,60,60,60],"card_choices":[{"not_picked":["hubris:InfiniteBlow","ReplayTheSpireMod:??????????????????????"],"picked":"infinitespire:Starlight","floor":2},{"not_picked":["Slimebound:GrowthPunch","Slimebound:ComboTackle"],"picked":"Slimebound:Schlurp","floor":3},{"not_picked":["Slimebound:LeechEnergy","Slimebound:Nibble"],"picked":"Slimebound:SplitLeeching","floor":4},{"not_picked":["Slimebound:MegaLick","Slimebound:GrowthPunch"],"picked":"Slimebound:TongueLash","floor":9},{"not_picked":["Slimebound:DisruptingSlam","Slimebound:GrowthPunch"],"picked":"Slimebound:RollThrough","floor":11},{"not_picked":["Slimebound:SplitMire","Slimebound:Chomp"],"picked":"Slimebound:SplitAcid","floor":12},{"not_picked":["Slimebound:ComboTackle+1","Slimebound:SlimeSpikes"],"picked":"Slimebound:SamplingLick","floor":15},{"not_picked":["Slimebound:MinionMaster","Slimebound:SlimeSlap+1"],"picked":"Slimebound:SelfFormingGoo","floor":16},{"not_picked":["Slimebound:Prepare","Slimebound:ViciousTackle+1"],"picked":"Slimebound:RejuvenatingLick+1","floor":19},{"not_picked":["Slimebound:SlimeBarrage+1","Slimebound:GoopTackle+1"],"picked":"Slimebound:FinishingTackle+1","floor":20},{"not_picked":["Slimebound:RollThrough+1","Slimebound:ViciousTackle+1"],"picked":"Slimebound:Repurpose","floor":22},{"not_picked":["Slimebound:LeechingTouch+1","Slimebound:Prepare+1"],"picked":"Slimebound:Repurpose","floor":27},{"not_picked":["Slimebound:Chomp+1","Slimebound:MassRepurpose"],"picked":"Slimebound:WasteNot","floor":30},{"not_picked":["Slimebound:FlameTackle+1","Slimebound:SplitAcid"],"picked":"Slimebound:GoopSpray","floor":32}],"player_experience":84677,"relics_obtained":[{"floor":4,"key":"Replay:Bandana"},{"floor":7,"key":"conspire:BottledYoYo"},{"floor":17,"key":"hubris:ToyBattleship"},{"floor":17,"key":"conspire:InfiniteJournal"},{"floor":17,"key":"CCEMRelics:D6"},{"floor":31,"key":"Slimebound:MaxSlimesRelic"}],"event_choices":[{"cards_removed":["Slimebound:Defend_Slimebound"],"damage_healed":0,"gold_gain":0,"player_choice":"Offered Basic","damage_taken":0,"max_hp_gain":0,"max_hp_loss":0,"event_name":"Bonfire Elementals","floor":5,"gold_loss":0},{"damage_healed":0,"gold_gain":0,"cards_transformed":["Slimebound:Defend_Slimebound","Slimebound:Strike_Slimebound"],"player_choice":"Became Test Subject","damage_taken":0,"max_hp_gain":0,"max_hp_loss":0,"event_name":"Drug Dealer","floor":25,"gold_loss":0,"cards_obtained":["Slimebound:DouseInSlime","Slimebound:SplitAcid"]},{"damage_healed":0,"gold_gain":0,"player_choice":"Upgraded","damage_taken":0,"max_hp_gain":0,"max_hp_loss":0,"event_name":"Upgrade Shrine","floor":26,"gold_loss":0,"cards_upgraded":["Slimebound:SelfFormingGoo"]}],"is_beta":false,"boss_relics":[{"not_picked":["infinitespire:Cupcake","Empty Cage"],"picked":"Calling Bell"}],"items_purged_floors":[],"is_endless":false,"potions_floor_spawned":[4,9,16,20,27],"killed_by":"downfall:Silent","ascension_level":0}}