{"host":"61ejhfsushs0xmcl","time":1608373422,"event":{"mods":["ATMod(°¢èªMod)","BaseMod","Colored Map","Gold Saver","Minty Spire (QoL Compilation)","MostiFishMod","StSLib","Waifu the Spire"],"gold_per_floor":[2019,1457,1468,1393,1393,1393,1426,1426,1426,1437,1470,1481,1481,1495,1495,1567,1567,1577,1594,1594,1611,1625,1659,1659,1686,1686,1686,1249,1275,1375,1410,1410,1481,1481,1493,1493,1508,1522,1570,1570,1570,1586,1586,1229,1239,767,781,806,806,806,806,806,806,529,607,632],"floor_reached":57,"playtime":2914,"items_purged":["Strike_G","Strike_G","Neutralize","Flechettes","Defend_G"],"score":4065,"play_id":"4dc23a15-fb6e-4e7c-8e23-cb7c33c1e1ce","local_time":"20201219182342","is_ascension_mode":true,"campfire_choices":[{"data":"AT_DivineConfetti","floor":6,"key":"SMITH"},{"data":"AT_Desolate","floor":8,"key":"SMITH"},{"data":"Blade Dance","floor":15,"key":"SMITH"},{"data":"Envenom","floor":24,"key":"SMITH"},{"data":"Acrobatics","floor":27,"key":"SMITH"},{"data":"Sadistic Nature","floor":32,"key":"SMITH"},{"floor":40,"key":"RECALL"},{"data":"Concentrate","floor":49,"key":"SMITH"},{"data":"MostiFishMod:Listen","floor":53,"key":"SMITH"}],"circlet_count":0,"master_deck":["AscendersBane","Defend_G","Defend_G","Defend_G","Defend_G","Survivor","AT_DivineConfetti+1","Sadistic Nature+1","Prepared","Glass Knife","AT_Desolate+1","Blade Dance+1","Concentrate+1","Envenom+1","Acrobatics+1","MostiFishMod:Listen+1","MostiFishMod:Neurotoxin+1","Adrenaline","Acrobatics","Reflex+1","Prepared+1","AT_EssenceShift+1","Cloak And Dagger+1","MostiFishMod:ShivMaster+1","MostiFishMod:Dislodge+1"],"relics":["Ring of the Snake","DaveBox","AT_ATBox","NeowsBlessing","ThornShield","Question Card","Vajra","Gambling Chip","Blood Vial","ImportantClient","GuanYuAspect","Bronze Scales","AT_SeraphEmbrace","Toy Ornithopter","Frozen Egg 2","Bag of Preparation","Gremlin Horn","Incense Burner","Calipers","StrikeDummy","Darkstone Periapt","ChiXiaoBlade","Bag of Marbles","Potion Belt","Ice Cream","Toxic Egg 2","Orrery","Dream Catcher","AT_MibuBalloonWealth","Anchor"],"acts_visited":["Exordium","TheCity","TheBeyond","TheEnding"],"potions_floor_usage":[30,56,56,56,56],"damage_taken":[{"damage":0.0,"enemies":"2 Louse","floor":1.0,"turns":1.0},{"damage":0.0,"enemies":"Small Slimes","floor":3.0,"turns":1.0},{"damage":0,"enemies":"3 Sentries","floor":7,"turns":2},{"damage":0,"enemies":"Cultist","floor":10,"turns":2},{"damage":0,"enemies":"Gremlin Nob","floor":11,"turns":2},{"damage":10,"enemies":"Gremlin Gang","floor":12,"turns":2},{"damage":8,"enemies":"2 Fungi Beasts","floor":14,"turns":3},{"damage":24,"enemies":"Hexaghost","floor":16,"turns":4},{"damage":12,"enemies":"3 Byrds","floor":18,"turns":4},{"damage":13,"enemies":"Shell Parasite","floor":19,"turns":3},{"damage":0,"enemies":"Sentry and Sphere","floor":21,"turns":2},{"damage":0,"enemies":"Snake Plant","floor":22,"turns":1},{"damage":18,"enemies":"Slavers","floor":23,"turns":3},{"damage":3,"enemies":"Gremlin Leader","floor":25,"turns":2},{"damage":0,"enemies":"Slavers","floor":29,"turns":1},{"damage":0,"enemies":"Colosseum Slavers","floor":30,"turns":1},{"damage":0,"enemies":"Colosseum Nobs","floor":30,"turns":2},{"damage":0,"enemies":"Gremlin Leader","floor":31,"turns":2},{"damage":22,"enemies":"Champ","floor":33,"turns":4},{"damage":0,"enemies":"Orb Walker","floor":35,"turns":1},{"damage":0,"enemies":"3 Darklings","floor":37,"turns":1},{"damage":0,"enemies":"Maw","floor":38,"turns":3},{"damage":0,"enemies":"Jaw Worm Horde","floor":42,"turns":1},{"damage":8,"enemies":"Sphere and 2 Shapes","floor":45,"turns":2},{"damage":0,"enemies":"Transient","floor":47,"turns":2},{"damage":0,"enemies":"Giant Head","floor":48,"turns":1},{"damage":0,"enemies":"Donu and Deca","floor":50,"turns":1},{"damage":0,"enemies":"Awakened One","floor":51,"turns":2},{"damage":0,"enemies":"Shield and Spear","floor":55,"turns":2},{"damage":38,"enemies":"The Heart","floor":56,"turns":4}],"seed_played":"-2767291495389779466","potions_obtained":[{"floor":3.0,"key":"SmokeBomb"},{"floor":12,"key":"SkillPotion"},{"floor":16,"key":"Dexterity Potion"},{"floor":30,"key":"Fruit Juice"},{"floor":33,"key":"Energy Potion"},{"floor":38,"key":"PowerPotion"},{"floor":47,"key":"Explosive Potion"},{"floor":48,"key":"Weak Potion"}],"is_trial":false,"path_per_floor":["M","$","M","?","?","R","E","R","T","M","E","M","?","M","R","B",null,"M","M","?","M","M","E","R","E","T","R","$","E","?","E","R","B",null,"M","?","M","M","T","R","?","M","T","$","M","$","M","E","R","B","B",null,"R","$","E","B",null],"character_chosen":"THE_SILENT","items_purchased":["Sadistic Nature","Flechettes","Prepared","Vajra","Bag of Preparation","Gremlin Horn","Ice Cream","Toxic Egg 2","Orrery","AT_MibuBalloonWealth"],"campfire_rested":0,"item_purchase_floors":[2,2,2,2,28,28,44,46,46,54],"current_hp_per_floor":[59,59,59,59,59,59,59,59,59,59,59,51,51,45,45,23,33,31,26,26,31,33,29,29,33,33,33,33,33,38,38,38,30,33,38,38,38,38,38,38,38,38,38,38,38,38,38,38,38,38,38,38,38,38,38,38],"gold":632,"neow_bonus":"THREE_ENEMY_KILL","is_daily":false,"chose_seed":false,"campfire_upgraded":8,"win_rate":0.0,"timestamp":1608373422,"path_taken":["M","$","M","?","?","R","E","R","T","M","E","M","?","M","R","BOSS","M","M","?","M","?","E","R","E","T","R","$","E","?","E","R","BOSS","M","?","M","M","?","R","?","?","T","$","M","$","M","E","R","BOSS","BOSS","R","$","E","BOSS"],"items_purchased_type":["Card","Card","Card","Relic","Relic","Relic","Relic","Relic","Relic","Relic"],"build_version":"2020-12-13","purchased_purges":5,"victory":true,"max_hp_per_floor":[66,66,66,66,66,66,66,66,66,66,66,66,66,66,66,66,33,33,33,33,33,33,33,33,33,33,33,33,33,38,38,38,38,38,38,38,38,38,38,38,38,38,38,38,38,38,38,38,38,38,38,38,38,38,38,38],"card_choices":[{"not_picked":["Underhanded Strike","Bane","Choke"],"picked":"SKIP","floor":1.0},{"not_picked":["Expertise","Dodge and Roll","Slice","PiercingWail"],"picked":"SKIP","floor":3.0},{"not_picked":["MostiFishMod:AdrenalineArouse","Bane","Backflip"],"picked":"AT_Desolate","floor":7},{"not_picked":["Deflect","Catalyst","MostiFishMod:PreservedThorns"],"picked":"Blade Dance","floor":10},{"not_picked":["Quick Slash","Underhanded Strike","AT_WindFlip"],"picked":"MostiFishMod:Neurotoxin","floor":11},{"not_picked":["PiercingWail","Quick Slash","Blade Dance"],"picked":"Concentrate","floor":12},{"not_picked":["Blade Dance","PiercingWail","AT_WomanClash","Well Laid Plans"],"picked":"SKIP","floor":14},{"not_picked":["Tools of the Trade","After Image","Doppelganger"],"picked":"Envenom","floor":16},{"not_picked":["AT_Desolate","Tactician+1","MostiFishMod:PoisonShield","Slice"],"picked":"SKIP","floor":18},{"not_picked":["Dagger Spray+1","Crippling Poison","Terror","Quick Slash"],"picked":"SKIP","floor":19},{"not_picked":["Cloak And Dagger","MostiFishMod:PoisonShield","MostiFishMod:PerfectParry","Quick Slash"],"picked":"SKIP","floor":21},{"not_picked":["Backflip","Dagger Throw","Flying Knee"],"picked":"Acrobatics","floor":22},{"not_picked":["Terror","Unload","Blur","Flying Knee"],"picked":"SKIP","floor":23},{"not_picked":["Backstab","Eviscerate+1","Wraith Form v2"],"picked":"MostiFishMod:Listen","floor":25},{"not_picked":["Blur+1","Prepared","Dagger Spray","MostiFishMod:FrostNova"],"picked":"SKIP","floor":29},{"not_picked":["Deflect","Dagger Spray","Backstab","Finisher"],"picked":"SKIP","floor":31},{"not_picked":["MostiFishMod:Confrontation","A Thousand Cuts+1","Wraith Form v2+1"],"picked":"MostiFishMod:Neurotoxin+1","floor":33},{"not_picked":["Outmaneuver+1","Distraction","Quick Slash","Bane"],"picked":"SKIP","floor":35},{"not_picked":["Dagger Spray","MostiFishMod:PreservedThorns+1","Dagger Throw","PiercingWail+1"],"picked":"SKIP","floor":37},{"not_picked":["Flying Knee","Deadly Poison","Underhanded Strike","MostiFishMod:PerfectParry+1"],"picked":"SKIP","floor":38},{"not_picked":["Dagger Throw","Deflect+1","Choke","Outmaneuver"],"picked":"SKIP","floor":42},{"not_picked":["Backflip","Wraith Form v2+1","Quick Slash"],"picked":"Acrobatics","floor":45},{"not_picked":["Footwork+1","Dagger Spray","Underhanded Strike"],"picked":"Reflex+1","floor":46},{"not_picked":["Outmaneuver+1","Choke+1","Slice"],"picked":"Prepared+1","floor":46},{"not_picked":["Flying Knee","PiercingWail+1","Poisoned Stab"],"picked":"AT_EssenceShift+1","floor":46},{"not_picked":["AT_ThistleTea+1","Well Laid Plans+1","Bane"],"picked":"Cloak And Dagger+1","floor":47},{"not_picked":["MostiFishMod:FrostNova+1","Quick Slash","AT_ShadowStep+1"],"picked":"MostiFishMod:ShivMaster+1","floor":48},{"not_picked":["Sucker Punch","Tactician+1","PiercingWail+1"],"picked":"MostiFishMod:Dislodge+1","floor":55}],"player_experience":730298,"relics_obtained":[{"floor":1.0,"key":"Question Card"},{"floor":7,"key":"Gambling Chip"},{"floor":11,"key":"Blood Vial"},{"floor":16,"key":"ImportantClient"},{"floor":23,"key":"AT_ArchangelStaff"},{"floor":25,"key":"Toy Ornithopter"},{"floor":26,"key":"Frozen Egg 2"},{"floor":29,"key":"Incense Burner"},{"floor":30,"key":"Calipers"},{"floor":30,"key":"StrikeDummy"},{"floor":31,"key":"Darkstone Periapt"},{"floor":39,"key":"Bag of Marbles"},{"floor":43,"key":"Potion Belt"},{"floor":48,"key":"Dream Catcher"},{"floor":55,"key":"Anchor"}],"event_choices":[{"cards_removed":["Strike_G"],"damage_healed":0.0,"max_hp_gain":0.0,"max_hp_loss":0.0,"gold_gain":0.0,"event_name":"The Cleric","player_choice":"Card Removal","floor":4.0,"gold_loss":75.0,"damage_taken":0.0},{"damage_healed":0.0,"max_hp_gain":0.0,"max_hp_loss":0.0,"gold_gain":0.0,"cards_transformed":["Strike_G"],"event_name":"Living Wall","player_choice":"Change","floor":5.0,"gold_loss":0.0,"damage_taken":0.0,"cards_obtained":["Glass Knife"]},{"damage_healed":0,"gold_gain":0,"cards_transformed":["Strike_G"],"player_choice":"Transformed","damage_taken":0,"max_hp_gain":0,"max_hp_loss":0,"event_name":"Transmorgrifier","floor":13,"gold_loss":0,"cards_obtained":["Night Terror"]},{"cards_removed":["Night Terror"],"damage_healed":0,"gold_gain":0,"player_choice":"Gave Card","damage_taken":0,"relics_obtained":["Bronze Scales"],"max_hp_gain":0,"max_hp_loss":0,"event_name":"WeMeetAgain","floor":20,"gold_loss":0},{"damage_healed":0,"gold_gain":0,"player_choice":"Fight","damage_taken":0,"max_hp_gain":0,"max_hp_loss":0,"event_name":"Colosseum","floor":30,"gold_loss":0},{"damage_healed":0,"gold_gain":0,"player_choice":"Fought Nobs","damage_taken":0,"max_hp_gain":0,"max_hp_loss":0,"event_name":"Colosseum","floor":30,"gold_loss":0},{"damage_healed":0,"gold_gain":0,"player_choice":"Ignored","damage_taken":0,"max_hp_gain":0,"max_hp_loss":0,"event_name":"Tomb of Lord Red Mask","floor":36,"gold_loss":0},{"damage_healed":0,"gold_gain":0,"cards_transformed":["MostiFishMod:Neurotoxin"],"player_choice":"Transformed","damage_taken":0,"max_hp_gain":0,"max_hp_loss":0,"event_name":"Transmorgrifier","floor":41,"gold_loss":0,"cards_obtained":["Adrenaline"]}],"is_beta":false,"boss_relics":[{"not_picked":["BirthdayGift-Tetrahedron","Fusion Hammer"],"picked":"GuanYuAspect"},{"not_picked":["Calling Bell","TakeMeEscape"],"picked":"ChiXiaoBlade"}],"items_purged_floors":[2,28,44,46,54],"is_endless":false,"potions_floor_spawned":[3,12,16,21,30,30,33,38,47,48],"ascension_level":20}}