{"host":"f9pzaat4ol30qeex","time":1608364214,"event":{"mods":["Ascension Reborn","BaseMod","Better Vampires","Colored Map","Colored Powertips","Downfall","Highlight Path","Minty Spire (QoL Compilation)","MostiFishMod","Quick Restart","Relic Stats","RyuuouÁúÍõ","Shop Mod","Spicy Shops","StSLib","noobMod","vexMod","óô»ðÖ¸ÄÏ"],"gold_per_floor":[117,133,133,6,20,20,47,67,67,100,219036,219069,217943,217955,216664,216763,216763,216773,216773,216773,216773,216783,215770,215798,192604,192685,192685,192685,192728,192728,192737,192737,192844,192844,192873,192873,172284,172284,172293,172328,172328,172328,172328,171543,171611,170584,170173,170193,170193,170193],"floor_reached":51,"playtime":2957,"items_purged":["Strike_B","Strike_B","Strike_B","Strike_B","Defend_B","Defend_B","Defend_B","Defend_B","Dualcast","Panache","Static Discharge","Ball Lightning","Zap+1","Thunder Strike"],"score":1048,"play_id":"6b6a8cb7-a0de-4e94-94ee-62ce31daf5dc","local_time":"20201219155014","is_ascension_mode":true,"campfire_choices":[{"data":"Capacitor","floor":6.0,"key":"SMITH"},{"data":"Hello World","floor":27,"key":"SMITH"},{"data":"Loop","floor":32,"key":"SMITH"},{"data":"Pride","floor":41,"key":"PURGE"},{"floor":42,"key":"DIG"},{"data":"MostiFishMod:IntelligentEquipment","floor":49,"key":"PURGE"}],"circlet_count":92,"master_deck":["Capacitor+1","Storm+1","Lockon","Self Repair","Jack Of All Trades+1","Loop+1","Apotheosis+1","Double Energy+1","White Noise+1","Hello World+1","Consume+1","Blind+1","Electrodynamics+1","Turbo+1","Turbo+1","expansioncontent:CaCaw+1","Impatience+1","MostiFishMod:ActiveDefenseSystem+1","Magnetism+1","White Noise+1","White Noise+1"],"relics":["Cracked Core","DaveBox","ice","HaiYi:Twilight","Question Card","PreservedInsect","Prayer Wheel","Toy Ornithopter","Juzu Bracelet","Sling","Bag of Marbles","MerchantsRug","Ornamental Fan","Happy Flower","Orichalcum","Oddly Smooth Stone","Bronze Scales","Toolbox","vexMod:BarristanHead","SynthV","Pocketwatch","Art of War","Bag of Preparation","ImportantClient","BirthdayGift-Icosahedron","Lee\u0027s Waffle","InkBottle","Potion Belt","Old Coin","Orrery","Bottled Tornado","The Courier","CeramicFish","Pantograph","Lantern","Lizard Tail","War Paint","Gremlin Horn","Frozen Egg 2","Toxic Egg 2","vexMod:PaidLearning","ArrowTower","vexMod:InvisibilityCloak","Cables","Mummified Hand","Pen Nib","Torii","OrangePellets","Mercury Hourglass","Omamori","Akabeko","Anchor","Calipers","Bottled Lightning","Vajra","Kunai","MealTicket","DataDisk","SynthV:C4","Dream Catcher","Molten Egg 2","Boot","Pear","vexMod:HeadHunter","Tiny Chest","vexMod:ScavengeHelm","Question Card","Ancient Tea Set","Matryoshka","Regal Pillow","Darkstone Periapt","Bottled Flame","vexMod:Dragonfruit","Symbiotic Virus","Shuriken","Singing Bowl","White Beast Statue","Thread and Needle","vexMod:ConsolationPrize","HornCleat","Letter Opener","Sundial","Blue Candle","ImprovedEquipment","Bird Faced Urn","WingedGreaves","DianPoetry","Dead Branch","CaptainsWheel","Unceasing Top","Centennial Puzzle","Girya","Turnip","Ice Cream","vexMod:PlasmaPancake","FossilizedHelix","Peace Pipe","ThornShield","Emotion Chip","StoneCalendar","DianDianMeat","Mango","Du-Vu Doll","Civilization","CombinedTypeHook","vexMod:RedPlottingStone","BionicSphere","vexMod:CardConverter","TungstenRod","Meat on the Bone","Incense Burner","Ginger","SentryEyes","Circlet","StrikeDummy","Shovel","Nunchaku","RhineCircuit","ChiLing","Chi","Ling","Frozen Eye","ClockworkSouvenir","Membership Card","Strange Spoon","vexMod:Spyglass","DollysMirror"],"acts_visited":["Exordium","TheCity","TheBeyond"],"potions_floor_usage":[],"damage_taken":[{"damage":6.0,"enemies":"2 Louse","floor":1.0,"turns":2.0},{"damage":0.0,"enemies":"Cultist","floor":2.0,"turns":3.0},{"damage":10.0,"enemies":"Small Slimes","floor":5.0,"turns":3.0},{"damage":60.0,"enemies":"Gremlin Nob","floor":7.0,"turns":6.0},{"damage":0.0,"enemies":"Gremlin Gang","floor":8.0,"turns":4.0},{"damage":14.0,"enemies":"Lagavulin","floor":10.0,"turns":4.0},{"damage":11.0,"enemies":"Gremlin Nob","floor":12.0,"turns":3.0},{"damage":8.0,"enemies":"Blue Slaver","floor":14.0,"turns":1.0},{"damage":9.0,"enemies":"The Guardian","floor":16.0,"turns":4.0},{"damage":0.0,"enemies":"Chosen","floor":18.0,"turns":2.0},{"damage":0.0,"enemies":"3 Byrds","floor":22.0,"turns":1.0},{"damage":0.0,"enemies":"Gremlin Leader","floor":24.0,"turns":1.0},{"damage":0,"enemies":"Book of Stabbing","floor":29,"turns":1},{"damage":0,"enemies":"Champ","floor":33,"turns":1},{"damage":0,"enemies":"3 Darklings","floor":35,"turns":1},{"damage":0,"enemies":"Giant Head","floor":40,"turns":1},{"damage":0,"enemies":"3 Shapes","floor":48,"turns":1},{"damage":0,"enemies":"Awakened One","floor":50,"turns":2}],"seed_played":"8673826093325952106","potions_obtained":[{"floor":1.0,"key":"FearPotion"},{"floor":8.0,"key":"FearPotion"},{"floor":10.0,"key":"Fire Potion"},{"floor":18.0,"key":"Energy Potion"},{"floor":29,"key":"ColorlessPotion"},{"floor":33,"key":"PotionOfCapacity"}],"is_trial":false,"path_per_floor":["M","M","?","$","M","R","E","M","T","E","R","E","R","M","R","B",null,"M","?","?","?","M","R","E","R","T","R","?","E","?","?","R","B",null,"M","T","$","?","?","E","R","R","T","$","T","R","$","M","R","B",null],"character_chosen":"DEFECT","items_purchased":["AttackPotion","Lockon","Juzu Bracelet","Sling","Bag of Marbles","Panache","Self Repair","MerchantsRug","Happy Flower","Orichalcum","Oddly Smooth Stone","Bronze Scales","Jack Of All Trades","Toolbox","FocusPotion","Loop","vexMod:BarristanHead","SynthV","Pocketwatch","Art of War","Bag of Preparation","Apotheosis","Lee\u0027s Waffle","InkBottle","Potion Belt","Old Coin","Orrery","Hello World","The Courier","CeramicFish","Pantograph","Lantern","Lizard Tail","War Paint","Gremlin Horn","Frozen Egg 2","Toxic Egg 2","vexMod:PaidLearning","ArrowTower","vexMod:InvisibilityCloak","Cables","Mummified Hand","Pen Nib","Torii","OrangePellets","Mercury Hourglass","Omamori","Akabeko","Anchor","Calipers","Bottled Lightning","Vajra","Kunai","MealTicket","DataDisk","SynthV:C4","Dream Catcher","Molten Egg 2","Boot","Pear","vexMod:HeadHunter","Tiny Chest","vexMod:ScavengeHelm","Question Card","Ancient Tea Set","Matryoshka","Regal Pillow","Darkstone Periapt","Bottled Flame","vexMod:Dragonfruit","Symbiotic Virus","Shuriken","Singing Bowl","White Beast Statue","Thread and Needle","vexMod:ConsolationPrize","HornCleat","Letter Opener","Sundial","Blue Candle","ImprovedEquipment","Bird Faced Urn","WingedGreaves","DianPoetry","Dead Branch","CaptainsWheel","Unceasing Top","Centennial Puzzle","Girya","Turnip","Ice Cream","vexMod:PlasmaPancake","FossilizedHelix","Peace Pipe","ThornShield","Emotion Chip","StoneCalendar","DianDianMeat","Mango","Du-Vu Doll","Civilization","CombinedTypeHook","vexMod:RedPlottingStone","BionicSphere","vexMod:CardConverter","TungstenRod","Meat on the Bone","Incense Burner","Ginger","SentryEyes","Circlet","Circlet","Circlet","Circlet","Circlet","Circlet","Circlet","Circlet","Circlet","Circlet","Circlet","Circlet","Circlet","Circlet","Circlet","Circlet","Circlet","Circlet","Circlet","StrikeDummy","Shovel","Nunchaku","ChiLing","Frozen Eye","Circlet","Circlet","Circlet","Circlet","Circlet","Circlet","Circlet","Circlet","Circlet","Circlet","Circlet","Circlet","Circlet","Circlet","Circlet","Circlet","Circlet","Circlet","Circlet","Circlet","Circlet","Circlet","Circlet","Circlet","Circlet","Circlet","Circlet","Circlet","Circlet","Circlet","Circlet","Circlet","Circlet","Circlet","Circlet","Circlet","Circlet","Circlet","Circlet","Circlet","Circlet","Circlet","Circlet","Circlet","Circlet","Circlet","Circlet","Circlet","Circlet","Circlet","Circlet","Circlet","Circlet","Circlet","Circlet","Circlet","Circlet","Circlet","Circlet","Circlet","Circlet","Circlet","Circlet","expansioncontent:CaCaw+1","Circlet","ClockworkSouvenir","Magnetism+1","White Noise+1","Membership Card","Strange Spoon","vexMod:Spyglass","ColorlessPotion","DollysMirror"],"campfire_rested":0,"item_purchase_floors":[4,11,11,11,11,11,11,11,13,13,13,13,13,13,13,15,15,15,15,15,15,15,23,23,23,23,23,25,25,25,25,25,25,25,25,25,25,25,25,25,25,25,25,25,25,25,25,25,25,25,25,25,25,25,25,25,25,25,25,25,25,25,25,25,25,25,25,25,25,25,25,25,25,25,25,25,25,25,25,25,25,25,25,25,25,25,25,25,25,25,25,25,25,25,25,25,25,25,25,25,25,25,25,25,25,25,25,25,25,25,25,25,25,25,25,25,25,25,25,25,25,25,25,25,25,25,25,25,25,25,25,25,37,37,37,37,37,37,37,37,37,37,37,37,37,37,37,37,37,37,37,37,37,37,37,37,37,37,37,37,37,37,37,37,37,37,37,37,37,37,37,37,37,37,37,37,37,37,37,37,37,37,37,37,37,37,37,37,37,37,37,37,37,37,37,37,37,37,44,44,46,46,46,46,47,47,47],"current_hp_per_floor":[76,76,76,76,66,66,82,82,82,68,68,64,64,56,56,47,95,97,91,91,91,97,104,104,139,139,139,139,145,115,109,109,161,161,182,182,190,190,199,220,220,220,220,220,220,243,256,272,272,289],"gold":170193,"neow_bonus":"TEN_PERCENT_HP_BONUS","is_daily":false,"chose_seed":false,"campfire_upgraded":3,"win_rate":0.0,"timestamp":1608364214,"path_taken":["M","M","?","$","?","R","E","M","T","E","R","E","R","M","R","BOSS","M","?","?","?","M","R","E","R","T","R","?","E","?","?","R","BOSS","M","?","$","?","?","E","R","R","T","?","?","R","$","M","R","BOSS"],"items_purchased_type":["Potion","Card","Relic","Relic","Relic","Card","Card","Relic","Relic","Relic","Relic","Relic","Card","Relic","Potion","Card","Relic","Relic","Relic","Relic","Relic","Card","Relic","Relic","Relic","Relic","Relic","Card","Relic","Relic","Relic","Relic","Relic","Relic","Relic","Relic","Relic","Relic","Relic","Relic","Relic","Relic","Relic","Relic","Relic","Relic","Relic","Relic","Relic","Relic","Relic","Relic","Relic","Relic","Relic","Relic","Relic","Relic","Relic","Relic","Relic","Relic","Relic","Relic","Relic","Relic","Relic","Relic","Relic","Relic","Relic","Relic","Relic","Relic","Relic","Relic","Relic","Relic","Relic","Relic","Relic","Relic","Relic","Relic","Relic","Relic","Relic","Relic","Relic","Relic","Relic","Relic","Relic","Relic","Relic","Relic","Relic","Relic","Relic","Relic","Relic","Relic","Relic","Relic","Relic","Relic","Relic","Relic","Relic","Relic","Undefined","Undefined","Undefined","Undefined","Undefined","Undefined","Undefined","Undefined","Undefined","Undefined","Undefined","Undefined","Undefined","Undefined","Undefined","Undefined","Undefined","Undefined","Undefined","Relic","Relic","Relic","Relic","Relic","Undefined","Undefined","Undefined","Undefined","Undefined","Undefined","Undefined","Undefined","Undefined","Undefined","Undefined","Undefined","Undefined","Undefined","Undefined","Undefined","Undefined","Undefined","Undefined","Undefined","Undefined","Undefined","Undefined","Undefined","Undefined","Undefined","Undefined","Undefined","Undefined","Undefined","Undefined","Undefined","Undefined","Undefined","Undefined","Undefined","Undefined","Undefined","Undefined","Undefined","Undefined","Undefined","Undefined","Undefined","Undefined","Undefined","Undefined","Undefined","Undefined","Undefined","Undefined","Undefined","Undefined","Undefined","Undefined","Undefined","Undefined","Undefined","Undefined","Undefined","Undefined","Undefined","Undefined","Card","Undefined","Relic","Card","Card","Relic","Relic","Relic","Potion","Relic"],"build_version":"2020-12-13","purchased_purges":14,"victory":true,"max_hp_per_floor":[82,82,82,82,82,82,82,86,86,88,88,89,89,90,90,95,95,97,97,97,97,97,104,104,139,139,139,139,145,150,154,154,161,161,182,182,190,190,199,220,220,220,220,220,220,243,256,272,272,289],"relic_stats":{"Gremlin Horn":[6,7],"CeramicFish":99,"Ginger":[0],"Boot":[0],"Lizard Tail":0,"Centennial Puzzle":[0],"Sundial":[2],"Prayer Wheel":6,"MealTicket":0,"Kunai":[0],"Happy Flower":[5],"counters":[18,41],"Blue Candle":[1],"Dead Branch":[24],"Pen Nib":[0],"Letter Opener":[40],"War Paint":["Zap","Jack Of All Trades"],"Question Card":37,"Cables":[1,1,0,0,0],"OrangePellets":[1],"Shuriken":[0],"Bronze Scales":[14],"Bird Faced Urn":[8],"obtain_stats":[{"Ginger":25,"Bottled Tornado":24,"Sling":11,"Boot":25,"Old Coin":23,"vexMod:InvisibilityCloak":25,"vexMod:CardConverter":25,"Sundial":25,"MealTicket":25,"Kunai":25,"DianDianMeat":25,"MerchantsRug":11,"Pear":25,"Blue Candle":25,"Pen Nib":25,"Akabeko":25,"Cables":25,"Ling":37,"Bird Faced Urn":25,"BionicSphere":25,"SentryEyes":25,"StrikeDummy":25,"Unceasing Top":25,"ChiLing":37,"vexMod:PlasmaPancake":25,"Lantern":25,"Regal Pillow":25,"DaveBox":0,"Torii":25,"Singing Bowl":25,"DianPoetry":25,"StoneCalendar":25,"Bag of Preparation":15,"Ancient Tea Set":25,"SynthV:C4":25,"Civilization":25,"Matryoshka":25,"Shovel":25,"vexMod:RedPlottingStone":25,"Toolbox":13,"WingedGreaves":25,"InkBottle":23,"Potion Belt":23,"Lee\u0027s Waffle":23,"ImprovedEquipment":25,"Circlet":25,"Thread and Needle":25,"PreservedInsect":3,"The Courier":25,"Omamori":25,"Frozen Egg 2":25,"ThornShield":25,"HaiYi:Twilight":1,"Ornamental Fan":12,"Orrery":23,"Turnip":25,"Art of War":15,"Bottled Lightning":25,"Toy Ornithopter":10,"Ice Cream":25,"CombinedTypeHook":25,"Calipers":25,"Gremlin Horn":25,"Chi":37,"CeramicFish":25,"Vajra":25,"ice":0,"BirthdayGift-Icosahedron":17,"Lizard Tail":25,"Centennial Puzzle":25,"HornCleat":25,"DollysMirror":47,"Prayer Wheel":7,"Toxic Egg 2":25,"ImportantClient":16,"Girya":25,"Happy Flower":13,"vexMod:ScavengeHelm":25,"Dead Branch":25,"Oddly Smooth Stone":13,"vexMod:PaidLearning":25,"Letter Opener":25,"War Paint":25,"Question Card":1,"RhineCircuit":34,"Du-Vu Doll":25,"OrangePellets":25,"Bottled Flame":25,"Shuriken":25,"Bronze Scales":13,"Molten Egg 2":25,"ArrowTower":25,"Symbiotic Virus":25,"Pocketwatch":15,"Meat on the Bone":25,"Darkstone Periapt":25,"SynthV":15,"Mango":25,"Juzu Bracelet":11,"Incense Burner":25,"vexMod:Spyglass":47,"ClockworkSouvenir":44,"Frozen Eye":37,"Dream Catcher":25,"Emotion Chip":25,"Nunchaku":25,"Mummified Hand":25,"Pantograph":25,"Tiny Chest":25,"Cracked Core":0,"vexMod:ConsolationPrize":25,"Orichalcum":13,"White Beast Statue":25,"Mercury Hourglass":25,"vexMod:Dragonfruit":25,"Peace Pipe":25,"Strange Spoon":46,"Anchor":25,"DataDisk":25,"CaptainsWheel":25,"vexMod:BarristanHead":15,"vexMod:HeadHunter":25,"Bag of Marbles":11,"Membership Card":46,"FossilizedHelix":25,"TungstenRod":25},{"Ginger":12,"Bottled Tornado":12,"Sling":6,"Boot":12,"Old Coin":11,"vexMod:InvisibilityCloak":12,"vexMod:CardConverter":12,"Sundial":12,"MealTicket":12,"Kunai":12,"DianDianMeat":12,"MerchantsRug":6,"Pear":12,"Blue Candle":12,"Pen Nib":12,"Akabeko":12,"Cables":12,"Ling":15,"Bird Faced Urn":12,"BionicSphere":12,"SentryEyes":12,"StrikeDummy":12,"Unceasing Top":12,"ChiLing":15,"vexMod:PlasmaPancake":12,"Lantern":12,"Regal Pillow":12,"DaveBox":0,"Torii":12,"Singing Bowl":12,"DianPoetry":12,"StoneCalendar":12,"Bag of Preparation":8,"Ancient Tea Set":12,"SynthV:C4":12,"Civilization":12,"Matryoshka":12,"Shovel":12,"vexMod:RedPlottingStone":12,"Toolbox":7,"WingedGreaves":12,"InkBottle":11,"Potion Belt":11,"Lee\u0027s Waffle":11,"ImprovedEquipment":12,"Circlet":12,"Thread and Needle":12,"PreservedInsect":2,"The Courier":12,"Omamori":12,"Frozen Egg 2":12,"ThornShield":12,"HaiYi:Twilight":1,"Ornamental Fan":7,"Orrery":11,"Turnip":12,"Art of War":8,"Bottled Lightning":12,"Toy Ornithopter":6,"Ice Cream":12,"CombinedTypeHook":12,"Calipers":12,"Gremlin Horn":12,"Chi":15,"CeramicFish":12,"Vajra":12,"ice":0,"BirthdayGift-Icosahedron":9,"Lizard Tail":12,"Centennial Puzzle":12,"HornCleat":12,"DollysMirror":16,"Prayer Wheel":4,"Toxic Egg 2":12,"ImportantClient":9,"Girya":12,"Happy Flower":7,"vexMod:ScavengeHelm":12,"Dead Branch":12,"Oddly Smooth Stone":7,"vexMod:PaidLearning":12,"Letter Opener":12,"War Paint":12,"Question Card":1,"RhineCircuit":14,"Du-Vu Doll":12,"OrangePellets":12,"Bottled Flame":12,"Shuriken":12,"Bronze Scales":7,"Molten Egg 2":12,"ArrowTower":12,"Symbiotic Virus":12,"Pocketwatch":8,"Meat on the Bone":12,"Darkstone Periapt":12,"SynthV":8,"Mango":12,"Juzu Bracelet":6,"Incense Burner":12,"vexMod:Spyglass":16,"ClockworkSouvenir":16,"Frozen Eye":15,"Dream Catcher":12,"Emotion Chip":12,"Nunchaku":12,"Mummified Hand":12,"Pantograph":12,"Tiny Chest":12,"Cracked Core":0,"vexMod:ConsolationPrize":12,"Orichalcum":7,"White Beast Statue":12,"Mercury Hourglass":12,"vexMod:Dragonfruit":12,"Peace Pipe":12,"Strange Spoon":16,"Anchor":12,"DataDisk":12,"CaptainsWheel":12,"vexMod:BarristanHead":8,"vexMod:HeadHunter":12,"Bag of Marbles":6,"Membership Card":16,"FossilizedHelix":12,"TungstenRod":12},{"Ginger":34,"Bottled Tornado":34,"Sling":22,"Boot":34,"Old Coin":33,"vexMod:InvisibilityCloak":34,"vexMod:CardConverter":34,"Sundial":34,"MealTicket":34,"Kunai":34,"DianDianMeat":34,"MerchantsRug":22,"Pear":34,"Blue Candle":34,"Pen Nib":34,"Akabeko":34,"Cables":34,"Ling":37,"Bird Faced Urn":34,"BionicSphere":34,"SentryEyes":34,"StrikeDummy":34,"Unceasing Top":34,"ChiLing":37,"vexMod:PlasmaPancake":34,"Lantern":34,"Regal Pillow":34,"DaveBox":0,"Torii":34,"Singing Bowl":34,"DianPoetry":34,"StoneCalendar":34,"Bag of Preparation":26,"Ancient Tea Set":34,"SynthV:C4":34,"Civilization":34,"Matryoshka":34,"Shovel":34,"vexMod:RedPlottingStone":34,"Toolbox":25,"WingedGreaves":34,"InkBottle":33,"Potion Belt":33,"Lee\u0027s Waffle":33,"ImprovedEquipment":34,"Circlet":34,"Thread and Needle":34,"PreservedInsect":5,"The Courier":34,"Omamori":34,"Frozen Egg 2":34,"ThornShield":34,"HaiYi:Twilight":1,"Ornamental Fan":25,"Orrery":33,"Turnip":34,"Art of War":26,"Bottled Lightning":34,"Toy Ornithopter":22,"Ice Cream":34,"CombinedTypeHook":34,"Calipers":34,"Gremlin Horn":34,"Chi":37,"CeramicFish":34,"Vajra":34,"ice":0,"BirthdayGift-Icosahedron":30,"Lizard Tail":34,"Centennial Puzzle":34,"HornCleat":34,"DollysMirror":38,"Prayer Wheel":14,"Toxic Egg 2":34,"ImportantClient":30,"Girya":34,"Happy Flower":25,"vexMod:ScavengeHelm":34,"Dead Branch":34,"Oddly Smooth Stone":25,"vexMod:PaidLearning":34,"Letter Opener":34,"War Paint":34,"Question Card":2,"RhineCircuit":36,"Du-Vu Doll":34,"OrangePellets":34,"Bottled Flame":34,"Shuriken":34,"Bronze Scales":25,"Molten Egg 2":34,"ArrowTower":34,"Symbiotic Virus":34,"Pocketwatch":26,"Meat on the Bone":34,"Darkstone Periapt":34,"SynthV":26,"Mango":34,"Juzu Bracelet":22,"Incense Burner":34,"vexMod:Spyglass":38,"ClockworkSouvenir":38,"Frozen Eye":37,"Dream Catcher":34,"Emotion Chip":34,"Nunchaku":34,"Mummified Hand":34,"Pantograph":34,"Tiny Chest":34,"Cracked Core":0,"vexMod:ConsolationPrize":34,"Orichalcum":25,"White Beast Statue":34,"Mercury Hourglass":34,"vexMod:Dragonfruit":34,"Peace Pipe":34,"Strange Spoon":38,"Anchor":34,"DataDisk":34,"CaptainsWheel":34,"vexMod:BarristanHead":26,"vexMod:HeadHunter":34,"Bag of Marbles":22,"Membership Card":38,"FossilizedHelix":34,"TungstenRod":34}],"Unceasing Top":[0],"Pocketwatch":[6],"Meat on the Bone":0,"Darkstone Periapt":0,"Regal Pillow":0,"Torii":0,"Singing Bowl":8,"StoneCalendar":[0],"Juzu Bracelet":3,"Bag of Preparation":[20],"Dream Catcher":0,"Emotion Chip":[0,0,0,0,0],"Nunchaku":[0],"Shovel":1,"Mummified Hand":[75],"Pantograph":25,"Tiny Chest":2,"InkBottle":[11],"Lee\u0027s Waffle":7,"PreservedInsect":282,"Orichalcum":[30],"Mercury Hourglass":[39],"Peace Pipe":3,"Strange Spoon":[4],"Ornamental Fan":[4],"Turnip":[0],"Art of War":[3],"Toy Ornithopter":0,"TungstenRod":4},"card_choices":[{"not_picked":["Doom and Gloom","Compile Driver","Steam"],"picked":"SKIP","floor":1.0},{"not_picked":["Steam","Go for the Eyes","Static Discharge"],"picked":"Capacitor","floor":2.0},{"not_picked":["Ball Lightning","Stack","Coolheaded","Tempest"],"picked":"SKIP","floor":5.0},{"not_picked":["Auto Shields","Ball Lightning","Sweeping Beam"],"picked":"Storm","floor":7.0},{"not_picked":["Redo","Compile Driver","Blizzard"],"picked":"Ball Lightning","floor":8.0},{"not_picked":["Compile Driver","BootSequence","Conserve Battery","Stack"],"picked":"SKIP","floor":8.0},{"not_picked":["Cold Snap","Steam","BootSequence"],"picked":"Static Discharge","floor":10.0},{"not_picked":["Static Discharge","Force Field","Stack","Skim"],"picked":"SKIP","floor":12.0},{"not_picked":["Steam Power","Glacier","Blizzard"],"picked":"MostiFishMod:IntelligentEquipment","floor":14.0},{"not_picked":["Cold Snap","Gash","Sweeping Beam","Turbo"],"picked":"SKIP","floor":14.0},{"not_picked":["MostiFishMod:STOP","MostiFishMod:DawningShadow","MostiFishMod:SeaWaves"],"picked":"Thunder Strike","floor":16.0},{"not_picked":["FTL","Recycle","Barrage+1","Melter"],"picked":"SKIP","floor":18.0},{"not_picked":["Chaos","Force Field","Steam","Turbo"],"picked":"SKIP","floor":18.0},{"not_picked":["Glacier+1","Scrape","Hologram","Chaos"],"picked":"SKIP","floor":22.0},{"not_picked":["Chill+1","Rip and Tear+1","Fusion","Compile Driver"],"picked":"SKIP","floor":22.0},{"not_picked":["Turbo+1","Tempest+1","Go for the Eyes"],"picked":"Double Energy","floor":23.0},{"not_picked":["Coolheaded","Ball Lightning","Streamline"],"picked":"White Noise+1","floor":23.0},{"not_picked":["Scrape","Hologram","Cold Snap","MostiFishMod:IntelligentEquipment"],"picked":"SKIP","floor":24.0},{"not_picked":["MostiFishMod:TalkingToTheRain","Biased Cognition","MostiFishMod:ReadyAimFire","Core Surge"],"picked":"Singing Bowl","floor":29},{"not_picked":["Cold Snap+1","Streamline+1","Darkness+1","Heatsinks+1"],"picked":"Consume+1","floor":29},{"not_picked":["Fission+1","Buffer+1","MostiFishMod:FourSeasons+1","Amplify+1"],"picked":"Electrodynamics+1","floor":33},{"not_picked":["Stack+1","Go for the Eyes+1","Barrage+1","FTL+1"],"picked":"Turbo+1","floor":35},{"not_picked":["Barrage+1","Heatsinks+1","Fusion+1","Beam Cell+1"],"picked":"Turbo+1","floor":35},{"not_picked":["MostiFishMod:STOP","MostiFishMod:DawningShadow","Seek"],"picked":"MostiFishMod:ActiveDefenseSystem","floor":40},{"not_picked":["Blizzard+1","Rebound+1","Electrodynamics+1","Cold Snap+1","Ball Lightning+1"],"picked":"Singing Bowl","floor":40},{"not_picked":["Sweeping Beam+1","Barrage+1","Gash+1","Compile Driver+1","Streamline+1"],"picked":"Singing Bowl","floor":48},{"not_picked":["Leap+1","Coolheaded+1","Self Repair+1","Double Energy+1","Reprogram+1"],"picked":"Singing Bowl","floor":48}],"player_experience":226473,"relics_obtained":[{"floor":1.0,"key":"Question Card"},{"floor":7.0,"key":"Prayer Wheel"},{"floor":10.0,"key":"Toy Ornithopter"},{"floor":12.0,"key":"Ornamental Fan"},{"floor":16.0,"key":"ImportantClient"},{"floor":24.0,"key":"Bottled Tornado"},{"floor":26,"key":"Circlet"},{"floor":26,"key":"Circlet"},{"floor":29,"key":"Circlet"},{"floor":36,"key":"Circlet"},{"floor":36,"key":"Circlet"},{"floor":40,"key":"Circlet"},{"floor":42,"key":"Circlet"},{"floor":43,"key":"Circlet"},{"floor":45,"key":"Circlet"}],"event_choices":[{"damage_healed":0.0,"max_hp_gain":0.0,"max_hp_loss":0.0,"gold_gain":0.0,"event_name":"WeMeetAgain","player_choice":"Gave Potion","floor":3.0,"gold_loss":0.0,"damage_taken":0.0,"relics_obtained":["PreservedInsect"]},{"damage_healed":0.0,"max_hp_gain":0.0,"max_hp_loss":0.0,"gold_gain":0.0,"event_name":"Nest","player_choice":"Joined the Cult","floor":19.0,"gold_loss":0.0,"damage_taken":6.0,"cards_obtained":["RitualDagger"]},{"damage_healed":0.0,"max_hp_gain":0.0,"max_hp_loss":0.0,"gold_gain":0.0,"event_name":"Lab","player_choice":"Got Potions","floor":20.0,"gold_loss":0.0,"damage_taken":0.0},{"cards_removed":["Normality"],"damage_healed":0.0,"max_hp_gain":0.0,"max_hp_loss":0.0,"gold_gain":0.0,"event_name":"Back to Basics","player_choice":"Elegance","floor":21.0,"gold_loss":0.0,"damage_taken":0.0},{"damage_healed":0,"gold_gain":0,"player_choice":"Shed Blood","damage_taken":36,"max_hp_gain":5,"max_hp_loss":0,"event_name":"Forgotten Altar","floor":30,"gold_loss":0},{"damage_healed":0,"gold_gain":0,"player_choice":"CARD ","damage_taken":12,"max_hp_gain":0,"max_hp_loss":0,"event_name":"Knowing Skull","floor":31,"potions_obtained":[],"gold_loss":0,"cards_obtained":["Blind"]},{"damage_healed":0,"gold_gain":0,"player_choice":"Forge","damage_taken":0,"max_hp_gain":0,"max_hp_loss":0,"event_name":"Accursed Blacksmith","floor":38,"gold_loss":0,"cards_upgraded":["Double Energy"]},{"damage_healed":0,"gold_gain":0,"cards_transformed":["RitualDagger"],"player_choice":"Transformed","damage_taken":0,"max_hp_gain":0,"max_hp_loss":0,"event_name":"Transmorgrifier","floor":39,"gold_loss":0,"cards_obtained":["Impatience"]}],"is_beta":false,"boss_relics":[{"not_picked":["FeatherPendant","Pandora\u0027s Box"],"picked":"BirthdayGift-Icosahedron"},{"not_picked":["vexMod:RockOfEvil","FixedStarFall"],"picked":"RhineCircuit"}],"items_purged_floors":[4,11,13,15,15,23,23,25,37,44,44,46,46,47],"is_endless":false,"potions_floor_spawned":[1,8,10,18,24,29,33,35,40,48],"ascension_level":0}}