{"host":"9d83omykrosjn1d3","time":1608386754,"event":{"mods":["AchievementEnabler","BaseMod","BetterRewards","Card Forge","Hubris","MarisaÅiñ∂âJÅ@ñÇóùçπÅj","Minty Spire (QoL Compilation)","Permanent Neow","Shop Mod","StSLib","SuperFastMode"],"gold_per_floor":[118,68,68,80,80,109,109,139,139,169,169,200,200,233,233,328,328,347,191,821,526,526,526],"floor_reached":22,"playtime":811,"items_purged":["Zap"],"score":316,"play_id":"b863b8bc-e57e-4b07-9de8-87e1baf15012","local_time":"20201219230554","daily_mods":["Heirloom","Flight","DeadlyEvents","Elite Swarm"],"is_ascension_mode":false,"campfire_choices":[{"data":"Echo Form","floor":7,"key":"SMITH"},{"data":"Buffer","floor":11,"key":"SMITH"},{"data":"Amplify","floor":13,"key":"SMITH"},{"data":"Defend_B","floor":15,"key":"PURGE"}],"circlet_count":0,"master_deck":["Recycle+1","Gash","Coolheaded+1","Echo Form+1","Buffer+1","Amplify+1","Seek","Consume"],"relics":["FrozenCore","Hammer of Thor","Seething Fire","Anvil of the Gods","Incense Burner","hubris:Icosahedron","Mummified Hand","Peace Pipe","Gambling Chip","DataDisk","InkBottle","MerchantsRug","Runic Capacitor","Happy Flower"],"acts_visited":["Exordium","TheCity"],"potions_floor_usage":[],"damage_taken":[{"damage":6,"enemies":"Jaw Worm","floor":1,"turns":3},{"damage":1,"enemies":"2 Louse","floor":4,"turns":3},{"damage":24,"enemies":"3 Sentries","floor":6,"turns":9},{"damage":4,"enemies":"Gremlin Nob","floor":8,"turns":4},{"damage":16,"enemies":"3 Sentries","floor":10,"turns":6},{"damage":0,"enemies":"Lagavulin","floor":12,"turns":5},{"damage":0,"enemies":"Gremlin Nob","floor":14,"turns":4},{"damage":0,"enemies":"Hexaghost","floor":16,"turns":5},{"damage":0,"enemies":"Spheric Guardian","floor":18,"turns":4},{"damage":9,"enemies":"Gremlin Leader","floor":22,"turns":3}],"seed_played":"5150247514631559541","potions_obtained":[{"floor":1,"key":"Dexterity Potion"},{"floor":10,"key":"Swift Potion"},{"floor":12,"key":"DistilledChaos"}],"is_trial":true,"path_per_floor":["M","?","?","M","?","E","R","E","T","E","R","E","R","E","R","B",null,"M","$","?","$","E"],"character_chosen":"DEFECT","items_purchased":["MerchantsRug","Runic Capacitor","Happy Flower"],"campfire_rested":0,"item_purchase_floors":[19,21,21],"current_hp_per_floor":[69,69,69,68,68,44,44,40,40,24,24,24,24,24,24,24,75,75,75,6,6,0,0],"gold":526,"neow_bonus":"","is_daily":false,"chose_seed":false,"campfire_upgraded":3,"win_rate":0.0,"timestamp":1608386754,"path_taken":["M","?","?","M","?","E","R","E","T","E","R","E","R","E","R","BOSS","M","$","?","$","?"],"items_purchased_type":["Relic","Relic","Relic"],"build_version":"2020-12-13","purchased_purges":1,"victory":false,"max_hp_per_floor":[75,75,75,75,75,75,75,75,75,75,75,75,75,75,75,75,75,75,75,75,75,75,75],"card_choices":[{"not_picked":["hubris:Ukulele","Compile Driver"],"picked":"Gash","floor":1},{"not_picked":["Conserve Battery","hubris:Ukulele"],"picked":"Coolheaded","floor":4},{"not_picked":["Thunder Strike","Buffer"],"picked":"Echo Form","floor":6},{"not_picked":["Amplify","Echo Form"],"picked":"Buffer","floor":8},{"not_picked":["Hyperbeam","Thunder Strike","hubris:Prefetch"],"picked":"SKIP","floor":10},{"not_picked":["Hyperbeam","Thunder Strike","hubris:Prefetch"],"picked":"SKIP","floor":10},{"not_picked":["Seek","Echo Form"],"picked":"Amplify","floor":12},{"not_picked":["Hyperbeam","Amplify","Echo Form"],"picked":"SKIP","floor":14},{"not_picked":["Thunder Strike","Echo Form"],"picked":"Seek","floor":16},{"not_picked":["Go for the Eyes","Steam"],"picked":"Consume","floor":18}],"player_experience":580115,"relics_obtained":[{"floor":6,"key":"War Paint"},{"floor":8,"key":"Mummified Hand"},{"floor":9,"key":"Peace Pipe"},{"floor":10,"key":"Gambling Chip"},{"floor":12,"key":"DataDisk"},{"floor":14,"key":"InkBottle"}],"event_choices":[{"cards_removed":["Strike_B"],"damage_healed":0,"gold_gain":0,"player_choice":"Card Removal","damage_taken":0,"max_hp_gain":0,"max_hp_loss":0,"event_name":"The Cleric","floor":2,"gold_loss":50},{"cards_removed":["Strike_B"],"damage_healed":0,"gold_gain":0,"player_choice":"Forget","damage_taken":0,"max_hp_gain":0,"max_hp_loss":0,"event_name":"Living Wall","floor":3,"gold_loss":0},{"damage_healed":0,"gold_gain":630,"player_choice":"GOLD GOLD GOLD GOLD GOLD GOLD GOLD ","damage_taken":69,"max_hp_gain":0,"max_hp_loss":0,"event_name":"Knowing Skull","floor":20,"potions_obtained":[],"gold_loss":0,"cards_obtained":[]}],"is_beta":false,"boss_relics":[{"not_picked":["Astrolabe","Nuclear Battery"],"picked":"FrozenCore"}],"items_purged_floors":[19],"is_endless":false,"potions_floor_spawned":[1,10,12,16,18],"killed_by":"Gremlin Leader","ascension_level":0}}