{"host":"cfluht5kr2kfk9p9","time":1608362640,"event":{"mods":["ATMod(°¢èªMod)","BaseMod","GungeonMod","Highlight Path","Koishi","Minty Spire (QoL Compilation)","Quick Restart","Rare Cards Sparkle","Relic Stats","Replay The Spire","RumiaBox-Â¶Ã×æ«µÄÉñÃØºÐ×Ó","Spicy Shops","StSLib","TestMod","The Alterego","[IsaacMod]ÒÔÈö¼âËþ","¡¾¹¦ÄÜMod¡¿»ìãçÖ®»·ÐÞ¸´²¹¶¡","¡¾ÒÅÎï¿¨ÅÆ¡¿REMEMod"],"gold_per_floor":[111,286,301,315,407,407,439,439,517,4,20,33,33,63,63,163,163,183,183,83,105,130,173,173,207,253,253,276,297,313,334,362,362,368,487,487,504,236,636,655,655,677,715,715,742,742,786,860,860,881,881,899],"floor_reached":53,"playtime":1938,"items_purged":["Doubt","Strike_G","Strike_G","Defend_G"],"score":1069,"play_id":"8d2c400a-612c-4f58-9e3d-a65d9011ffa5","local_time":"20201219152400","is_ascension_mode":false,"campfire_choices":[{"data":"Prepared","floor":6,"key":"SMITH"},{"data":"A Thousand Cuts","floor":8,"key":"SMITH"},{"data":"AT_ChampionStep","floor":13,"key":"SMITH"},{"floor":15,"key":"DIG"},{"data":"alterego_mod:ClassAdvantage","floor":24,"key":"SMITH"},{"data":"Footwork","floor":27,"key":"SMITH"},{"data":"Neutralize","floor":33,"key":"SMITH"},{"data":"Pot Of Greed","floor":46,"key":"SMITH"},{"data":"Pot Of Greed","floor":49,"key":"SMITH"},{"data":"Terror","floor":51,"key":"SMITH"}],"circlet_count":0,"master_deck":["Strike_G","Strike_G","Strike_G","Defend_G","Defend_G","Defend_G+1","Survivor","Neutralize+1","AT_ChampionStep+1","alterego_mod:ClassAdvantage+1","Prepared+1","Footwork+1","Hidden Blade","A Thousand Cuts+1","Hidden Blade","Backflip","Hidden Blade","AT_EssenceShift","Dramatic Entrance","Escape Plan","Slice","Die Die Die","DemoMod:Elimentaler","Terror+1","After Image","Acrobatics+1","Deflect+1","AT_Desolate+1","Pot Of Greed+1","Pot Of Greed+1","Pot Of Greed+1"],"relics":["Ring of the Snake","REME_ComplimentaryCards","testmod-TestBox","AT_ATBox","NeowsBlessing","DeathBook","testmod-DeterminationOfClimber","DemoMod:GlassGuonStoneRelic","GuppysPaw","REME_HourglassOfDeath","BookOfRevelations","SatanicBible","PunchingBag","Pantograph","testmod-CardMagician","MyShadow","Juzu Bracelet","LastBattle","Happy Flower","DemoMod:RatBoots","DemoMod:ResourcefulSack","DemoMod:PartiallyEatenCheese","MagicMushroom","Orrery","Replay:Bottled Steam","Grinning Jar","Replay:Mystery Machine","War Paint"],"acts_visited":["Exordium","TheCity","TheCity","TheBeyond"],"potions_floor_usage":[16,16],"damage_taken":[{"damage":0,"enemies":"2 Louse","floor":1,"turns":1},{"damage":0,"enemies":"Cultist","floor":3,"turns":1},{"damage":0,"enemies":"Jaw Worm","floor":4,"turns":1},{"damage":0,"enemies":"3 Sentries","floor":7,"turns":5},{"damage":0,"enemies":"Gremlin Gang","floor":11,"turns":1},{"damage":0,"enemies":"Looter","floor":12,"turns":2},{"damage":0,"enemies":"Gremlin Nob","floor":14,"turns":1},{"damage":0,"enemies":"Hexaghost","floor":16,"turns":1},{"damage":0,"enemies":"Spheric Guardian","floor":18,"turns":1},{"damage":0,"enemies":"Shell Parasite","floor":21,"turns":1},{"damage":0,"enemies":"Shelled Parasite and Fungi","floor":22,"turns":1},{"damage":0,"enemies":"Book of Stabbing","floor":23,"turns":1},{"damage":0,"enemies":"Slavers","floor":25,"turns":1},{"damage":0,"enemies":"DemoMod:4_Bullet_Kins_with_one_veteran","floor":28,"turns":1},{"damage":10,"enemies":"DemoMod:Veteran_shot_gun_kin_and_bullet_kin","floor":29,"turns":1},{"damage":12,"enemies":"DemoMod:Red_and_blue_shotgun_kin_with_gunsinger","floor":30,"turns":1},{"damage":0,"enemies":"DemoMod:Veteran_shot_gun_kin_and_red_shotgun_kin_with_gunsinger","floor":31,"turns":1},{"damage":9,"enemies":"DemoMod:Veteran_shot_gun_kin_and_blue_shotgun_kin_with_gunsinger","floor":32,"turns":2},{"damage":0,"enemies":"DemoMod:ResourcefulRat","floor":35,"turns":6},{"damage":0,"enemies":"Orb Walker","floor":37,"turns":1},{"damage":0,"enemies":"3 Shapes","floor":40,"turns":1},{"damage":0,"enemies":"Spire Growth","floor":42,"turns":1},{"damage":0,"enemies":"R_Hoarder","floor":43,"turns":2},{"damage":0,"enemies":"Nemesis","floor":47,"turns":1},{"damage":0,"enemies":"Sphere and 2 Shapes","floor":50,"turns":1},{"damage":0,"enemies":"Donu and Deca","floor":52,"turns":1}],"seed_played":"-8471083221718997274","potions_obtained":[{"floor":4,"key":"Dexterity Potion"},{"floor":7,"key":"FearPotion"},{"floor":14,"key":"SteroidPotion"},{"floor":16,"key":"ColorlessPotion"},{"floor":18,"key":"Swift Potion"},{"floor":43,"key":"Adrenaline Potion"}],"is_trial":false,"path_per_floor":["M","?","M","M","?","R","E","R","T","$","M","M","R","E","R","B",null,"M","?","$","M","M","E","R","E","T","R","M","M","M","M","M","R","B","B",null,"M","$","?","M","?","M","E","?","T","R","E","?","R","M","R","B",null],"character_chosen":"THE_SILENT","items_purchased":["BookOfRevelations","DemoMod:GnawedKey","SatanicBible","MyShadow","Dramatic Entrance","Orrery"],"campfire_rested":0,"item_purchase_floors":[10,10,10,17,17,38],"current_hp_per_floor":[70,70,70,70,55,55,62,62,62,62,66,69,69,70,70,70,51,51,43,43,47,53,56,56,56,56,56,56,46,39,45,44,44,56,56,63,63,63,63,63,60,60,60,60,60,60,60,36,36,43,43,60],"gold":899,"neow_bonus":"THREE_ENEMY_KILL","is_daily":false,"chose_seed":false,"campfire_upgraded":9,"win_rate":0.0,"timestamp":1608362640,"path_taken":["M","?","M","?","?","R","E","R","T","$","M","M","R","E","R","BOSS","M","?","?","M","M","E","R","E","T","R","M","M","M","M","M","R","BOSS","BOSS","M","$","?","M","?","M","E","?","T","R","E","?","R","M","R","BOSS"],"items_purchased_type":["Relic","Relic","Relic","Relic","Card","Relic"],"build_version":"2020-12-13","purchased_purges":4,"victory":true,"max_hp_per_floor":[70,70,70,70,70,70,70,70,70,70,70,70,70,70,70,70,51,51,56,56,56,56,56,56,56,56,56,56,56,56,56,56,56,56,56,63,63,63,63,63,60,60,60,60,60,60,60,60,60,60,60,60],"relic_stats":{"Happy Flower":[7],"counters":[27,40],"Pantograph":29,"Juzu Bracelet":0,"War Paint":["Pot Of Greed","Defend_G"],"obtain_stats":[{"AT_ATBox":0,"GuppysPaw":7,"DemoMod:GlassGuonStoneRelic":1,"Juzu Bracelet":23,"Replay:Mystery Machine":47,"SatanicBible":10,"DeathBook":0,"Pantograph":15,"MyShadow":17,"testmod-DeterminationOfClimber":0,"DemoMod:GnawedKey":10,"Ring of the Snake":0,"Replay:Bottled Steam":43,"KeepersGift":0,"testmod-TestBox":0,"PunchingBag":14,"NeowsBlessing":0,"Happy Flower":26,"BookOfRevelations":10,"testmod-CardMagician":17,"DemoMod:PartiallyEatenCheese":36,"DemoMod:RatBoots":36,"LastBattle":25,"War Paint":48,"REME_HourglassOfDeath":9,"MagicMushroom":36,"Orrery":38,"DemoMod:ResourcefulSack":36,"Grinning Jar":45,"HushsDoor":0,"REME_ComplimentaryCards":0},{"AT_ATBox":0,"GuppysPaw":4,"DemoMod:GlassGuonStoneRelic":1,"Juzu Bracelet":12,"Replay:Mystery Machine":25,"SatanicBible":4,"DeathBook":0,"Pantograph":7,"MyShadow":8,"testmod-DeterminationOfClimber":0,"DemoMod:GnawedKey":4,"Ring of the Snake":0,"Replay:Bottled Steam":24,"KeepersGift":0,"testmod-TestBox":0,"PunchingBag":7,"NeowsBlessing":0,"Happy Flower":13,"BookOfRevelations":4,"testmod-CardMagician":8,"DemoMod:PartiallyEatenCheese":20,"DemoMod:RatBoots":20,"LastBattle":13,"War Paint":25,"REME_HourglassOfDeath":4,"MagicMushroom":20,"Orrery":21,"DemoMod:ResourcefulSack":20,"Grinning Jar":24,"HushsDoor":0,"REME_ComplimentaryCards":0},{"AT_ATBox":0,"GuppysPaw":8,"DemoMod:GlassGuonStoneRelic":1,"Juzu Bracelet":17,"Replay:Mystery Machine":38,"SatanicBible":8,"DeathBook":0,"Pantograph":12,"MyShadow":13,"testmod-DeterminationOfClimber":0,"DemoMod:GnawedKey":8,"Ring of the Snake":0,"Replay:Bottled Steam":37,"KeepersGift":0,"testmod-TestBox":0,"PunchingBag":12,"NeowsBlessing":0,"Happy Flower":18,"BookOfRevelations":8,"testmod-CardMagician":13,"DemoMod:PartiallyEatenCheese":32,"DemoMod:RatBoots":32,"LastBattle":18,"War Paint":38,"REME_HourglassOfDeath":8,"MagicMushroom":32,"Orrery":33,"DemoMod:ResourcefulSack":32,"Grinning Jar":37,"HushsDoor":0,"REME_ComplimentaryCards":0}],"Ring of the Snake":[27]},"card_choices":[{"not_picked":["Dash","Underhanded Strike"],"picked":"Prepared","floor":1},{"not_picked":["Dagger Throw","Bomb"],"picked":"Footwork","floor":3},{"not_picked":["AT_WindFlip","Outmaneuver"],"picked":"Hidden Blade","floor":4},{"not_picked":["Reflex","REME_GrazeFinale"],"picked":"A Thousand Cuts","floor":7},{"not_picked":["Sucker Punch","Draining Mist"],"picked":"Hidden Blade","floor":11},{"not_picked":["Hidden Blade","Prepared"],"picked":"Backflip","floor":12},{"not_picked":["Sucker Punch","Replay:Poison Smokescreen"],"picked":"Hidden Blade","floor":14},{"not_picked":["Venomology","AT_MyraUnstableElement"],"picked":"AT_EssenceShift","floor":16},{"not_picked":["Underhanded Strike+1","Bouncing Flask"],"picked":"Escape Plan","floor":18},{"not_picked":["Slice","Dagger Spray+1","Expertise"],"picked":"SKIP","floor":21},{"not_picked":["Dagger Spray+1","Expertise"],"picked":"Slice","floor":21},{"not_picked":["AT_WomanClash","Endless Agony+1","Slice"],"picked":"SKIP","floor":22},{"not_picked":["Flechettes","Poisoned Stab","Quick Slash"],"picked":"SKIP","floor":23},{"not_picked":["Underhanded Strike","AT_ArcaneSupremacy","AT_WindFlip"],"picked":"SKIP","floor":25},{"not_picked":["Poisoned Stab+1","Hidden Blade+1","Quick Slash+1"],"picked":"SKIP","floor":28},{"not_picked":["Prepared+1","Deflect","Unload"],"picked":"SKIP","floor":29},{"not_picked":["Dagger Throw+1","PiercingWail+1","Dodge and Roll"],"picked":"SKIP","floor":30},{"not_picked":["AT_WindFlip+1","Flying Knee","Hidden Blade"],"picked":"SKIP","floor":31},{"not_picked":["Sucker Punch+1","Slice+1","Deadly Poison+1"],"picked":"SKIP","floor":32},{"not_picked":["Tools of the Trade","AT_ArcaneSupremacy"],"picked":"Die Die Die","floor":35},{"not_picked":[],"picked":"DemoMod:Elimentaler","floor":35},{"not_picked":["Draining Mist","Prepared"],"picked":"Terror","floor":36},{"not_picked":["Replay:Poison Smokescreen+1","Slice","Poisoned Stab"],"picked":"SKIP","floor":37},{"not_picked":["ReplayTheSpireMod:The Works+1","Flying Knee+1"],"picked":"After Image","floor":38},{"not_picked":["Escape Plan","Underhanded Strike"],"picked":"Acrobatics+1","floor":38},{"not_picked":["Dagger Spray+1","Expertise"],"picked":"Deflect+1","floor":38},{"not_picked":["A Thousand Cuts","AT_WindFlip","Sucker Punch"],"picked":"SKIP","floor":40},{"not_picked":["Deflect+1","Eviscerate"],"picked":"AT_Desolate+1","floor":42},{"not_picked":["Well Laid Plans+1","Distraction+1","Hidden Blade+1"],"picked":"SKIP","floor":43},{"not_picked":["ReplayTheSpireMod:Tripwire","AT_ArcaneSupremacy","Dagger Throw"],"picked":"SKIP","floor":47},{"not_picked":["AT_WindFlip","Flying Knee","Backflip"],"picked":"SKIP","floor":50}],"player_experience":3267,"relics_obtained":[{"floor":7,"key":"GuppysPaw"},{"floor":9,"key":"REME_HourglassOfDeath"},{"floor":14,"key":"PunchingBag"},{"floor":15,"key":"Pantograph"},{"floor":23,"key":"Juzu Bracelet"},{"floor":25,"key":"LastBattle"},{"floor":26,"key":"Happy Flower"},{"floor":36,"key":"DemoMod:RatBoots"},{"floor":36,"key":"DemoMod:ResourcefulSack"},{"floor":36,"key":"DemoMod:PartiallyEatenCheese"},{"floor":36,"key":"MagicMushroom"},{"floor":43,"key":"Replay:Bottled Steam"},{"floor":45,"key":"Grinning Jar"},{"floor":47,"key":"Replay:Mystery Machine"},{"floor":48,"key":"War Paint"}],"event_choices":[{"damage_healed":0,"gold_gain":175,"player_choice":"AGREE","damage_taken":0,"max_hp_gain":0,"max_hp_loss":0,"event_name":"Liars Game","floor":2,"gold_loss":0,"cards_obtained":["Doubt"]},{"damage_healed":0,"gold_gain":0,"player_choice":"Shed Blood","damage_taken":13,"max_hp_gain":5,"max_hp_loss":0,"event_name":"Forgotten Altar","floor":19,"gold_loss":0},{"damage_healed":0,"gold_gain":400,"player_choice":"Sell","damage_taken":0,"max_hp_gain":0,"max_hp_loss":0,"event_name":"¶÷ÂåË¹µÄÅÌ×Ó","floor":39,"relics_lost":["HushsDoor"],"gold_loss":0},{"damage_healed":0,"gold_gain":0,"player_choice":"Max HP","damage_taken":0,"max_hp_gain":0,"max_hp_loss":3,"event_name":"Winding Halls","floor":41,"gold_loss":0},{"cards_removed":["Defend_G"],"damage_healed":0,"gold_gain":0,"player_choice":"Purged","damage_taken":0,"max_hp_gain":0,"max_hp_loss":0,"event_name":"Purifier","floor":44,"gold_loss":0}],"is_beta":false,"boss_relics":[{"not_picked":["testmod-Prudence","Cursed Key"],"picked":"testmod-CardMagician"},{"not_picked":[]},{"not_picked":[]}],"items_purged_floors":[10,17,20,38],"is_endless":false,"potions_floor_spawned":[4,7,14,16,18,25,29,30,35,42,43,47],"ascension_level":0}}