{"host":"y7sd46uq4xlni546","time":1608336013,"event":{"mods":["AchievementEnabler","BaseMod","Colored Map","Colored Powertips","Minty Spire (QoL Compilation)","Random Character Button","Rare Cards Sparkle","StSLib"],"gold_per_floor":[112,112,128,128,128,157,157,184,184,214,214,239,249,249,249,345,345,385,446,371,371,414,491,573,573,652,753,864,890,1070,1145,1145,1295,1295,1406,1096,1096,797,797,922,950,1052,1052,1187,1038,315,315,418,418,418],"floor_reached":51,"playtime":4026,"items_purged":[],"score":2225,"play_id":"eade6662-59f8-4e4b-87fc-95e91f166195","local_time":"20201219010013","daily_mods":["SealedDeck","Diverse","Heirloom","Time Dilation","Flight"],"is_ascension_mode":true,"campfire_choices":[{"data":"Echo Form","floor":7.0,"key":"SMITH"},{"data":"Wraith Form v2","floor":11.0,"key":"SMITH"},{"data":"DevaForm","floor":15.0,"key":"SMITH"},{"data":"Burst","floor":32.0,"key":"SMITH"},{"data":"Capacitor","floor":47.0,"key":"SMITH"},{"data":"Choke","floor":49,"key":"SMITH"}],"circlet_count":0,"master_deck":["Demon Form+1","Wraith Form v2+1","Echo Form+1","DevaForm+1","AscendersBane","Steam","Dagger Throw","Protect","Clothesline","Cold Snap","Hologram+1","Streamline","Predator+1","Dash","Coolheaded","Burst+1","Protect+1","Wish","Force Field+1","Wish","Echo Form","Adrenaline","Sunder","Shockwave+1","Apotheosis","Capacitor+1","Choke+1"],"relics":["Snecko Eye","Unceasing Top","Calipers","Gambling Chip","Singing Bowl","Meat on the Bone","Boot","Centennial Puzzle","Nuclear Battery","Mummified Hand","Prayer Wheel","Cables","Strawberry","Anchor","Toy Ornithopter","SlaversCollar","Kunai","Pocketwatch","FossilizedHelix","Incense Burner","Orichalcum","Thread and Needle","Emotion Chip","Pantograph","War Paint","Dead Branch","OrangePellets"],"acts_visited":["Exordium","TheCity","TheBeyond"],"potions_floor_usage":[50],"damage_taken":[{"damage":0.0,"enemies":"Small Slimes","floor":1.0,"turns":2.0},{"damage":0.0,"enemies":"Cultist","floor":3.0,"turns":3.0},{"damage":10.0,"enemies":"3 Sentries","floor":6.0,"turns":5.0},{"damage":0.0,"enemies":"Gremlin Nob","floor":8.0,"turns":2.0},{"damage":0.0,"enemies":"Lagavulin","floor":10.0,"turns":4.0},{"damage":0.0,"enemies":"3 Sentries","floor":12.0,"turns":4.0},{"damage":0.0,"enemies":"Jaw Worm","floor":13.0,"turns":2.0},{"damage":0.0,"enemies":"The Guardian","floor":16.0,"turns":6.0},{"damage":0.0,"enemies":"Shell Parasite","floor":18.0,"turns":4.0},{"damage":0.0,"enemies":"Chosen","floor":19.0,"turns":3.0},{"damage":0.0,"enemies":"Snecko","floor":22.0,"turns":4.0},{"damage":0.0,"enemies":"Slavers","floor":23.0,"turns":7.0},{"damage":0.0,"enemies":"Book of Stabbing","floor":24.0,"turns":4.0},{"damage":0.0,"enemies":"Gremlin Leader","floor":27.0,"turns":5.0},{"damage":0.0,"enemies":"3 Cultists","floor":28.0,"turns":4.0},{"damage":0.0,"enemies":"Book of Stabbing","floor":29.0,"turns":3.0},{"damage":0.0,"enemies":"Slavers","floor":31.0,"turns":3.0},{"damage":0.0,"enemies":"Champ","floor":33.0,"turns":6.0},{"damage":4.0,"enemies":"3 Shapes","floor":35.0,"turns":2.0},{"damage":0.0,"enemies":"Nemesis","floor":40.0,"turns":3.0},{"damage":0.0,"enemies":"Giant Head","floor":41.0,"turns":4.0},{"damage":0.0,"enemies":"Reptomancer","floor":42.0,"turns":2.0},{"damage":0.0,"enemies":"Giant Head","floor":44.0,"turns":4.0},{"damage":1.0,"enemies":"Orb Walker","floor":48.0,"turns":3.0},{"damage":0,"enemies":"Donu and Deca","floor":50,"turns":5}],"seed_played":"-3331974837565949959","potions_obtained":[{"floor":1.0,"key":"CultistPotion"},{"floor":8.0,"key":"SpeedPotion"},{"floor":12.0,"key":"Fire Potion"},{"floor":18.0,"key":"DuplicationPotion"},{"floor":24.0,"key":"LiquidMemories"},{"floor":28.0,"key":"Explosive Potion"},{"floor":33.0,"key":"DuplicationPotion"},{"floor":41.0,"key":"FairyPotion"},{"floor":48,"key":"ColorlessPotion"}],"is_trial":true,"path_per_floor":["M","?","M","?","$","E","R","E","T","E","R","E","M","?","R","B",null,"M","M","?","?","M","E","E","?","T","E","M","E","?","E","R","B",null,"M","$","T","$","?","E","E","E","T","E","$","$","R","M","R","B",null],"character_chosen":"DEFECT","items_purchased":["Sunder","Kunai","FossilizedHelix","War Paint","Dead Branch","OrangePellets","Apotheosis","Capacitor"],"campfire_rested":0,"item_purchase_floors":[36,36,38,45,46,46,46,46],"current_hp_per_floor":[68,68,68,73,73,63,63,65,65,65,65,67,67,50,50,50,76,78,80,80,80,80,82,84,84,84,91,95,97,72,74,74,74,99,104,104,104,104,111,111,113,115,115,117,117,117,117,118,118,119],"gold":418,"neow_bonus":"","is_daily":false,"chose_seed":false,"campfire_upgraded":6,"win_rate":0.0,"timestamp":1608336013,"path_taken":["M","?","?","?","?","E","R","E","T","E","R","E","?","?","R","BOSS","M","M","?","?","?","E","E","?","T","E","?","E","?","E","R","BOSS","M","$","?","?","?","E","E","E","T","E","$","$","R","?","R","BOSS"],"items_purchased_type":["Card","Relic","Relic","Relic","Relic","Relic","Card","Card"],"build_version":"2020-12-13","purchased_purges":0,"victory":true,"max_hp_per_floor":[75,75,75,80,80,80,80,82,82,82,82,84,84,84,84,84,84,86,88,88,88,88,90,92,92,92,99,103,105,105,107,107,107,107,111,111,111,111,111,111,113,115,115,117,117,117,117,119,119,119],"card_choices":[{"not_picked":["FollowUp","Clash","Power Through"],"picked":"SKIP","floor":1.0},{"not_picked":["Havoc","Gash","Clash"],"picked":"SKIP","floor":3.0},{"not_picked":["Hologram","EmptyMind"],"picked":"Coolheaded","floor":6.0},{"not_picked":["Auto Shields","MentalFortress","Poisoned Stab"],"picked":"Singing Bowl","floor":8.0},{"not_picked":["Static Discharge","Barrage"],"picked":"Burst","floor":10.0},{"not_picked":["Compile Driver","Self Repair","ForeignInfluence"],"picked":"Singing Bowl","floor":12.0},{"not_picked":["Lockon","Accuracy"],"picked":"Protect","floor":13.0},{"not_picked":["Hyperbeam","Venomology"],"picked":"Wish","floor":16.0},{"not_picked":["Indignation","Clash","BootSequence"],"picked":"Singing Bowl","floor":18.0},{"not_picked":["Dagger Spray+1","Redo+1","Clothesline"],"picked":"Singing Bowl","floor":19.0},{"not_picked":["Twin Strike","Dropkick"],"picked":"Force Field+1","floor":22.0},{"not_picked":["Force Field","Rebound","BowlingBash"],"picked":"Singing Bowl","floor":23.0},{"not_picked":["Twin Strike+1","Predator","Ball Lightning"],"picked":"Singing Bowl","floor":24.0},{"not_picked":["Prostrate","Wild Strike"],"picked":"Echo Form","floor":27.0},{"not_picked":["Thunderclap","Quick Slash","Burning Pact"],"picked":"Singing Bowl","floor":28.0},{"not_picked":["Warcry+1","Steam Power","Bane"],"picked":"Singing Bowl","floor":28.0},{"not_picked":["Disarm+1","Body Slam","Quick Slash"],"picked":"Singing Bowl","floor":29.0},{"not_picked":["Prepared","Gash","Heavy Blade+1"],"picked":"Singing Bowl","floor":31.0},{"not_picked":["Blasphemy","Corruption"],"picked":"Adrenaline","floor":33.0},{"not_picked":["Expertise","MentalFortress+1","Dagger Spray"],"picked":"Singing Bowl","floor":35.0},{"not_picked":["Scrape+1","Flex+1","Battle Trance+1"],"picked":"Singing Bowl","floor":35.0},{"not_picked":["Go for the Eyes","Dodge and Roll+1"],"picked":"Shockwave+1","floor":40.0},{"not_picked":["InnerPeace+1","Cold Snap+1","FlyingSleeves"],"picked":"Singing Bowl","floor":41.0},{"not_picked":["BootSequence","Burning Pact","Go for the Eyes+1"],"picked":"Singing Bowl","floor":42.0},{"not_picked":["Reboot","Cold Snap","TalkToTheHand+1"],"picked":"Singing Bowl","floor":44.0},{"not_picked":["Go for the Eyes+1","Gash","White Noise"],"picked":"Singing Bowl","floor":48},{"not_picked":["LikeWater+1","Evolve"],"picked":"Choke","floor":48}],"player_experience":472896,"relics_obtained":[{"floor":6.0,"key":"Gambling Chip"},{"floor":8.0,"key":"Singing Bowl"},{"floor":9.0,"key":"Meat on the Bone"},{"floor":10.0,"key":"Boot"},{"floor":12.0,"key":"Centennial Puzzle"},{"floor":23.0,"key":"Mummified Hand"},{"floor":24.0,"key":"Prayer Wheel"},{"floor":26.0,"key":"Cables"},{"floor":27.0,"key":"Strawberry"},{"floor":29.0,"key":"Anchor"},{"floor":31.0,"key":"Toy Ornithopter"},{"floor":37.0,"key":"Pocketwatch"},{"floor":40.0,"key":"Incense Burner"},{"floor":41.0,"key":"Orichalcum"},{"floor":42.0,"key":"Thread and Needle"},{"floor":43.0,"key":"Emotion Chip"},{"floor":44.0,"key":"Pantograph"}],"event_choices":[{"damage_healed":0.0,"max_hp_gain":0.0,"max_hp_loss":0.0,"gold_gain":0.0,"event_name":"The Woman in Blue","player_choice":"Bought 0 Potions","floor":2.0,"gold_loss":0.0,"damage_taken":0.0},{"damage_healed":0.0,"max_hp_gain":5.0,"max_hp_loss":0.0,"gold_gain":0.0,"event_name":"Big Fish","player_choice":"Donut","floor":4.0,"gold_loss":0.0,"damage_taken":0.0},{"damage_healed":0.0,"max_hp_gain":0.0,"max_hp_loss":0.0,"gold_gain":0.0,"event_name":"Shining Light","player_choice":"Entered Light","floor":14.0,"gold_loss":0.0,"damage_taken":17.0,"cards_upgraded":["Predator","Demon Form"]},{"cards_removed":["True Grit"],"damage_healed":0.0,"max_hp_gain":0.0,"max_hp_loss":0.0,"gold_gain":0.0,"event_name":"Beggar","player_choice":"Gave Gold","floor":20.0,"gold_loss":75.0,"damage_taken":0.0},{"damage_healed":0.0,"max_hp_gain":0.0,"max_hp_loss":0.0,"gold_gain":0.0,"event_name":"Purifier","player_choice":"Ignored","floor":21.0,"gold_loss":0.0,"damage_taken":0.0},{"damage_healed":0.0,"max_hp_gain":0.0,"max_hp_loss":0.0,"gold_gain":0.0,"event_name":"Duplicator","player_choice":"Copied","floor":25.0,"gold_loss":0.0,"damage_taken":0.0,"cards_obtained":["Wish"]},{"damage_healed":0.0,"max_hp_gain":0.0,"max_hp_loss":0.0,"gold_gain":180.0,"event_name":"Knowing Skull","player_choice":"CARD GOLD GOLD ","floor":30.0,"potions_obtained":[],"gold_loss":0.0,"damage_taken":25.0,"cards_obtained":["Good Instincts"]},{"cards_removed":["Good Instincts"],"damage_healed":7.0,"max_hp_gain":0.0,"max_hp_loss":0.0,"gold_gain":0.0,"event_name":"Bonfire Elementals","player_choice":"Offered Uncommon","floor":39.0,"gold_loss":0.0,"damage_taken":0.0}],"is_beta":false,"boss_relics":[{"not_picked":["Coffee Dripper","Sozu"],"picked":"Nuclear Battery"},{"not_picked":["Tiny House","Calling Bell"],"picked":"SlaversCollar"}],"items_purged_floors":[],"is_endless":false,"potions_floor_spawned":[1,8,12,18,19,24,28,33,41,48],"ascension_level":10}}