{"host":"ufl0k2so27eic2iy","time":1608364254,"event":{"mods":["BaseMod","Minty Spire (QoL Compilation)","StSLib","The Animator"],"gold_per_floor":[127,127,26,38,57,57,103,3,26,26,71,71,109,159,159,234,234,250,268,268,26,41,41,41],"floor_reached":23,"playtime":1454,"items_purged":["animator:Strike","animator:Strike"],"score":362,"play_id":"d77606b6-089c-47e8-9d15-9852b535afc4","local_time":"20201219075054","is_ascension_mode":true,"campfire_choices":[{"data":"animator:Spearman","floor":6,"key":"SMITH"},{"data":"animator:DwarfShaman","floor":10,"key":"SMITH"},{"data":"animator:Geryuganshoop","floor":12,"key":"SMITH"},{"data":"animator:ReineMurasame","floor":15,"key":"SMITH"}],"circlet_count":0,"master_deck":["AscendersBane","animator:Strike_GoblinSlayer+1","animator:Defend_GoblinSlayer","animator:Defend","animator:Defend","animator:Defend","animator:LizardPriest","animator:DwarfShaman+1","animator:Spearman+1","animator:ReineMurasame+1","animator:HidekiHinata+1","animator:Witch","animator:GuildGirl","animator:Geryuganshoop+1","animator:DwarfShaman","animator:YuriNakamura","animator:Spearman","animator:ReineMurasame"],"relics":["animator:LivingPicture","animator:TheMissingPiece","Nunchaku","Ancient Tea Set","Bag of Marbles","Whetstone","animator:HolyGrailRelic","Pantograph"],"acts_visited":["Exordium","TheCity"],"potions_floor_usage":[7,13,18,18,23,23],"damage_taken":[{"damage":0,"enemies":"Jaw Worm","floor":1,"turns":4},{"damage":0,"enemies":"Small Slimes","floor":4,"turns":5},{"damage":0,"enemies":"Cultist","floor":5,"turns":4},{"damage":11,"enemies":"Gremlin Nob","floor":7,"turns":4},{"damage":10,"enemies":"3 Sentries","floor":11,"turns":9},{"damage":10,"enemies":"Lagavulin","floor":13,"turns":9},{"damage":21,"enemies":"Hexaghost","floor":16,"turns":10},{"damage":0,"enemies":"Spheric Guardian","floor":18,"turns":3},{"damage":10,"enemies":"Shell Parasite","floor":19,"turns":7},{"damage":32,"enemies":"Cultist and Chosen","floor":22,"turns":8},{"damage":27,"enemies":"Book of Stabbing","floor":23,"turns":6}],"seed_played":"1546410106945824226","potions_obtained":[{"floor":4,"key":"SteroidPotion"},{"floor":7,"key":"Dexterity Potion"},{"floor":13,"key":"AttackPotion"},{"floor":22,"key":"Swift Potion"}],"is_trial":false,"path_per_floor":["M","?","$","M","M","R","E","$","T","R","E","R","E","?","R","B",null,"M","M","?","$","M","E"],"character_chosen":"THE_ANIMATOR","items_purchased":["animator:ReineMurasame","Pantograph"],"campfire_rested":0,"item_purchase_floors":[3,21],"current_hp_per_floor":[60,53,53,53,54,54,43,43,43,43,33,33,23,23,23,2,59,61,53,53,53,21,0,0],"gold":41,"neow_bonus":"TEN_PERCENT_HP_BONUS","is_daily":false,"chose_seed":true,"campfire_upgraded":4,"win_rate":0.0,"timestamp":1608364254,"path_taken":["M","?","$","M","M","R","E","$","T","R","E","R","E","?","R","BOSS","M","M","?","$","M","E"],"items_purchased_type":["Card","Relic"],"build_version":"2020-12-13","purchased_purges":2,"victory":false,"max_hp_per_floor":[66,66,66,66,67,67,67,67,67,67,67,67,67,67,67,67,75,77,79,79,79,76,73,73],"card_choices":[{"not_picked":["animator:Noda","animator:Tyuule"],"picked":"animator:Spearman","floor":1},{"not_picked":["animator:NiaHonjou","animator:ReineMurasame"],"picked":"animator:HidekiHinata","floor":4},{"not_picked":["animator:MikuIzayoi","animator:MumenRider"],"picked":"animator:Witch","floor":5},{"not_picked":["animator:LizardPriest","animator:Priestess"],"picked":"animator:GuildGirl","floor":7},{"not_picked":["animator:AyatoNaoi","animator:OrigamiTobiichi"],"picked":"animator:Geryuganshoop","floor":11},{"not_picked":["animator:Geryuganshoop","animator:LeleiLaLalena"],"picked":"animator:DwarfShaman","floor":13},{"not_picked":["animator:Ainz","animator:PinaCoLada"],"picked":"animator:YuriNakamura","floor":16},{"not_picked":["animator:TohkaYatogami+1","animator:Entoma","animator:SilverFang+1"],"picked":"SKIP","floor":18},{"not_picked":["animator:LizardPriest","animator:CowGirl"],"picked":"animator:Spearman","floor":19},{"not_picked":["animator:Shinoa","animator:Spearman"],"picked":"animator:ReineMurasame","floor":22}],"player_experience":2314263,"relics_obtained":[{"floor":7,"key":"Nunchaku"},{"floor":9,"key":"Ancient Tea Set"},{"floor":11,"key":"Bag of Marbles"},{"floor":13,"key":"Whetstone"}],"event_choices":[{"cards_removed":["animator:Strike"],"damage_healed":0,"gold_gain":0,"player_choice":"Card Removal","damage_taken":7,"max_hp_gain":0,"max_hp_loss":0,"event_name":"Golden Wing","floor":2,"gold_loss":0},{"damage_healed":0,"gold_gain":50,"player_choice":"Pray","damage_taken":0,"max_hp_gain":0,"max_hp_loss":0,"event_name":"Golden Shrine","floor":14,"gold_loss":0},{"damage_healed":0,"gold_gain":0,"player_choice":"Ignored","damage_taken":0,"max_hp_gain":0,"max_hp_loss":0,"event_name":"Cursed Tome","floor":20,"gold_loss":0}],"is_beta":false,"boss_relics":[{"not_picked":["Ectoplasm","Pandora\u0027s Box"],"picked":"animator:HolyGrailRelic"}],"items_purged_floors":[3,8],"is_endless":false,"potions_floor_spawned":[4,7,13,16,22],"killed_by":"Book of Stabbing","ascension_level":15}}