{"host":"ow9msrs9p2ctkx99","time":1608396030,"event":{"mods":["AchievementEnabler","BaseMod","Colored Map","Colored Powertips","Minty Spire (QoL Compilation)","Permanent Neow","Quick Restart","SuperFastMode"],"gold_per_floor":[219,235,252,79,93,93,93,93],"floor_reached":7,"playtime":148,"items_purged":[],"score":67,"play_id":"b2bad9cd-5582-46be-be09-34bcf961cffc","local_time":"20201219174030","is_ascension_mode":true,"campfire_choices":[{"data":"Ball Lightning","floor":6.0,"key":"SMITH"}],"circlet_count":0,"master_deck":["AscendersBane","Strike_B","Strike_B","Strike_B","Strike_B","Defend_B","Defend_B","Defend_B","Defend_B","Zap","Dualcast","Ball Lightning+1","Hologram","Capacitor","Compile Driver","Fission","FTL","Self Repair","FTL","Undo","Turbo"],"relics":["Cracked Core","Orrery"],"acts_visited":["Exordium"],"potions_floor_usage":[7],"damage_taken":[{"damage":3.0,"enemies":"Jaw Worm","floor":1.0,"turns":4.0},{"damage":7.0,"enemies":"Small Slimes","floor":2.0,"turns":3.0},{"damage":0.0,"enemies":"2 Louse","floor":3.0,"turns":2.0},{"damage":28.0,"enemies":"Large Slime","floor":5.0,"turns":5.0},{"damage":12,"enemies":"Gremlin Nob","floor":7,"turns":3}],"seed_played":"-2857955504545788624","potions_obtained":[{"floor":5.0,"key":"Strength Potion"}],"is_trial":false,"path_per_floor":["M","M","M","$","M","R","E"],"character_chosen":"DEFECT","items_purchased":["Compile Driver","Orrery"],"campfire_rested":0,"item_purchase_floors":[4,4],"current_hp_per_floor":[65,58,58,58,37,37,25,25],"gold":93,"neow_bonus":"HUNDRED_GOLD","is_daily":false,"chose_seed":false,"campfire_upgraded":1,"win_rate":0.0,"timestamp":1608396030,"path_taken":["M","M","M","$","M","R","E"],"items_purchased_type":["Card","Relic"],"build_version":"2020-12-13","purchased_purges":0,"victory":false,"max_hp_per_floor":[75,75,75,75,75,75,75,75],"card_choices":[{"not_picked":["Gash","Beam Cell"],"picked":"Ball Lightning","floor":1.0},{"not_picked":["Leap","Barrage"],"picked":"Hologram","floor":2.0},{"not_picked":["Go for the Eyes","Compile Driver"],"picked":"Capacitor","floor":3.0},{"not_picked":["Steam","Loop"],"picked":"Fission","floor":4.0},{"not_picked":["Barrage","Double Energy"],"picked":"FTL","floor":4.0},{"not_picked":["Hologram","Reinforced Body"],"picked":"Self Repair","floor":4.0},{"not_picked":["Lockon","Scrape"],"picked":"FTL","floor":4.0},{"not_picked":["Recycle","Go for the Eyes"],"picked":"Undo","floor":4.0},{"not_picked":["Streamline","Undo"],"picked":"Turbo","floor":5.0}],"player_experience":1078310,"relics_obtained":[],"event_choices":[],"is_beta":false,"boss_relics":[],"items_purged_floors":[],"is_endless":false,"potions_floor_spawned":[5],"killed_by":"Gremlin Nob","ascension_level":11}}