{"host":"BK","time":1608349284,"event":{"mods":["BaseMod","Highlight Path","Minty Spire (QoL Compilation)","StSLib"],"gold_per_floor":[110,110,128,140,158,158,189,200,200,200,213,233,233,243,243,243,243],"floor_reached":16,"playtime":5054,"items_purged":[],"score":212,"play_id":"841080e1-778c-4ef1-b43b-bfb87835257a","local_time":"20201218204124","is_ascension_mode":true,"campfire_choices":[{"data":"Dash","floor":6.0,"key":"SMITH"},{"floor":10,"key":"REST"},{"data":"Crippling Poison","floor":13,"key":"SMITH"},{"data":"Neutralize","floor":15,"key":"SMITH"}],"circlet_count":0,"master_deck":["AscendersBane","Strike_G","Strike_G","Strike_G","Strike_G","Defend_G","Defend_G","Defend_G","Defend_G","Defend_G","Survivor","Neutralize+1","Dagger Spray","Dash+1","Acrobatics","Noxious Fumes","Poisoned Stab","PiercingWail","Crippling Poison+1","Dodge and Roll"],"relics":["Ring of the Snake","Oddly Smooth Stone"],"acts_visited":["Exordium"],"potions_floor_usage":[8,16],"damage_taken":[{"damage":2.0,"enemies":"2 Louse","floor":1.0,"turns":4.0},{"damage":14.0,"enemies":"Cultist","floor":3.0,"turns":6.0},{"damage":2.0,"enemies":"Small Slimes","floor":4.0,"turns":4.0},{"damage":4.0,"enemies":"Blue Slaver","floor":5.0,"turns":5.0},{"damage":24.0,"enemies":"3 Sentries","floor":7.0,"turns":9.0},{"damage":15,"enemies":"Large Slime","floor":8,"turns":7},{"damage":0,"enemies":"Looter","floor":11,"turns":3},{"damage":0,"enemies":"Lots of Slimes","floor":12,"turns":3},{"damage":10,"enemies":"3 Louse","floor":14,"turns":2},{"damage":16,"enemies":"Hexaghost","floor":16,"turns":9}],"seed_played":"-305217459845950539","potions_obtained":[{"floor":5.0,"key":"EntropicBrew"},{"floor":7,"key":"DistilledChaos"},{"floor":11,"key":"Poison Potion"}],"is_trial":false,"path_per_floor":["M","?","M","M","M","R","E","M","T","R","M","M","R","M","R","B"],"character_chosen":"THE_SILENT","items_purchased":[],"campfire_rested":1,"item_purchase_floors":[],"current_hp_per_floor":[63,63,49,47,43,43,19,4,4,25,25,25,25,15,15,0,0],"gold":243,"neow_bonus":"TEN_PERCENT_HP_BONUS","is_daily":false,"chose_seed":false,"campfire_upgraded":3,"win_rate":0.0,"timestamp":1608349284,"path_taken":["M","?","?","M","M","R","E","M","T","R","M","M","R","M","R","BOSS"],"items_purchased_type":[],"build_version":"2020-12-17","purchased_purges":0,"victory":false,"max_hp_per_floor":[72,72,72,72,72,72,72,72,72,72,72,72,72,72,72,72,72],"card_choices":[{"not_picked":["Deflect","Bane"],"picked":"Dagger Spray","floor":1.0},{"not_picked":["Deadly Poison","Quick Slash"],"picked":"Dash","floor":3.0},{"not_picked":["Underhanded Strike","Flying Knee"],"picked":"Acrobatics","floor":4.0},{"not_picked":["Blade Dance","Sucker Punch","Acrobatics"],"picked":"SKIP","floor":5.0},{"not_picked":["Outmaneuver","Dagger Throw"],"picked":"Noxious Fumes","floor":7},{"not_picked":["Blur","Outmaneuver"],"picked":"Poisoned Stab","floor":8},{"not_picked":["Sucker Punch","Cloak And Dagger"],"picked":"PiercingWail","floor":11},{"not_picked":["Deflect","After Image"],"picked":"Crippling Poison","floor":12},{"not_picked":["Cloak And Dagger","Blade Dance"],"picked":"Dodge and Roll","floor":14}],"player_experience":2373640,"relics_obtained":[{"floor":7,"key":"Oddly Smooth Stone"}],"event_choices":[{"cards_removed":["Strike_G"],"damage_healed":0.0,"max_hp_gain":0.0,"max_hp_loss":0.0,"gold_gain":0.0,"event_name":"Wheel of Change","player_choice":"Card Removal","floor":2.0,"gold_loss":0.0,"damage_taken":0.0}],"is_beta":true,"boss_relics":[],"items_purged_floors":[],"is_endless":false,"potions_floor_spawned":[5,7,11,14],"killed_by":"Hexaghost","ascension_level":20}}