{"host":"qma899h3cz2w97yd","time":1608359196,"event":{"mods":["AchievementEnabler","Act Like it!","BaseMod","Bestiary","Block Reminder","Colored Powertips","Custom Start","Faster Ascension Climbing","Gremlin Skip","Highlight Path","Jorbs\u0027s Wanderer Trilogy","Minty Spire (QoL Compilation)","Pale of the Ancients","Permanent Neow","Relic Stats","StSLib","The Dragon Tamer","The Wild Card"],"gold_per_floor":[116,131,131,141,159,159,193,193,193,193,50,80,80,107,107,209,209,220,2,2,15,31,59,74,89,116,116,145,157,157,57,57,57,57],"floor_reached":33,"playtime":1378,"items_purged":["theWildCard:BasicStrike","theWildCard:BasicStrike"],"score":446,"play_id":"149c4b6c-3143-4360-a155-31c9efd5813e","local_time":"20201219012636","is_ascension_mode":true,"campfire_choices":[{"data":"theWildCard:ArchaicAssault","floor":6.0,"key":"SMITH"},{"data":"theWildCard:FinalHour","floor":8.0,"key":"SMITH"},{"data":"theWildCard:SeveringSlash","floor":10.0,"key":"SMITH"},{"floor":13.0,"key":"REST"},{"data":"theWildCard:Thanatos","floor":15.0,"key":"SMITH"},{"floor":27.0,"key":"REST"},{"floor":30,"key":"REST"},{"data":"theWildCard:PowerOfTheArcana","floor":32,"key":"SMITH"}],"circlet_count":0,"master_deck":["theWildCard:BasicStrike","theWildCard:BasicDefend","theWildCard:BasicDefend","theWildCard:BasicDefend","theWildCard:BasicDefend","theWildCard:CallToAdventure","theWildCard:Arsene","theWildCard:Satanael","theWildCard:ArchaicAssault+1","theWildCard:Safeguard","theWildCard:Thanatos+1","theWildCard:SacrificialStroke","theWildCard:SeveringSlash+1","theWildCard:FinalHour+1","theWildCard:Safeguard","theWildCard:Abstinence","theWildCard:StingingStrike","theWildCard:FuelForTheFire","theWildCard:ArcaneArts","theWildCard:PowerOfTheArcana+1","theWildCard:SacrificialStroke+1","theWildCard:MagicalMight","theWildCard:ArcanaArtistry","theWildCard:Unburden+1"],"relics":["theWildCard:VelvetContract","Letter Opener","Blue Candle","Darkstone Periapt","Bottled Tornado","Snecko Eye","Nloth\u0027s Gift","Sundial","Pen Nib","Ancient Tea Set"],"acts_visited":["Exordium","TheCity"],"potions_floor_usage":[28,29],"damage_taken":[{"damage":1.0,"enemies":"2 Louse","floor":1.0,"turns":4.0},{"damage":0.0,"enemies":"Cultist","floor":2.0,"turns":3.0},{"damage":2.0,"enemies":"Small Slimes","floor":4.0,"turns":4.0},{"damage":15.0,"enemies":"3 Louse","floor":5.0,"turns":4.0},{"damage":14.0,"enemies":"3 Sentries","floor":7.0,"turns":6.0},{"damage":17.0,"enemies":"Lagavulin","floor":12.0,"turns":5.0},{"damage":10.0,"enemies":"3 Sentries","floor":14.0,"turns":6.0},{"damage":4.0,"enemies":"Slime Boss","floor":16.0,"turns":3.0},{"damage":17.0,"enemies":"Spheric Guardian","floor":18.0,"turns":4.0},{"damage":19.0,"enemies":"2 Thieves","floor":21.0,"turns":2.0},{"damage":9.0,"enemies":"Cultist and Chosen","floor":22.0,"turns":3.0},{"damage":3.0,"enemies":"Gremlin Leader","floor":23.0,"turns":2.0},{"damage":0.0,"enemies":"Shelled Parasite and Fungi","floor":24.0,"turns":2.0},{"damage":0.0,"enemies":"Snecko","floor":25.0,"turns":2.0},{"damage":2,"enemies":"Book of Stabbing","floor":28,"turns":3},{"damage":16,"enemies":"Chosen and Byrds","floor":29,"turns":3},{"damage":30,"enemies":"Collector","floor":33,"turns":5}],"seed_played":"-9040224286874918543","potions_obtained":[{"floor":1.0,"key":"LiquidMemories"},{"floor":7.0,"key":"SpeedPotion"},{"floor":16.0,"key":"ColorlessPotion"},{"floor":18.0,"key":"Fire Potion"},{"floor":21.0,"key":"SteroidPotion"},{"floor":25.0,"key":"SkillPotion"}],"is_trial":false,"path_per_floor":["M","M","?","M","M","R","E","R","T","R","$","E","R","E","R","B",null,"M","$","?","M","M","E","M","M","T","R","E","M","R","$","R","B"],"character_chosen":"THE_WILD_CARD","items_purchased":["theWildCard:Safeguard","theWildCard:PowerOfTheArcana","Akabeko"],"campfire_rested":3,"item_purchase_floors":[11,19,19],"current_hp_per_floor":[59,59,59,57,42,42,28,28,28,28,28,11,29,19,19,15,60,43,43,43,24,15,12,12,12,12,30,28,12,30,30,30,0,0],"gold":57,"neow_bonus":"ONE_RANDOM_RARE_CARD","is_daily":false,"chose_seed":false,"campfire_upgraded":5,"win_rate":0.0,"timestamp":1608359196,"path_taken":["M","M","?","M","M","R","E","R","T","R","$","E","R","E","R","BOSS","M","$","?","?","M","E","M","M","T","R","E","M","R","?","R","BOSS"],"items_purchased_type":["Card","Card","Relic"],"build_version":"2020-12-13","purchased_purges":2,"victory":false,"max_hp_per_floor":[60,60,60,60,60,60,60,60,60,60,60,60,60,60,60,60,60,60,60,60,60,60,60,60,60,60,60,60,60,60,60,60,60,60],"relic_stats":{"Darkstone Periapt":0,"counters":[17,61],"Sundial":[0],"Blue Candle":[0],"Snecko Eye":[46,54,31,52],"Pen Nib":[1],"Nloth\u0027s Gift":1,"Letter Opener":[30],"obtain_stats":[{"Darkstone Periapt":12,"theWildCard:VelvetContract":0,"Sundial":23,"Blue Candle":9,"Snecko Eye":17,"Pen Nib":26,"Nloth\u0027s Gift":20,"Letter Opener":7,"Bottled Tornado":14,"Ancient Tea Set":28,"Akabeko":19},{"Darkstone Periapt":6,"theWildCard:VelvetContract":0,"Sundial":12,"Blue Candle":5,"Snecko Eye":8,"Pen Nib":14,"Nloth\u0027s Gift":9,"Letter Opener":5,"Bottled Tornado":7,"Ancient Tea Set":15,"Akabeko":9},{"Darkstone Periapt":26,"theWildCard:VelvetContract":0,"Sundial":46,"Blue Candle":21,"Snecko Eye":35,"Pen Nib":50,"Nloth\u0027s Gift":39,"Letter Opener":21,"Bottled Tornado":32,"Ancient Tea Set":53,"Akabeko":39}]},"card_choices":[{"not_picked":["theWildCard:Metatron","theWildCard:StalwartBlade"],"picked":"theWildCard:ArchaicAssault","floor":1.0},{"not_picked":["theWildCard:ManOfManyFaces","theWildCard:Michael"],"picked":"theWildCard:Safeguard","floor":2.0},{"not_picked":["theWildCard:Loki","theWildCard:Metatron"],"picked":"theWildCard:SacrificialStroke","floor":4.0},{"not_picked":["theWildCard:Loki","theWildCard:Proficiency"],"picked":"theWildCard:SeveringSlash","floor":5.0},{"not_picked":["theWildCard:Unburden","theWildCard:StingingStrike"],"picked":"theWildCard:FinalHour","floor":7.0},{"not_picked":["theWildCard:IdentityTheft","theWildCard:SeveringSlash"],"picked":"theWildCard:Abstinence","floor":12.0},{"not_picked":["theWildCard:Thanatos","theWildCard:Polydeuces"],"picked":"theWildCard:StingingStrike","floor":14.0},{"not_picked":["theWildCard:AllOutAttack","theWildCard:FinalHour"],"picked":"theWildCard:FuelForTheFire","floor":16.0},{"not_picked":["theWildCard:StalwartBlade","theWildCard:SacrificialStroke"],"picked":"theWildCard:ArcaneArts","floor":18.0},{"not_picked":["theWildCard:SeveringSlash","theWildCard:StingingStrike"],"picked":"theWildCard:SacrificialStroke+1","floor":21.0},{"not_picked":["theWildCard:UnendingRitual","theWildCard:Patience+1"],"picked":"theWildCard:MagicalMight","floor":22.0},{"not_picked":["theWildCard:MaskChange","theWildCard:Michael","theWildCard:Satanael"],"picked":"SKIP","floor":23.0},{"not_picked":["theWildCard:Providence","theWildCard:LadyLuck+1"],"picked":"theWildCard:ArcanaArtistry","floor":24.0},{"not_picked":["theWildCard:MagicalMight","theWildCard:Patience"],"picked":"theWildCard:Unburden+1","floor":25.0},{"not_picked":["theWildCard:ArcaneArts","theWildCard:EnergizedStroke","theWildCard:StingingStrike"],"picked":"SKIP","floor":28},{"not_picked":["theWildCard:Proficiency","theWildCard:Patience","theWildCard:Impatience+1"],"picked":"SKIP","floor":29}],"player_experience":1060344,"relics_obtained":[{"floor":7.0,"key":"Letter Opener"},{"floor":9.0,"key":"Blue Candle"},{"floor":12.0,"key":"Darkstone Periapt"},{"floor":14.0,"key":"Bottled Tornado"},{"floor":23.0,"key":"Sundial"},{"floor":26.0,"key":"Pen Nib"},{"floor":28,"key":"Ancient Tea Set"}],"event_choices":[{"damage_healed":0.0,"max_hp_gain":0.0,"max_hp_loss":0.0,"gold_gain":0.0,"cards_transformed":["theWildCard:BasicStrike"],"event_name":"Living Wall","player_choice":"Change","floor":3.0,"gold_loss":0.0,"damage_taken":0.0,"cards_obtained":["theWildCard:Thanatos"]},{"damage_healed":0.0,"max_hp_gain":0.0,"max_hp_loss":0.0,"gold_gain":0.0,"event_name":"N\u0027loth","player_choice":"Traded Relic","floor":20.0,"relics_lost":["Akabeko"],"gold_loss":0.0,"damage_taken":0.0,"relics_obtained":["Nloth\u0027s Gift"]}],"is_beta":false,"boss_relics":[{"not_picked":["SacredBark","Cursed Key"],"picked":"Snecko Eye"}],"items_purged_floors":[11,31],"is_endless":false,"potions_floor_spawned":[1,7,16,18,21,22,25],"killed_by":"Collector","ascension_level":2}}