{"host":"n4f6h2mlrt4e12he","time":1608359252,"event":{"mods":["2.2 Compatiblity","BaseMod","Colored Map","Downfall","Highlight Path","Hubris","Minty Spire (QoL Compilation)","Shop Mod","StSLib"],"gold_per_floor":[99,116,136,136,136,162,162,147,174,99,117,128,113,413,429,533,533,458,458,458,27,42,42,110,128,153,78,78,296,306,306,324,428,428,428,440,471,323,349,59,84,84,109,121,133,157,169,196,224,236,248,285,46,46,46,46],"floor_reached":55,"playtime":5773,"items_purged":["Slimebound:Icky","Guardian:Strike_Guardian","Regret"],"score":814,"play_id":"28d863d0-216b-40fa-982d-e3e6e820d407","local_time":"20201219012732","is_ascension_mode":true,"campfire_choices":[{"data":"Guardian:TwinSlam","floor":1.0,"key":"SMITH"},{"data":"Guardian:DecasProtection","floor":4.0,"key":"SMITH"},{"floor":10.0,"key":"RECALL"},{"data":"Guardian:CurlUp","floor":18.0,"key":"SMITH"},{"data":"Body Slam","floor":23.0,"key":"SMITH"},{"data":"Guardian:Harden","floor":27.0,"key":"SMITH"},{"data":"Guardian:Reroute","floor":35.0,"key":"SMITH"},{"data":"Guardian:Reroute","floor":44.0,"key":"SMITH"},{"floor":54,"key":"REST"}],"circlet_count":0,"master_deck":["Guardian:Strike_Guardian","Guardian:Strike_Guardian","Guardian:Defend_Guardian","Guardian:Defend_Guardian","Guardian:Defend_Guardian","Guardian:Defend_Guardian","Guardian:CurlUp+1","Guardian:TwinSlam+1","Guardian:Reroute+1","Guardian:DecasProtection+1","Guardian:Reroute+1","Guardian:Preprogram","Guardian:ExploitGems","Guardian:BronzeOrb","Body Slam+1","Guardian:SpikerProtocol","Guardian:TemporalStrike+1","Guardian:BronzeArmor+1","Guardian:Harden+1","Guardian:BronzeArmor+1","Guardian:PolyBeam+1","Guardian:CrystalBeam","Guardian:TimeSifter","Guardian:GuardianWhirl","Guardian:SentryBeam+1","Guardian:PrimingBeam","hubris:Wrath","Guardian:PrimingBeam","expansioncontent:BronzeBeam","Guardian:TemporalShield"],"relics":["Guardian:ModeShifter","Ice Cream","Anchor","hubris:CrystalStatue","hubris:DisguiseKit","downfall:HeartBlessingGreen","hubris:ScarierMask","downfall:HeartBlessingRed","Bag of Marbles","hubris:SphereOfDissonance","downfall:HeartBlessingBlue","Cursed Key","hubris:TinFlute","PreservedInsect","Vajra","Juzu Bracelet","Oddly Smooth Stone","hubris:Icosahedron","MawBank","Akabeko"],"acts_visited":["Exordium","TheCity","TheBeyond","TheEnding"],"potions_floor_usage":[55,55],"damage_taken":[{"damage":0.0,"enemies":"2 Louse","floor":2.0,"turns":2.0},{"damage":6.0,"enemies":"Jaw Worm","floor":3.0,"turns":3.0},{"damage":18.0,"enemies":"Gremlin Nob","floor":6.0,"turns":6.0},{"damage":2.0,"enemies":"downfall:FleeingMerchant","floor":8.0,"turns":4.0},{"damage":0.0,"enemies":"3 Sentries","floor":9.0,"turns":6.0},{"damage":0.0,"enemies":"Small Slimes","floor":11.0,"turns":2.0},{"damage":0.0,"enemies":"3 Louse","floor":12.0,"turns":2.0},{"damage":0.0,"enemies":"downfall:FleeingMerchant","floor":13.0,"turns":4.0},{"damage":0.0,"enemies":"Large Slime","floor":15.0,"turns":6.0},{"damage":4.0,"enemies":"downfall:Watcher","floor":16.0,"turns":8.0},{"damage":0.0,"enemies":"downfall:FleeingMerchant","floor":21.0,"turns":4.0},{"damage":0.0,"enemies":"Spheric Guardian","floor":22.0,"turns":3.0},{"damage":0.0,"enemies":"Cultist and Chosen","floor":25.0,"turns":3.0},{"damage":0.0,"enemies":"Slavers","floor":26.0,"turns":3.0},{"damage":7.0,"enemies":"downfall:FleeingMerchant","floor":29.0,"turns":3.0},{"damage":0.0,"enemies":"Snecko","floor":30.0,"turns":4.0},{"damage":0.0,"enemies":"Chosen and Byrds","floor":32.0,"turns":3.0},{"damage":5.0,"enemies":"downfall:Silent","floor":33.0,"turns":6.0},{"damage":0.0,"enemies":"3 Shapes","floor":36.0,"turns":3.0},{"damage":23.0,"enemies":"Nemesis","floor":37.0,"turns":5.0},{"damage":7.0,"enemies":"Giant Head","floor":39.0,"turns":5.0},{"damage":1.0,"enemies":"3 Darklings","floor":46.0,"turns":2.0},{"damage":0.0,"enemies":"4 Shapes","floor":48.0,"turns":2.0},{"damage":0.0,"enemies":"Spire Growth","floor":49.0,"turns":4.0},{"damage":17.0,"enemies":"downfall:Ironclad","floor":50.0,"turns":9.0},{"damage":88.0,"enemies":"downfall:CharBossMerchant","floor":52.0,"turns":9.0},{"damage":48,"enemies":"downfall:NeowBoss","floor":55,"turns":10}],"seed_played":"1215360735905358104","potions_obtained":[{"floor":9.0,"key":"Fire Potion"},{"floor":11.0,"key":"SpeedPotion"},{"floor":15.0,"key":"ColorlessPotion"},{"floor":16.0,"key":"BlessingOfTheForge"},{"floor":22.0,"key":"PowerPotion"},{"floor":30.0,"key":"Guardian:DefensiveModePotion"},{"floor":32.0,"key":"Block Potion"},{"floor":33.0,"key":"Block Potion"},{"floor":37.0,"key":"AttackPotion"},{"floor":49.0,"key":"SteroidPotion"}],"is_trial":false,"path_per_floor":["R","M","M","R","?","E","T","$","E","R","M","M","$","?","M","B",null,"R","?","?","$","M","R","T","M","E","R","?","$","M","?","M","B",null,"R","M","E","$","E","$","T","?","?","R","?","M","?","M","M","B",null,"E","$","R","B"],"character_chosen":"GUARDIAN","items_purchased":["Bag of Marbles","Fruit Juice","Fruit Juice","Guardian:Gem_Red","Guardian:Gem_Fragmented","PreservedInsect","Juzu Bracelet","Guardian:PrimingBeam","Weak Potion","Regen Potion"],"campfire_rested":1,"item_purchase_floors":[21,21,21,29,29,38,40,40,53,53],"current_hp_per_floor":[72,72,66,66,66,48,48,46,46,46,46,46,46,46,46,42,72,72,72,72,82,82,82,82,82,82,92,92,85,85,85,85,80,92,92,92,69,69,62,62,62,65,68,68,71,70,73,73,73,56,92,4,4,31,0,0],"gold":46,"neow_bonus":"ONE_RARE_RELIC","is_daily":false,"chose_seed":false,"campfire_upgraded":7,"win_rate":0.0,"timestamp":1608359252,"path_taken":["R","M","M","R","?","E","T","$","E","R","M","M","$","?","M","BOSS","R","?","?","$","M","R","T","M","E","R","?","$","M","?","M","BOSS","R","M","E","$","E","$","T","?","?","R","?","M","?","M","M","BOSS","E","$","R","BOSS"],"items_purchased_type":["Relic","Potion","Potion","Card","Card","Relic","Relic","Card","Potion","Potion"],"build_version":"2020-12-13","purchased_purges":3,"victory":false,"max_hp_per_floor":[72,72,72,72,72,72,72,72,72,72,72,72,72,72,72,72,72,72,72,72,82,82,82,82,82,82,92,92,92,92,92,92,92,92,92,92,92,92,92,92,92,92,92,92,92,92,92,92,92,92,92,92,92,92,92,92],"card_choices":[{"not_picked":["Guardian:Incinerate","Guardian:ChargeCore"],"picked":"Guardian:Reroute","floor":2.0},{"not_picked":["Guardian:Gem_Red","Guardian:WalkerClaw"],"picked":"Guardian:DecasProtection","floor":3.0},{"not_picked":["Guardian:TimeCapacitor","Guardian:VentSteam"],"picked":"Guardian:Reroute","floor":6.0},{"not_picked":["Guardian:Harden","Guardian:VentSteam"],"picked":"Guardian:Preprogram","floor":8.0},{"not_picked":["Guardian:FloatingOrbs","Guardian:Incinerate"],"picked":"Guardian:ExploitGems","floor":9.0},{"not_picked":["Guardian:RollAttack","Guardian:VentSteam","Heavy Blade"],"picked":"Guardian:BronzeOrb","floor":11.0},{"not_picked":["Guardian:RollAttack","Guardian:Suspension","Guardian:Gem_Green"],"picked":"Body Slam","floor":12.0},{"not_picked":["Guardian:Gem_Cyan","Guardian:VentSteam","Searing Blow"],"picked":"Guardian:Gem_Green","floor":13.0},{"not_picked":["Guardian:Suspension","Guardian:Emergency","Corruption"],"picked":"Guardian:SpikerProtocol","floor":15.0},{"not_picked":["Guardian:Gem_Synthetic","Guardian:FastForward","Berserk"],"picked":"Guardian:Gem_Orange","floor":16.0},{"not_picked":["Guardian:Planning","Guardian:PiercingHide","Infernal Blade"],"picked":"Guardian:TemporalStrike+1","floor":21.0},{"not_picked":["Guardian:PiercingHide","Guardian:Gem_Blue","Iron Wave"],"picked":"Guardian:BronzeArmor","floor":22.0},{"not_picked":["Guardian:Suspension+1","Guardian:Gem_Blue","Wild Strike"],"picked":"Guardian:Harden","floor":25.0},{"not_picked":["Guardian:Emergency","Guardian:Incinerate+1","hubris:ReadiedAction"],"picked":"Guardian:BronzeArmor+1","floor":26.0},{"not_picked":["Guardian:Gem_Green","Guardian:WalkerClaw","Corruption"],"picked":"Guardian:PolyBeam+1","floor":29.0},{"not_picked":["Guardian:ArmoredProtocol","Guardian:FierceBash","Bloodletting"],"picked":"Guardian:CrystalBeam","floor":30.0},{"not_picked":["Guardian:WalkerClaw","Guardian:CrystalBeam","Flex"],"picked":"Guardian:Gem_White","floor":32.0},{"not_picked":["Guardian:AncientConstruct","Guardian:SphericShield","Impervious"],"picked":"Guardian:TimeSifter","floor":33.0},{"not_picked":["Guardian:Recover","Guardian:ShieldCharger+1","Sever Soul"],"picked":"Guardian:Gem_Green","floor":36.0},{"not_picked":["Guardian:Incinerate","Guardian:SpikerProtocol","Feel No Pain"],"picked":"Guardian:GuardianWhirl","floor":37.0},{"not_picked":["Guardian:Gem_Lightblue","Guardian:RollAttack+1","Flame Barrier"],"picked":"Guardian:SentryBeam+1","floor":39.0},{"not_picked":["Guardian:ArmoredProtocol+1","Guardian:ShieldCharger+1","Combust"],"picked":"Guardian:PrimingBeam","floor":46.0},{"not_picked":["expansioncontent:ManipulateTime","expansioncontent:FaceSlap"],"picked":"expansioncontent:BronzeBeam","floor":47.0},{"not_picked":["Guardian:Suspension+1","Guardian:PrismaticBeam+1","Body Slam"],"picked":"Guardian:TemporalShield","floor":48.0},{"not_picked":["Guardian:TemporalShield","Guardian:RollAttack","Guardian:ChargeCore+1","Heavy Blade"],"picked":"SKIP","floor":49.0},{"not_picked":["Guardian:EvasiveProtocol+1","Guardian:GuardianWhirl+1","Guardian:RollAttack+1","Carnage"],"picked":"SKIP","floor":52.0}],"player_experience":1325901,"relics_obtained":[{"floor":6.0,"key":"Anchor"},{"floor":7.0,"key":"hubris:CrystalStatue"},{"floor":9.0,"key":"hubris:DisguiseKit"},{"floor":26.0,"key":"hubris:SphereOfDissonance"},{"floor":37.0,"key":"hubris:TinFlute"},{"floor":39.0,"key":"Vajra"},{"floor":41.0,"key":"Oddly Smooth Stone"},{"floor":43.0,"key":"MawBank"},{"floor":52.0,"key":"Akabeko"}],"event_choices":[{"damage_healed":0.0,"max_hp_gain":0.0,"max_hp_loss":0.0,"gold_gain":0.0,"event_name":"Ghosts","player_choice":"Ignored","floor":20.0,"gold_loss":0.0,"damage_taken":0.0}],"is_beta":false,"boss_relics":[{"not_picked":["Ectoplasm","Tiny House"],"picked":"hubris:ScarierMask"},{"not_picked":["Sozu","Fusion Hammer"],"picked":"Cursed Key"}],"items_purged_floors":[21,40,53],"is_endless":false,"potions_floor_spawned":[9,11,15,16,22,30,32,33,37,49],"killed_by":"downfall:NeowBoss","ascension_level":1}}