{"host":"26je6g5b6jsd0prz","time":1608379620,"event":{"mods":["AchievementEnabler","BaseMod","Colored Map","Minty Spire (QoL Compilation)"],"gold_per_floor":[115,290,290,290,303,303,74,108,108,108,108,135,153,165,165,165,165],"floor_reached":16,"playtime":629,"items_purged":[],"score":133,"play_id":"252959e7-890d-4767-a298-4e0e2d281bbc","local_time":"20201219210700","is_ascension_mode":false,"campfire_choices":[{"data":"Redo","floor":6,"key":"SMITH"},{"data":"Transmutation","floor":11,"key":"SMITH"},{"data":"Parasite","floor":15,"key":"PURGE"}],"circlet_count":0,"master_deck":["Strike_B","Strike_B","Strike_B","Strike_B","Defend_B","Defend_B","Defend_B","Defend_B","Zap","Dualcast","Redo+1","Writhe","Go for the Eyes","Transmutation+1","Storm","Barrage","Beam Cell","Aggregate+1","Coolheaded+1"],"relics":["Cracked Core","NeowsBlessing","Gambling Chip","Sundial","Toxic Egg 2","Peace Pipe"],"acts_visited":["Exordium"],"potions_floor_usage":[12,12,16],"damage_taken":[{"damage":0,"enemies":"Small Slimes","floor":1,"turns":1},{"damage":0,"enemies":"Jaw Worm","floor":5,"turns":1},{"damage":0,"enemies":"Gremlin Nob","floor":8,"turns":1},{"damage":13,"enemies":"Lagavulin","floor":12,"turns":9},{"damage":0,"enemies":"Cultist","floor":13,"turns":2},{"damage":9,"enemies":"2 Fungi Beasts","floor":14,"turns":3},{"damage":53,"enemies":"The Guardian","floor":16,"turns":5}],"seed_played":"750351635686421698","potions_obtained":[{"floor":1,"key":"SkillPotion"},{"floor":8,"key":"GamblersBrew"},{"floor":12,"key":"EssenceOfSteel"}],"is_trial":false,"path_per_floor":["M","?","?","?","M","R","$","E","T","?","R","E","M","M","R","B"],"character_chosen":"DEFECT","items_purchased":["Transmutation","Storm"],"campfire_rested":0,"item_purchase_floors":[7,7],"current_hp_per_floor":[75,75,75,57,57,57,57,57,57,75,75,62,62,53,53,0,0],"gold":165,"neow_bonus":"THREE_ENEMY_KILL","is_daily":false,"chose_seed":false,"campfire_upgraded":2,"win_rate":0.0,"timestamp":1608379620,"path_taken":["M","?","?","?","?","R","$","E","T","?","R","E","M","M","R","BOSS"],"items_purchased_type":["Card","Card"],"build_version":"2020-12-13","purchased_purges":0,"victory":false,"max_hp_per_floor":[75,75,75,75,75,75,75,75,75,75,75,75,75,75,72,72,72],"card_choices":[{"not_picked":["Glacier","Steam"],"picked":"Redo","floor":1},{"not_picked":["Hologram","Coolheaded"],"picked":"Go for the Eyes","floor":5},{"not_picked":["Turbo","Reinforced Body"],"picked":"Barrage","floor":8},{"not_picked":["Thunder Strike","Heatsinks"],"picked":"Beam Cell","floor":12},{"not_picked":["Force Field+1","Auto Shields+1"],"picked":"Aggregate+1","floor":13},{"not_picked":["Hologram+1","Ball Lightning"],"picked":"Coolheaded+1","floor":14}],"player_experience":164011,"relics_obtained":[{"floor":8,"key":"Sundial"},{"floor":9,"key":"Toxic Egg 2"},{"floor":12,"key":"Peace Pipe"}],"event_choices":[{"damage_healed":0,"gold_gain":175,"player_choice":"AGREE","damage_taken":0,"max_hp_gain":0,"max_hp_loss":0,"event_name":"Liars Game","floor":2,"gold_loss":0,"cards_obtained":["Doubt"]},{"damage_healed":0,"gold_gain":0,"cards_transformed":["Doubt"],"player_choice":"Change","damage_taken":0,"max_hp_gain":0,"max_hp_loss":0,"event_name":"Living Wall","floor":3,"gold_loss":0,"cards_obtained":["Writhe"]},{"damage_healed":0,"gold_gain":0,"player_choice":"Success","damage_taken":18,"relics_obtained":["Gambling Chip"],"max_hp_gain":0,"max_hp_loss":0,"event_name":"Scrap Ooze","floor":4,"gold_loss":0},{"damage_healed":18,"gold_gain":0,"player_choice":"Healed and dodged fight","damage_taken":0,"max_hp_gain":0,"max_hp_loss":0,"event_name":"Mushrooms","floor":10,"gold_loss":0,"cards_obtained":["Parasite"]}],"is_beta":false,"boss_relics":[],"items_purged_floors":[],"is_endless":false,"potions_floor_spawned":[1,8,12],"killed_by":"The Guardian","ascension_level":0}}