{"host":"is2s59edl8twrhoj","time":1608382150,"event":{"mods":["BaseMod","Colored Map","Colored Powertips","DeckTracker","Downfall","Minty Spire (QoL Compilation)","StSLib"],"gold_per_floor":[99,99,130,130,130,142,142,142,158,191,216,228,241,271,288,288,288],"floor_reached":16,"playtime":475,"items_purged":[],"score":135,"play_id":"bd3935eb-4e41-42bf-a7db-55cecf882389","local_time":"20201219124910","is_ascension_mode":false,"campfire_choices":[{"data":"Slimebound:Tackle","floor":1,"key":"SMITH"},{"data":"Slimebound:FirmFortitude","floor":8,"key":"SMITH"}],"circlet_count":0,"master_deck":["Slimebound:Strike_Slimebound","Slimebound:Strike_Slimebound","Slimebound:Strike_Slimebound","Slimebound:Tackle+1","Slimebound:Defend_Slimebound","Slimebound:Defend_Slimebound","Slimebound:Defend_Slimebound","Slimebound:Defend_Slimebound","Slimebound:Split","Slimebound:CorrosiveSpit","Slimebound:SlimeSpikes","Slimebound:FinishingTackle","Slimebound:FirmFortitude+1","Slimebound:SplitMire","Slimebound:ComboTackle"],"relics":["Slimebound:AbsorbEndCombat","downfall:HeartsMalice","Smiling Mask","Matryoshka","Tiny Chest","Odd Mushroom"],"acts_visited":["Exordium"],"potions_floor_usage":[13,16],"damage_taken":[{"damage":0,"enemies":"Jaw Worm","floor":2,"turns":1},{"damage":0,"enemies":"Lagavulin","floor":3,"turns":1},{"damage":0,"enemies":"Small Slimes","floor":5,"turns":1},{"damage":4,"enemies":"Cultist","floor":6,"turns":4},{"damage":2,"enemies":"Blue Slaver","floor":9,"turns":3},{"damage":37,"enemies":"Gremlin Nob","floor":10,"turns":5},{"damage":25,"enemies":"The Mushroom Lair","floor":11,"turns":5},{"damage":8,"enemies":"3 Louse","floor":12,"turns":3},{"damage":23,"enemies":"Exordium Wildlife","floor":13,"turns":4},{"damage":13,"enemies":"2 Fungi Beasts","floor":15,"turns":3},{"damage":27,"enemies":"downfall:Silent","floor":16,"turns":2}],"seed_played":"1114370264228491951","potions_obtained":[{"floor":3,"key":"Regen Potion"},{"floor":6,"key":"BlessingOfTheForge"},{"floor":10,"key":"Ancient Potion"},{"floor":11,"key":"EssenceOfSteel"},{"floor":13,"key":"SmokeBomb"}],"is_trial":false,"path_per_floor":["R","M","E","?","M","M","T","R","M","E","?","M","M","?","M","B"],"character_chosen":"SLIMEBOUND","items_purchased":[],"campfire_rested":0,"item_purchase_floors":[],"current_hp_per_floor":[60,60,60,60,60,60,60,60,60,27,18,22,25,25,22,0,0],"gold":288,"neow_bonus":"THREE_ENEMY_KILL","is_daily":false,"chose_seed":false,"campfire_upgraded":2,"win_rate":0.0,"timestamp":1608382150,"path_taken":["R","M","E","?","M","M","T","R","M","E","?","M","M","?","M","BOSS"],"items_purchased_type":[],"build_version":"2020-12-13","purchased_purges":0,"victory":false,"max_hp_per_floor":[60,60,60,60,60,60,60,60,60,60,60,60,60,60,60,60,60],"card_choices":[{"not_picked":["Slimebound:LeechEnergy","Slimebound:GrowthPunch"],"picked":"Slimebound:SlimeSpikes","floor":2},{"not_picked":["Slimebound:Repurpose","Slimebound:ForwardTackle","Slimebound:MegaLick"],"picked":"SKIP","floor":3},{"not_picked":["Slimebound:LeadByExample","Slimebound:LeechEnergy"],"picked":"Slimebound:FinishingTackle","floor":5},{"not_picked":["Slimebound:LeechingTouch","Slimebound:LivingWall"],"picked":"Slimebound:FirmFortitude","floor":6},{"not_picked":["Slimebound:PressTheAttack","Slimebound:FormOfPuddle","Slimebound:Nibble"],"picked":"SKIP","floor":9},{"not_picked":["Slimebound:RejuvenatingLick","Slimebound:MassFeed"],"picked":"Slimebound:SplitMire","floor":10},{"not_picked":["Slimebound:SplitBruiser","Slimebound:Equalize","Slimebound:LeechEnergy"],"picked":"SKIP","floor":12},{"not_picked":["Slimebound:SlimeSpikes","Slimebound:MinionMaster"],"picked":"Slimebound:ComboTackle","floor":13},{"not_picked":["Slimebound:LeechEnergy","Slimebound:GoopSpray","Slimebound:SplitBruiser"],"picked":"SKIP","floor":15}],"player_experience":650638,"relics_obtained":[{"floor":3,"key":"Smiling Mask"},{"floor":7,"key":"Matryoshka"},{"floor":10,"key":"Tiny Chest"},{"floor":11,"key":"Odd Mushroom"}],"event_choices":[{"damage_healed":0,"gold_gain":0,"player_choice":"Fought Mushrooms","damage_taken":0,"max_hp_gain":0,"max_hp_loss":0,"event_name":"Mushrooms","floor":11,"gold_loss":0}],"is_beta":false,"boss_relics":[],"items_purged_floors":[],"is_endless":false,"potions_floor_spawned":[3,6,10,11,13],"killed_by":"downfall:Silent","ascension_level":0}}