{"host":"2yrpj874ymrph8fv","time":1608403842,"event":{"mods":["AchievementEnabler","Act Like it!","Aspiration","BaseMod","Better Altar","Better Match","Better Note","Better Sensory Stone","Better Skull","Better Third Choice","BetterRewards","Clawfect","Colored Map","Colored Powertips","Conspire","Downfall","GifTheSpireLib","Halation","Hallownest","Highlight Path","Hubris","Infinite Spire","Marisa????????","Minty Spire (QoL Compilation)","Permanent Neow","Quick Restart","Replay The Spire","Shade Mod","Shop Mod","Spicy Shops","StSLib","Stuff the Spire","The Bug Knight","The Construct","The Disciple","The Servant 0.9.4","everything is the same but u backflip on backflip"],"gold_per_floor":[111,128,128,139,154,154,165,190,190,190,29,39,59,76,76,76,76],"floor_reached":16,"playtime":2874,"items_purged":[],"score":106,"play_id":"d672a826-9454-417e-a396-0e3c55b51042","local_time":"20201219125042","is_ascension_mode":false,"campfire_choices":[{"floor":6,"key":"REST"},{"data":"HollowMod:NailStrikeStart","floor":10,"key":"SMITH"},{"floor":15,"key":"DIG"}],"circlet_count":0,"master_deck":["HollowMod:NailStrikeStart+1","HollowMod:NailStrikeStart","HollowMod:NailStrikeStart","HollowMod:NailStrikeStart","HollowMod:QuickDashStart","HollowMod:QuickDashStart","HollowMod:QuickDashStart","HollowMod:QuickDashStart","HollowMod:FocusHealStart","HollowMod:PogoStrike","HollowMod:Grubsong","HollowMod:ChannelNail","HollowMod:SharpenedNail","HollowMod:GoodIntentions","HollowMod:CycloneSlash","HollowMod:MonarchWings","HollowMod:GrimmsGift","HollowMod:RecoilStrike","HollowMod:InfectedCysts","HollowMod:DesolateDive","HollowMod:WraithStrike"],"relics":["HollowMod:VesselMask","aspiration:Nostalgia","champ:ChampionCrown","PreservedInsect","StuffTheSpire:Barrel","Garlic","HollowMod:PaleOreRelic"],"acts_visited":["Exordium"],"potions_floor_usage":[12,12,16],"damage_taken":[{"damage":0,"enemies":"2_ Uuma","floor":1,"turns":6},{"damage":12,"enemies":"Hallownest:2_Tiktiks_and_1_Crawlid","floor":2,"turns":6},{"damage":1,"enemies":"Hallownest:2_MossCreeps","floor":4,"turns":6},{"damage":12,"enemies":"Hallownest:MossCreep_and_Mosskin","floor":5,"turns":6},{"damage":15,"enemies":"Hallownest:monsterMossCharger","floor":7,"turns":16},{"damage":5,"enemies":"Hallownest:eliteVengeflyKing","floor":8,"turns":6},{"damage":51,"enemies":"Hallownest:Guard_and_Warrior","floor":12,"turns":10},{"damage":5,"enemies":"Hallownest:Wandering_and_Horned","floor":13,"turns":6},{"damage":8,"enemies":"Hallownest:1_Baldur_1_Crawlid_1_Warrior","floor":14,"turns":6},{"damage":30,"enemies":"Hallownest:BossBrokenVessel","floor":16,"turns":6}],"seed_played":"918488149070471007","potions_obtained":[{"floor":4,"key":"Weak Potion"},{"floor":8,"key":"Milkshake"},{"floor":12,"key":"Block Potion"},{"floor":14,"key":"Explosive Potion"}],"is_trial":false,"path_per_floor":["M","M","?","M","M","R","M","E","T","R","$","M","M","M","R_BF","B"],"character_chosen":"THE_BUGKNIGHT","items_purchased":["HollowMod:GrimmsGift","HollowMod:RecoilStrike"],"campfire_rested":1,"item_purchase_floors":[11,11],"current_hp_per_floor":[75,63,48,53,47,69,64,65,65,65,65,28,37,29,29,0,0],"gold":76,"neow_bonus":"NOSTALGIA","is_daily":false,"chose_seed":false,"campfire_upgraded":1,"win_rate":0.0,"timestamp":1608403842,"path_taken":["M","M","?","M","?","R","M","E","T","R","$","M","M","M","R_BF","BOSS"],"items_purchased_type":["Card","Card"],"build_version":"2020-12-13","purchased_purges":0,"victory":false,"max_hp_per_floor":[75,75,75,75,75,75,75,75,75,75,75,75,75,75,75,75,75],"card_choices":[{"not_picked":["HollowMod:GoodIntentions","HollowMod:FallenFury"],"picked":"HollowMod:Grubsong","floor":1},{"not_picked":["HollowMod:InfectionAssault","HollowMod:DoubleDash"],"picked":"HollowMod:ChannelNail","floor":2},{"not_picked":["HollowMod:HeavyBlow","HollowMod:WraithStrike"],"picked":"HollowMod:SharpenedNail","floor":4},{"not_picked":["HollowMod:SoulSplash","HollowMod:NewGlowingWomb"],"picked":"HollowMod:GoodIntentions","floor":5},{"not_picked":["HollowMod:GoodIntentions","HollowMod:SoulSplash"],"picked":"HollowMod:CycloneSlash","floor":7},{"not_picked":["HollowMod:TaintedHusks","HollowMod:CoiledNail"],"picked":"HollowMod:MonarchWings","floor":8},{"not_picked":["HollowMod:GoodIntentions","HollowMod:CycloneSlash"],"picked":"HollowMod:InfectedCysts","floor":12},{"not_picked":["HollowMod:SharpenedNail","HollowMod:SoulEater"],"picked":"HollowMod:DesolateDive","floor":13},{"not_picked":["HollowMod:SiblingsShadow","HollowMod:LifebloodCocoon"],"picked":"HollowMod:WraithStrike","floor":14}],"player_experience":165299,"relics_obtained":[{"floor":8,"key":"StuffTheSpire:Barrel"},{"floor":9,"key":"Garlic"},{"floor":15,"key":"HollowMod:PaleOreRelic"}],"event_choices":[{"damage_healed":0,"gold_gain":0,"player_choice":"RE ","damage_taken":17,"relics_obtained":["PreservedInsect"],"max_hp_gain":0,"max_hp_loss":0,"event_name":"betterSkull:BetterSkull","floor":3,"gold_loss":0,"cards_upgraded":[]}],"is_beta":false,"boss_relics":[],"items_purged_floors":[],"is_endless":false,"potions_floor_spawned":[4,8,12,14],"killed_by":"Hallownest:BossBrokenVessel","ascension_level":0}}