{"host":"j0a1jfichhxu8b8p","time":1608387175,"event":{"mods":["BaseMod","Colored Map","DeckTracker","Keyboard Shortcuts","Minty Spire (QoL Compilation)","Permanent Neow","StSLib","everything is the same but u backflip on backflip"],"gold_per_floor":[113,137,153,328,6,33,49,80,80,80,99,49,77,88,88,88,88],"floor_reached":16,"playtime":558,"items_purged":["Doubt","Defend_P"],"score":160,"play_id":"aa97ebb7-c4fa-4b9e-8977-e30d6163d7cb","local_time":"20201219231255","is_ascension_mode":true,"campfire_choices":[{"floor":10,"key":"REST"},{"data":"Eruption","floor":15,"key":"SMITH"}],"circlet_count":0,"master_deck":["Strike_P","Strike_P","Strike_P","Defend_P","Defend_P","Eruption+1","Vigilance","Halt","MentalFortress","InnerPeace"],"relics":["PureWater","Smiling Mask","Membership Card","Pear","Ancient Tea Set","Darkstone Periapt","HornCleat","Odd Mushroom"],"acts_visited":["Exordium"],"potions_floor_usage":[8,16],"damage_taken":[{"damage":0,"enemies":"Cultist","floor":1,"turns":2},{"damage":0,"enemies":"Jaw Worm","floor":3,"turns":3},{"damage":24,"enemies":"Gremlin Nob","floor":6,"turns":4},{"damage":0,"enemies":"2 Louse","floor":7,"turns":3},{"damage":15,"enemies":"Lagavulin","floor":8,"turns":8},{"damage":2,"enemies":"Exordium Thugs","floor":11,"turns":4},{"damage":0,"enemies":"The Mushroom Lair","floor":13,"turns":4},{"damage":1,"enemies":"Exordium Wildlife","floor":14,"turns":5},{"damage":39,"enemies":"Hexaghost","floor":16,"turns":9}],"seed_played":"-7278101106349993755","potions_obtained":[{"floor":3,"key":"SpeedPotion"},{"floor":8,"key":"Energy Potion"},{"floor":14,"key":"SpeedPotion"}],"is_trial":false,"path_per_floor":["M","T","M","?","$","E","M","E","T","R","M","$","?","M","R","B"],"character_chosen":"WATCHER","items_purchased":["Membership Card","Pear"],"campfire_rested":1,"item_purchase_floors":[5,5],"current_hp_per_floor":[47,47,47,47,57,33,33,18,18,42,40,40,40,39,39,0,0],"gold":88,"neow_bonus":"REMOVE_TWO","is_daily":false,"chose_seed":false,"campfire_upgraded":1,"win_rate":0.0,"timestamp":1608387175,"path_taken":["M","?","?","?","$","E","M","E","T","R","M","$","?","M","R","BOSS"],"items_purchased_type":["Relic","Relic"],"build_version":"2020-12-13","purchased_purges":2,"victory":false,"max_hp_per_floor":[72,72,72,72,82,82,82,82,82,82,82,82,82,82,82,82,82],"card_choices":[{"not_picked":["PathToVictory","WaveOfTheHand","Crescendo"],"picked":"SKIP","floor":1},{"not_picked":["CutThroughFate","WaveOfTheHand","Halt"],"picked":"SKIP","floor":3},{"not_picked":["JustLucky","Prostrate","ClearTheMind"],"picked":"SKIP","floor":6},{"not_picked":["ThirdEye","Consecrate"],"picked":"Halt","floor":7},{"not_picked":["Protect","Conclude"],"picked":"MentalFortress","floor":8},{"not_picked":["Halt","TalkToTheHand","Prostrate"],"picked":"SKIP","floor":11},{"not_picked":["FollowUp","PathToVictory"],"picked":"InnerPeace","floor":14}],"player_experience":331437,"relics_obtained":[{"floor":2,"key":"Smiling Mask"},{"floor":6,"key":"Ancient Tea Set"},{"floor":8,"key":"Darkstone Periapt"},{"floor":9,"key":"HornCleat"},{"floor":13,"key":"Odd Mushroom"}],"event_choices":[{"damage_healed":0,"gold_gain":175,"player_choice":"AGREE","damage_taken":0,"max_hp_gain":0,"max_hp_loss":0,"event_name":"Liars Game","floor":4,"gold_loss":0,"cards_obtained":["Doubt"]},{"damage_healed":0,"gold_gain":0,"player_choice":"Fought Mushrooms","damage_taken":0,"max_hp_gain":0,"max_hp_loss":0,"event_name":"Mushrooms","floor":13,"gold_loss":0}],"is_beta":false,"boss_relics":[],"items_purged_floors":[5,12],"is_endless":false,"potions_floor_spawned":[3,8,14],"killed_by":"Hexaghost","ascension_level":9}}