{"host":"f55lpzc7830gmx23","time":1608415764,"event":{"mods":["BaseMod","Better Note","Downfall","Hermit","Minty Spire (QoL Compilation)","StSLib","The Blackbeard","The Cursed","The Necromancer"],"gold_per_floor":[119,119,32,51,51,82,82,109,181,195,219,232,242,252,252,349,349,363,346,41,58,28,28,28,61,61,61,77,77,77,77,77,77],"floor_reached":31,"playtime":2224,"items_purged":[],"score":435,"play_id":"83475ea7-041f-4dcc-ab12-fcdd8bac8e99","local_time":"20201219230924","is_ascension_mode":true,"campfire_choices":[{"floor":15,"key":"REST"},{"floor":23,"key":"REST"},{"floor":27,"key":"REST"}],"circlet_count":0,"master_deck":["AscendersBane","blackbeard:BlackbeardStrike","blackbeard:BlackbeardStrike","blackbeard:IntimidatingStrike","blackbeard:BlackbeardDefend","blackbeard:BlackbeardDefend","blackbeard:BlackbeardDefend","blackbeard:BlackbeardDefend+1","blackbeard:Cutlass+1","blackbeard:Sword+1","blackbeard:GoldenCannonball","blackbeard:DoubleCannonball","blackbeard:RearmingStrike","blackbeard:RemoveScurvy","blackbeard:RearmingStrike","blackbeard:Dagger","blackbeard:TacticalRetreat","blackbeard:CaptainsCabin","blackbeard:BeatUp","blackbeard:TheDrunkenSailor","blackbeard:Spear+1","blackbeard:DangerousBlow","blackbeard:SmithingHammer","blackbeard:CannonBarrage","blackbeard:InfiniteBarrage","blackbeard:DeadlyArsenal"],"relics":["blackbeard:LoadTheCannons","NeowsBlessing","Boot","War Paint","Sundial","Odd Mushroom","Philosopher\u0027s Stone","Ginger","Orichalcum","Bronze Scales"],"acts_visited":["Exordium","TheCity"],"potions_floor_usage":[11,12,18,21,21,25,25,25],"damage_taken":[{"damage":0,"enemies":"2 Louse","floor":1,"turns":1},{"damage":0,"enemies":"Small Slimes","floor":4,"turns":1},{"damage":0,"enemies":"Gremlin Nob","floor":6,"turns":1},{"damage":25,"enemies":"Lagavulin","floor":8,"turns":6},{"damage":6,"enemies":"Cultist","floor":10,"turns":3},{"damage":1,"enemies":"The Mushroom Lair","floor":11,"turns":3},{"damage":13,"enemies":"Blue Slaver","floor":12,"turns":3},{"damage":3,"enemies":"Looter","floor":13,"turns":2},{"damage":6,"enemies":"Exordium Wildlife","floor":14,"turns":3},{"damage":37,"enemies":"The Guardian","floor":16,"turns":9},{"damage":4,"enemies":"Spheric Guardian","floor":18,"turns":3},{"damage":11,"enemies":"2 Thieves","floor":19,"turns":4},{"damage":26,"enemies":"Sentry and Sphere","floor":21,"turns":5},{"damage":35,"enemies":"Slavers","floor":25,"turns":6},{"damage":36,"enemies":"Snake Plant","floor":28,"turns":3},{"damage":11,"enemies":"Book of Stabbing","floor":31,"turns":1}],"seed_played":"-4916361094064524909","potions_obtained":[{"floor":4,"key":"Energy Potion"},{"floor":6,"key":"blackbeard:RumPotion"},{"floor":10,"key":"SpeedPotion"},{"floor":11,"key":"Dexterity Potion"},{"floor":13,"key":"SteroidPotion"},{"floor":19,"key":"LiquidMemories"},{"floor":22,"key":"PowerPotion"},{"floor":22,"key":"Energy Potion"},{"floor":28,"key":"Energy Potion"}],"is_trial":false,"path_per_floor":["M","?","$","M","$","E","?","E","T","M","?","M","M","M","R","B",null,"M","M","$","M","?","R","?","E","T","R","M","?","$","E"],"character_chosen":"BLACKBEARD_CLASS","items_purchased":["blackbeard:Sword","blackbeard:GoldenCannonball","Ginger"],"campfire_rested":3,"item_purchase_floors":[3,3,20],"current_hp_per_floor":[68,68,68,68,68,68,68,43,43,37,41,33,35,34,56,19,61,62,51,51,30,30,52,52,17,17,39,8,8,8,0,0,0],"gold":77,"neow_bonus":"THREE_ENEMY_KILL","is_daily":false,"chose_seed":false,"campfire_upgraded":0,"win_rate":0.0,"timestamp":1608415764,"path_taken":["M","?","$","M","$","E","?","E","T","?","?","M","M","M","R","BOSS","M","M","$","M","?","R","?","E","T","R","M","?","?","E"],"items_purchased_type":["Card","Card","Relic"],"build_version":"2020-12-13","purchased_purges":0,"victory":false,"max_hp_per_floor":[75,75,75,75,75,75,75,75,75,75,75,75,75,75,75,75,75,75,75,75,75,75,75,75,75,75,75,75,75,75,75,75,75],"card_choices":[{"not_picked":["blackbeard:Toast","blackbeard:PiratesWill","blackbeard:WoodenLeg"],"picked":"SKIP","floor":1},{"not_picked":["blackbeard:JollyRoger","blackbeard:ArmorUp"],"picked":"blackbeard:DoubleCannonball","floor":4},{"not_picked":["blackbeard:Provisioning","blackbeard:CaptainsCabin"],"picked":"blackbeard:RearmingStrike","floor":6},{"not_picked":["blackbeard:PowerHungry","blackbeard:Sword"],"picked":"blackbeard:RemoveScurvy","floor":8},{"not_picked":["blackbeard:BlindAttacks","blackbeard:GoldenDefense"],"picked":"blackbeard:RearmingStrike","floor":10},{"not_picked":["blackbeard:TerrorOfTheSeas","blackbeard:WiseDefense"],"picked":"blackbeard:Dagger","floor":11},{"not_picked":["blackbeard:RearmingStrike","blackbeard:Dagger"],"picked":"blackbeard:TacticalRetreat","floor":12},{"not_picked":["blackbeard:FieryDefense","blackbeard:GoldenGuillotine"],"picked":"blackbeard:CaptainsCabin","floor":13},{"not_picked":["blackbeard:BlindAttacks","blackbeard:FieryDefense"],"picked":"blackbeard:BeatUp","floor":14},{"not_picked":["blackbeard:PowerHungry","blackbeard:Lifeboat"],"picked":"blackbeard:TheDrunkenSailor","floor":16},{"not_picked":["blackbeard:Shrapnel+1","blackbeard:GoldenStrike"],"picked":"blackbeard:Spear+1","floor":18},{"not_picked":["blackbeard:RearmingStrike","blackbeard:Toast"],"picked":"blackbeard:DangerousBlow","floor":19},{"not_picked":["blackbeard:Shrapnel","blackbeard:HumongousCannonball"],"picked":"blackbeard:SmithingHammer","floor":21},{"not_picked":["blackbeard:Bandana","blackbeard:GoldenStrike"],"picked":"blackbeard:InfiniteBarrage","floor":25},{"not_picked":["blackbeard:Sword","blackbeard:FishingNets+1"],"picked":"blackbeard:DeadlyArsenal","floor":28}],"player_experience":433228,"relics_obtained":[{"floor":6,"key":"Boot"},{"floor":8,"key":"War Paint"},{"floor":9,"key":"Sundial"},{"floor":11,"key":"Odd Mushroom"},{"floor":25,"key":"Orichalcum"},{"floor":26,"key":"Bronze Scales"}],"event_choices":[{"damage_healed":0,"gold_gain":0,"player_choice":"Grow","damage_taken":0,"max_hp_gain":0,"max_hp_loss":0,"event_name":"Living Wall","floor":2,"gold_loss":0,"cards_upgraded":["blackbeard:Cutlass"]},{"cards_removed":["blackbeard:BlackbeardStrike"],"damage_healed":0,"gold_gain":0,"player_choice":"Offered Basic","damage_taken":0,"max_hp_gain":0,"max_hp_loss":0,"event_name":"Bonfire Elementals","floor":7,"gold_loss":0},{"damage_healed":0,"gold_gain":0,"player_choice":"Fought Mushrooms","damage_taken":0,"max_hp_gain":0,"max_hp_loss":0,"event_name":"Mushrooms","floor":11,"gold_loss":0},{"damage_healed":0,"gold_gain":0,"player_choice":"Bought 2 Potions","damage_taken":0,"max_hp_gain":0,"max_hp_loss":0,"event_name":"The Woman in Blue","floor":22,"gold_loss":0},{"damage_healed":0,"gold_gain":0,"cards_transformed":["blackbeard:BlackbeardStrike"],"player_choice":"Transformed","damage_taken":0,"max_hp_gain":0,"max_hp_loss":0,"event_name":"Transmorgrifier","floor":24,"gold_loss":0,"cards_obtained":["blackbeard:CannonBarrage"]},{"cards_removed":["blackbeard:BlackbeardDefend"],"damage_healed":0,"gold_gain":0,"player_choice":"Give","damage_taken":0,"max_hp_gain":0,"max_hp_loss":0,"event_name":"betterNote:BetterNote","floor":29,"gold_loss":0,"cards_obtained":["blackbeard:BlackbeardStrike"]}],"is_beta":false,"boss_relics":[{"not_picked":["SacredBark","Tiny House"],"picked":"Philosopher\u0027s Stone"}],"items_purged_floors":[],"is_endless":false,"potions_floor_spawned":[4,6,10,11,13,19,28],"killed_by":"Book of Stabbing","ascension_level":10}}