{"host":"bux1pdxjwq4dkad9","time":1608356760,"event":{"mods":["ATMod(阿瑾Mod)","BaseMod","Colored Map","Minty Spire (QoL Compilation)","Quick Restart","Robot Space Explorer","StSLib","SuperFastMode","【功能Mod】精心准备","【遗物Mod】简单游戏"],"gold_per_floor":[115,115,128,53,53,53,96,96,150,184,204,229,264,277,277,370,370,383,433,483,383,399,419,450,450,505,549,319,319,319,165,165,264,264,289,289,289,312,312,351,365,277,302,302,340,340,340,363,363,363,363,363,363,181,221,221],"floor_reached":57,"playtime":852,"items_purged":["Strike_G","Strike_G","Strike_G","Defend_G","Defend_G","Strike_G+1"],"score":3653,"play_id":"1a06d772-b78f-42c8-babb-f13702a748bc","local_time":"20201219134600","is_ascension_mode":true,"campfire_choices":[{"data":"Grand Finale","floor":6.0,"key":"SMITH"},{"data":"Survivor","floor":15.0,"key":"SMITH"},{"floor":29.0,"key":"RECALL"},{"data":"Defend_G","floor":32.0,"key":"SMITH"},{"data":"Defend_G","floor":46.0,"key":"SMITH"},{"data":"Strike_G","floor":49.0,"key":"SMITH"},{"floor":53.0,"key":"REST"}],"circlet_count":0,"master_deck":["AscendersBane","Defend_G+1","Defend_G+1","Survivor+1","Neutralize+1","Grand Finale+1","Finesse+1","Terror+1","AT_ArcaneSupremacy+1"],"relics":["Ring of the Snake","AT_ATBox","ImprovedEquipment","Golden Idol","Letter Opener","Tiny Chest","Akabeko","HoveringKite","Tough Bandages","AT_ForceNature","Anchor","Bottled Flame","Membership Card","Omamori","Calling Bell","AT_SunfireAegis","Toxic Egg 2","Calipers","Shuriken","Juzu Bracelet","AT_ChloranthyRing","AT_SilvercatRing","Frozen Egg 2","Happy Flower"],"acts_visited":["Exordium","TheCity","TheBeyond","TheEnding"],"potions_floor_usage":[56,56],"damage_taken":[{"damage":0.0,"enemies":"2 Louse","floor":1.0,"turns":1.0},{"damage":0.0,"enemies":"Cultist","floor":3.0,"turns":1.0},{"damage":0.0,"enemies":"Gremlin Nob","floor":7.0,"turns":1.0},{"damage":0.0,"enemies":"3 Sentries","floor":10.0,"turns":1.0},{"damage":0.0,"enemies":"Jaw Worm","floor":11.0,"turns":1.0},{"damage":0.0,"enemies":"2 Fungi Beasts","floor":12.0,"turns":1.0},{"damage":0.0,"enemies":"Gremlin Nob","floor":13.0,"turns":2.0},{"damage":0.0,"enemies":"Red Slaver","floor":14.0,"turns":1.0},{"damage":0.0,"enemies":"The Guardian","floor":16.0,"turns":3.0},{"damage":0.0,"enemies":"2 Thieves","floor":18.0,"turns":1.0},{"damage":0.0,"enemies":"Spheric Guardian","floor":22.0,"turns":1.0},{"damage":0.0,"enemies":"Snake Plant","floor":23.0,"turns":1.0},{"damage":0.0,"enemies":"Slavers","floor":24.0,"turns":1.0},{"damage":0.0,"enemies":"Book of Stabbing","floor":27.0,"turns":2.0},{"damage":0.0,"enemies":"Collector","floor":33.0,"turns":1.0},{"damage":0.0,"enemies":"Orb Walker","floor":35.0,"turns":1.0},{"damage":0.0,"enemies":"3 Shapes","floor":38.0,"turns":1.0},{"damage":0.0,"enemies":"Nemesis","floor":40.0,"turns":1.0},{"damage":0.0,"enemies":"Writhing Mass","floor":41.0,"turns":1.0},{"damage":0.0,"enemies":"Reptomancer","floor":45.0,"turns":1.0},{"damage":0.0,"enemies":"Jaw Worm Horde","floor":48.0,"turns":1.0},{"damage":0.0,"enemies":"Donu and Deca","floor":50.0,"turns":1.0},{"damage":0.0,"enemies":"Time Eater","floor":51.0,"turns":1.0},{"damage":0.0,"enemies":"Shield and Spear","floor":55.0,"turns":1.0},{"damage":0,"enemies":"The Heart","floor":56,"turns":4}],"seed_played":"2844290896136373306","potions_obtained":[{"floor":3.0,"key":"SkillPotion"},{"floor":13.0,"key":"PowerPotion"}],"is_trial":false,"path_per_floor":["M","?","M","$","?","R","E","?","T","E","M","M","E","M","R","B",null,"M","?","?","$","M","M","E","T","T","E","$","R","T","$","R","B",null,"M","T","?","M","?","E","M","$","T","?","E","R","T","M","R","B","B",null,"R","$","E","B",null],"character_chosen":"THE_SILENT","items_purchased":["Membership Card","Omamori","Happy Flower"],"campfire_rested":1,"item_purchase_floors":[28,31,54],"current_hp_per_floor":[44,44,44,44,21,21,21,21,21,21,21,21,21,21,21,21,55,55,55,55,55,55,55,55,55,55,55,55,55,55,55,55,55,63,63,63,58,58,58,58,58,58,58,58,58,58,58,58,58,58,58,64,66,66,66,66],"gold":221,"neow_bonus":"THREE_RARE_CARDS","is_daily":false,"chose_seed":false,"campfire_upgraded":5,"win_rate":0.0,"timestamp":1608356760,"path_taken":["M","?","?","$","?","R","E","?","T","E","M","?","E","M","R","BOSS","M","?","?","$","M","M","E","?","T","E","?","R","?","?","R","BOSS","M","?","?","M","?","E","M","$","T","?","E","R","?","M","R","BOSS","BOSS","R","$","E","BOSS"],"items_purchased_type":["Relic","Relic","Relic"],"build_version":"2020-12-13","purchased_purges":6,"victory":true,"max_hp_per_floor":[66,66,66,66,66,66,66,66,66,66,66,66,66,66,66,66,66,66,66,66,66,66,66,66,66,66,66,66,66,66,66,66,66,66,66,66,66,66,66,66,66,66,66,66,66,66,66,66,66,66,66,66,66,66,66,66],"card_choices":[{"not_picked":["Wraith Form v2","A Thousand Cuts"],"picked":"Grand Finale","floor":0.0},{"not_picked":["Dodge and Roll","Leg Sweep","Blur"],"picked":"SKIP","floor":1.0},{"not_picked":["Underhanded Strike","Acrobatics","Flying Knee"],"picked":"SKIP","floor":3.0},{"not_picked":["Finisher","Deflect","Prepared"],"picked":"SKIP","floor":7.0},{"not_picked":["Cloak And Dagger","Setup","Outmaneuver"],"picked":"SKIP","floor":10.0},{"not_picked":["Deadly Poison","Reflex","All Out Attack"],"picked":"SKIP","floor":11.0},{"not_picked":["Expertise","Skewer","Bouncing Flask"],"picked":"SKIP","floor":12.0},{"not_picked":["Sucker Punch","All Out Attack","Cloak And Dagger"],"picked":"SKIP","floor":13.0},{"not_picked":["Quick Slash","Backstab","AT_WindFlip"],"picked":"SKIP","floor":14.0},{"not_picked":["Dagger Throw","Blur+1","Bouncing Flask"],"picked":"SKIP","floor":18.0},{"not_picked":["AT_ShadowStep","Acrobatics","Caltrops"],"picked":"SKIP","floor":22.0},{"not_picked":["Underhanded Strike","Blade Dance","Acrobatics+1"],"picked":"SKIP","floor":23.0},{"not_picked":["Prepared","Phantasmal Killer","Calculated Gamble"],"picked":"SKIP","floor":24.0},{"not_picked":["Accuracy","Terror","Flechettes"],"picked":"SKIP","floor":27.0},{"not_picked":["Backflip+1","Quick Slash","Sucker Punch+1"],"picked":"SKIP","floor":35.0},{"not_picked":["Secret Weapon+1","Magnetism"],"picked":"Finesse+1","floor":37.0},{"not_picked":["Quick Slash","Slice","Underhanded Strike+1"],"picked":"SKIP","floor":38.0},{"not_picked":["Dagger Spray","Accuracy"],"picked":"Terror+1","floor":40.0},{"not_picked":["Blade Dance+1","Expertise+1","Accuracy"],"picked":"SKIP","floor":41.0},{"not_picked":["Sucker Punch","Glass Knife","Cloak And Dagger+1"],"picked":"SKIP","floor":45.0},{"not_picked":["All Out Attack+1","Tactician+1","Flechettes"],"picked":"SKIP","floor":48.0},{"not_picked":["Flying Knee","Caltrops+1"],"picked":"AT_ArcaneSupremacy+1","floor":55}],"player_experience":2343987,"relics_obtained":[{"floor":7.0,"key":"Letter Opener"},{"floor":10.0,"key":"Tiny Chest"},{"floor":13.0,"key":"Akabeko"},{"floor":24.0,"key":"Tough Bandages"},{"floor":25.0,"key":"AT_ForceNature"},{"floor":26.0,"key":"Anchor"},{"floor":27.0,"key":"Bottled Flame"},{"floor":34.0,"key":"AT_SunfireAegis"},{"floor":34.0,"key":"Toxic Egg 2"},{"floor":34.0,"key":"Calipers"},{"floor":36.0,"key":"Shuriken"},{"floor":40.0,"key":"Juzu Bracelet"},{"floor":43.0,"key":"AT_ChloranthyRing"},{"floor":45.0,"key":"AT_SilvercatRing"},{"floor":47.0,"key":"Frozen Egg 2"}],"event_choices":[{"cards_removed":["Strike_G"],"damage_healed":0.0,"max_hp_gain":0.0,"max_hp_loss":0.0,"gold_gain":0.0,"event_name":"Bonfire Elementals","player_choice":"Offered Basic","floor":2.0,"gold_loss":0.0,"damage_taken":0.0},{"damage_healed":0.0,"max_hp_gain":0.0,"max_hp_loss":0.0,"gold_gain":0.0,"event_name":"Golden Idol","player_choice":"Take Damage","floor":5.0,"gold_loss":0.0,"damage_taken":23.0,"relics_obtained":["Golden Idol"]},{"damage_healed":0.0,"max_hp_gain":0.0,"max_hp_loss":0.0,"gold_gain":0.0,"event_name":"Upgrade Shrine","player_choice":"Upgraded","floor":8.0,"gold_loss":0.0,"damage_taken":0.0,"cards_upgraded":["Neutralize"]},{"damage_healed":0.0,"max_hp_gain":0.0,"max_hp_loss":0.0,"gold_gain":50.0,"event_name":"Nest","player_choice":"Stole From Cult","floor":19.0,"gold_loss":0.0,"damage_taken":0.0},{"damage_healed":0.0,"max_hp_gain":0.0,"max_hp_loss":0.0,"gold_gain":50.0,"event_name":"Golden Shrine","player_choice":"Pray","floor":20.0,"gold_loss":0.0,"damage_taken":0.0},{"damage_healed":0.0,"max_hp_gain":0.0,"max_hp_loss":0.0,"gold_gain":0.0,"event_name":"SensoryStone","player_choice":"Memory 3","floor":37.0,"gold_loss":0.0,"damage_taken":10.0},{"damage_healed":0.0,"max_hp_gain":0.0,"max_hp_loss":0.0,"gold_gain":0.0,"event_name":"Tomb of Lord Red Mask","player_choice":"Ignored","floor":39.0,"gold_loss":0.0,"damage_taken":0.0},{"cards_removed":["Defend_G"],"damage_healed":0.0,"max_hp_gain":0.0,"max_hp_loss":0.0,"gold_gain":0.0,"event_name":"Falling","player_choice":"Removed Skill","floor":44.0,"gold_loss":0.0,"damage_taken":0.0}],"is_beta":false,"boss_relics":[{"not_picked":["Sozu","Runic Pyramid"],"picked":"HoveringKite"},{"not_picked":["Velvet Choker","SacredBark"],"picked":"Calling Bell"}],"items_purged_floors":[4,21,28,31,42,54],"is_endless":false,"potions_floor_spawned":[3,13,14,16,18,22,33,35,40,41,48,55],"ascension_level":20}}