{"host":"8qb550oiisecbnz6","time":1608420852,"event":{"mods":["AchievementEnabler","BaseMod","Colored Map","Colored Powertips","Minty Spire (QoL Compilation)","Quick Restart","Slay-I","StSLib"],"gold_per_floor":[110,285,65,81,81,109,109,140,140,154,54,54,112,123,123,221,221,235,258,36,55,73,73,102,102,127,127,127,5,40,60,60,155,155,170,170,0,0,0,20,20,40,40,40,72,22,22,33,33,33,33,33,9,9,9],"floor_reached":54,"playtime":3702,"items_purged":["Doubt","Dualcast","Strike_B","Creative AI+1","Strike_B"],"score":947,"play_id":"21db6abf-f50d-41d9-98bd-1a51d600e1d2","local_time":"20201220003412","is_ascension_mode":true,"campfire_choices":[{"data":"Zap","floor":7,"key":"SMITH"},{"data":"Sweeping Beam","floor":12,"key":"SMITH"},{"data":"Reinforced Body","floor":15,"key":"SMITH"},{"data":"Ball Lightning","floor":23,"key":"SMITH"},{"floor":25,"key":"REST"},{"floor":27,"key":"REST"},{"data":"Ball Lightning","floor":32,"key":"SMITH"},{"floor":44,"key":"RECALL"},{"data":"Defend_B","floor":47,"key":"SMITH"},{"data":"Defend_B","floor":49,"key":"SMITH"},{"data":"Cold Snap","floor":52,"key":"SMITH"}],"circlet_count":0,"master_deck":["Defend_B","Defend_B+1","Defend_B+1","Zap+1","Reinforced Body+1","BootSequence+1","Sweeping Beam+1","Cold Snap+1","Ball Lightning+1","White Noise+1","Electrodynamics","Ball Lightning+1","Auto Shields+1","Chaos+1","Ghostly+1","Ghostly+1","Ghostly+1","Ghostly+1","Ghostly+1","Skim+1","Streamline+1","Madness+1","Madness+1","Blind+1"],"relics":["Cracked Core","NeowsBlessing","Tiny Chest","Toxic Egg 2","Omamori","Bag of Marbles","MealTicket","Turnip","Inserter","Membership Card","Bronze Scales","Toy Ornithopter","Smiling Mask","Anchor","Happy Flower","Astrolabe","Kunai","Shuriken","Pen Nib","Symbiotic Virus"],"acts_visited":["Exordium","TheCity","TheBeyond","TheEnding"],"potions_floor_usage":[13,16,22,35,48,50,54,54],"damage_taken":[{"damage":0,"enemies":"Jaw Worm","floor":1,"turns":1},{"damage":0,"enemies":"2 Louse","floor":4,"turns":1},{"damage":0,"enemies":"Gremlin Nob","floor":6,"turns":1},{"damage":24,"enemies":"Lagavulin","floor":8,"turns":7},{"damage":0,"enemies":"Cultist","floor":10,"turns":4},{"damage":26,"enemies":"3 Sentries","floor":13,"turns":7},{"damage":0,"enemies":"Blue Slaver","floor":14,"turns":2},{"damage":30,"enemies":"Hexaghost","floor":16,"turns":9},{"damage":0,"enemies":"3 Byrds","floor":18,"turns":2},{"damage":21,"enemies":"2 Thieves","floor":21,"turns":3},{"damage":11,"enemies":"Snake Plant","floor":22,"turns":4},{"damage":27,"enemies":"Book of Stabbing","floor":24,"turns":5},{"damage":4,"enemies":"Slavers","floor":30,"turns":5},{"damage":0,"enemies":"3 Cultists","floor":31,"turns":4},{"damage":28,"enemies":"Collector","floor":33,"turns":12},{"damage":0,"enemies":"3 Shapes","floor":35,"turns":4},{"damage":0,"enemies":"Orb Walker","floor":40,"turns":3},{"damage":0,"enemies":"Sphere and 2 Shapes","floor":42,"turns":6},{"damage":1,"enemies":"Nemesis","floor":45,"turns":7},{"damage":1,"enemies":"4 Shapes","floor":48,"turns":4},{"damage":27,"enemies":"Time Eater","floor":50,"turns":13},{"damage":67,"enemies":"Shield and Spear","floor":54,"turns":5}],"seed_played":"8312587790117399861","potions_obtained":[{"floor":1,"key":"PotionOfCapacity"},{"floor":8,"key":"FairyPotion"},{"floor":10,"key":"GamblersBrew"},{"floor":13,"key":"AttackPotion"},{"floor":16,"key":"Weak Potion"},{"floor":22,"key":"Energy Potion"},{"floor":30,"key":"Energy Potion"},{"floor":33,"key":"Strength Potion"},{"floor":41,"key":"Fire Potion"},{"floor":48,"key":"Energy Potion"}],"is_trial":false,"path_per_floor":["M","?","$","M","?","E","R","E","T","M","$","R","?","M","R","B",null,"M","T","$","M","M","R","E","R","T","R","?","$","E","M","R","B",null,"M","?","$","?","T","M","?","M","T","R","E","$","R","M","R","B",null,"R","$","E"],"character_chosen":"DEFECT","items_purchased":["Tiny Chest","Membership Card","Bronze Scales","Anchor","Kunai","PowerPotion"],"campfire_rested":2,"item_purchase_floors":[3,20,20,29,37,53],"current_hp_per_floor":[68,68,68,68,68,68,68,44,44,44,59,59,33,33,33,3,57,57,57,72,51,40,40,13,35,35,57,37,37,33,33,33,5,29,34,29,37,37,37,37,37,37,37,37,36,37,37,37,37,15,32,32,37,0,0],"gold":9,"neow_bonus":"THREE_ENEMY_KILL","is_daily":false,"chose_seed":false,"campfire_upgraded":8,"win_rate":0.0,"timestamp":1608420852,"path_taken":["M","?","$","M","?","E","R","E","T","?","$","R","?","M","R","BOSS","M","?","$","M","M","R","E","R","T","R","?","$","E","M","R","BOSS","M","?","$","?","?","?","?","M","T","R","E","$","R","M","R","BOSS","R","$","E"],"items_purchased_type":["Relic","Relic","Relic","Relic","Relic","Potion"],"build_version":"2020-12-13","purchased_purges":5,"victory":false,"max_hp_per_floor":[75,75,75,75,75,75,75,75,75,75,75,75,75,75,75,75,75,75,75,75,75,75,75,75,75,75,75,37,37,37,37,37,37,37,37,37,37,37,37,37,37,37,37,37,37,37,37,37,37,37,37,37,37,37,37],"card_choices":[{"not_picked":["Compile Driver","Force Field"],"picked":"Reinforced Body","floor":1},{"not_picked":["Go for the Eyes","Aggregate","Hologram"],"picked":"SKIP","floor":4},{"not_picked":["Stack+1","Double Energy+1"],"picked":"BootSequence+1","floor":6},{"not_picked":["Beam Cell","Capacitor"],"picked":"Sweeping Beam","floor":8},{"not_picked":["Lockon","Compile Driver"],"picked":"Cold Snap","floor":10},{"not_picked":["Leap+1","Meteor Strike"],"picked":"Ball Lightning","floor":13},{"not_picked":["Leap+1","Force Field+1"],"picked":"White Noise+1","floor":14},{"not_picked":["All For One","Hyperbeam"],"picked":"Electrodynamics","floor":16},{"not_picked":["Compile Driver","Cold Snap"],"picked":"Ball Lightning","floor":18},{"not_picked":["Beam Cell+1","Stack+1","Blizzard"],"picked":"SKIP","floor":21},{"not_picked":["Steam+1","Chill+1"],"picked":"Auto Shields+1","floor":22},{"not_picked":["Steam+1","Rebound"],"picked":"Chaos+1","floor":24},{"not_picked":["Redo+1","Gash","Steam+1"],"picked":"SKIP","floor":30},{"not_picked":["Go for the Eyes+1","Conserve Battery+1","Ball Lightning"],"picked":"SKIP","floor":31},{"not_picked":["Aggregate+1","Skim+1","Ball Lightning"],"picked":"SKIP","floor":35},{"not_picked":["Trip+1","Dark Shackles+1"],"picked":"Blind+1","floor":38},{"not_picked":["Gash+1","Leap+1","Recycle+1"],"picked":"SKIP","floor":40},{"not_picked":["Redo+1","Conserve Battery+1","Heatsinks"],"picked":"SKIP","floor":42},{"not_picked":["FTL","Genetic Algorithm+1","Sweeping Beam+1"],"picked":"SKIP","floor":45},{"not_picked":["Hologram+1","Loop","Coolheaded+1"],"picked":"SKIP","floor":48}],"player_experience":382086,"relics_obtained":[{"floor":6,"key":"Omamori"},{"floor":8,"key":"Bag of Marbles"},{"floor":9,"key":"MealTicket"},{"floor":13,"key":"Turnip"},{"floor":24,"key":"Toy Ornithopter"},{"floor":26,"key":"Smiling Mask"},{"floor":30,"key":"Happy Flower"},{"floor":39,"key":"Shuriken"},{"floor":43,"key":"Pen Nib"},{"floor":45,"key":"Symbiotic Virus"}],"event_choices":[{"damage_healed":0,"gold_gain":175,"player_choice":"AGREE","damage_taken":0,"max_hp_gain":0,"max_hp_loss":0,"event_name":"Liars Game","floor":2,"gold_loss":0,"cards_obtained":["Doubt"]},{"damage_healed":0,"gold_gain":0,"player_choice":"Gave Potion","damage_taken":0,"relics_obtained":["Toxic Egg 2"],"max_hp_gain":0,"max_hp_loss":0,"event_name":"WeMeetAgain","floor":5,"gold_loss":0},{"damage_healed":0,"gold_gain":0,"player_choice":"Searched \u00271\u0027 times","damage_taken":0,"max_hp_gain":0,"max_hp_loss":0,"event_name":"Dead Adventurer","floor":13,"gold_loss":0},{"damage_healed":0,"gold_gain":0,"player_choice":"Became a Ghost","damage_taken":0,"max_hp_gain":0,"max_hp_loss":38,"event_name":"Ghosts","floor":28,"gold_loss":0,"cards_obtained":["Ghostly","Ghostly","Ghostly","Ghostly","Ghostly"]},{"damage_healed":0,"gold_gain":0,"player_choice":"Embrace Madness","damage_taken":5,"max_hp_gain":0,"max_hp_loss":0,"event_name":"Winding Halls","floor":36,"gold_loss":0,"cards_obtained":["Madness","Madness"]},{"damage_healed":0,"gold_gain":0,"player_choice":"Memory 1","damage_taken":0,"max_hp_gain":0,"max_hp_loss":0,"event_name":"SensoryStone","floor":38,"gold_loss":0},{"damage_healed":0,"gold_gain":0,"player_choice":"Got Potions","damage_taken":0,"max_hp_gain":0,"max_hp_loss":0,"event_name":"Lab","floor":41,"gold_loss":0}],"is_beta":false,"boss_relics":[{"not_picked":["Nuclear Battery","Velvet Choker"],"picked":"Inserter"},{"not_picked":["Empty Cage","Coffee Dripper"],"picked":"Astrolabe"}],"items_purged_floors":[3,11,29,37,46],"is_endless":false,"potions_floor_spawned":[1,8,10,13,16,22,30,33,45,48],"killed_by":"Shield and Spear","ascension_level":6}}