{"host":"npubv26u89aif4fa","time":1608367234,"event":{"mods":["Astrologer","BaseMod","Better Vampires","Colored Powertips","GifTheSpireLib","GungeonMod","HornydragonMod","Hubris","Jedi Mod","Minty Spire (QoL Compilation)","Nova Terra(诺娃・泰拉)","Quick Restart","Remilia（蕾米莉亚）","Replay The Spire","StSLib","Td1madao Mod","The Administrix","The Alterego","The Bug Knight","The Cursed","The Dragon Tamer","The Hayseed","The Runesmith","TheWitcher","Yuri Mod","Yuyuko","【东方二次创作】八云紫mod"],"gold_per_floor":[113,128,142,153,167,194,194,38,64,64,90,100,100,118,118,220,220,240,250,250,250,268,268,268],"floor_reached":23,"playtime":2038,"items_purged":[],"score":230,"play_id":"cf1dcc3c-8afa-4c02-902a-c9bf1fe50542","local_time":"20201219164034","is_ascension_mode":false,"campfire_choices":[{"data":"TheSimpletonMod:Sunchoke","floor":10,"key":"SMITH"},{"floor":13,"key":"REST"},{"floor":15,"key":"RECALL"}],"circlet_count":0,"master_deck":["TheSimpletonMod:Defend_TheSimpleton","TheSimpletonMod:Defend_TheSimpleton","TheSimpletonMod:Defend_TheSimpleton","TheSimpletonMod:Defend_TheSimpleton","TheSimpletonMod:Haymaker","TheSimpletonMod:ReapAndSow","TheSimpletonMod:Rake","TheSimpletonMod:BumperCrop","TheSimpletonMod:Sunchoke+1","TheSimpletonMod:RootDown","TheSimpletonMod:FlashPasteurize","Hallucinations","TheSimpletonMod:TakeHeart","TheSimpletonMod:Germinate","TheSimpletonMod:RootDown","TheSimpletonMod:RootDown","TheSimpletonMod:Asparagus","TheSimpletonMod:Rake","Bite","Bite","Bite","Bite","TheSimpletonMod:StockTheCellar+1"],"relics":["TheSimpletonMod:SpudOfTheInnocent","TheSimpletonMod:NightSoil","TheSimpletonMod:TheHarvester","NeowsBlessing","Pen Nib","Ring of Misfortune","Bag of Marbles","ReplayTheSpireMod:Lightbulb","Philosopher\u0027s Stone"],"acts_visited":["Exordium","TheCity"],"potions_floor_usage":[],"damage_taken":[{"damage":0.0,"enemies":"Cultist","floor":1.0,"turns":1.0},{"damage":0.0,"enemies":"2 Louse","floor":2.0,"turns":1.0},{"damage":0.0,"enemies":"Jaw Worm","floor":3.0,"turns":1.0},{"damage":4.0,"enemies":"3 Louse","floor":4.0,"turns":2.0},{"damage":3.0,"enemies":"Red Slaver","floor":5.0,"turns":5.0},{"damage":30.0,"enemies":"Gremlin Nob","floor":6.0,"turns":5.0},{"damage":27,"enemies":"Lagavulin","floor":11,"turns":7},{"damage":7,"enemies":"Looter","floor":12,"turns":3},{"damage":10,"enemies":"Exordium Wildlife","floor":14,"turns":2},{"damage":25,"enemies":"Hexaghost","floor":16,"turns":9},{"damage":22,"enemies":"Spheric Guardian","floor":18,"turns":4},{"damage":7,"enemies":"Chosen","floor":19,"turns":4},{"damage":47,"enemies":"Snake Plant","floor":22,"turns":5},{"damage":26,"enemies":"Book of Stabbing","floor":23,"turns":4}],"seed_played":"3670308651533776299","potions_obtained":[{"floor":1.0,"key":"Weak Potion"},{"floor":2.0,"key":"FearPotion"},{"floor":5.0,"key":"EntropicBrew"},{"floor":11,"key":"Dexterity Potion"}],"is_trial":false,"path_per_floor":["M","M","M","M","M","E","?","$","T","R","E","M","R","M","R","B",null,"M","M","?","?","M","E"],"character_chosen":"THE_SIMPLETON","items_purchased":["TheSimpletonMod:TakeHeart"],"campfire_rested":1,"item_purchase_floors":[8],"current_hp_per_floor":[75,75,75,71,72,45,45,45,45,45,32,25,47,37,37,26,75,53,46,46,37,8,0,0],"gold":268,"neow_bonus":"THREE_ENEMY_KILL","is_daily":false,"chose_seed":false,"campfire_upgraded":1,"win_rate":0.0,"timestamp":1608367234,"path_taken":["M","?","?","M","M","E","?","?","T","R","E","M","R","M","R","BOSS","M","M","?","?","M","E"],"items_purchased_type":["Card"],"build_version":"2020-12-13","purchased_purges":0,"victory":false,"max_hp_per_floor":[75,75,75,75,75,75,75,75,75,75,75,75,75,75,75,75,75,75,75,57,62,62,62,62],"card_choices":[{"not_picked":["TheSimpletonMod:PestManagement","TheSimpletonMod:Potatoes"],"picked":"TheSimpletonMod:Rake","floor":1.0},{"not_picked":["TheSimpletonMod:Sunseed","TheSimpletonMod:CullingStrike"],"picked":"TheSimpletonMod:BumperCrop","floor":2.0},{"not_picked":["TheSimpletonMod:CloseScrape","TheSimpletonMod:Sunseed"],"picked":"TheSimpletonMod:Sunchoke","floor":3.0},{"not_picked":["TheSimpletonMod:Rototilling","TheSimpletonMod:CullingStrike","TheSimpletonMod:SpiceUp"],"picked":"SKIP","floor":4.0},{"not_picked":["TheSimpletonMod:Sunchoke","TheSimpletonMod:SpiceUp"],"picked":"TheSimpletonMod:RootDown","floor":5.0},{"not_picked":["TheSimpletonMod:SoilSample","TheSimpletonMod:KeenEdge"],"picked":"TheSimpletonMod:FlashPasteurize","floor":6.0},{"not_picked":["TheSimpletonMod:CullingStrike","TheSimpletonMod:PestManagement"],"picked":"TheSimpletonMod:Germinate","floor":11},{"not_picked":["TheSimpletonMod:Corn","TheSimpletonMod:Pruning"],"picked":"TheSimpletonMod:RootDown","floor":12},{"not_picked":["TheSimpletonMod:CropRotation","TheSimpletonMod:Aerate"],"picked":"TheSimpletonMod:RootDown","floor":14},{"not_picked":["TheSimpletonMod:ResearchGrant","TheSimpletonMod:ErosionControl"],"picked":"TheSimpletonMod:Asparagus","floor":16},{"not_picked":["TheSimpletonMod:BumperCrop+1","TheSimpletonMod:ToughenUp"],"picked":"TheSimpletonMod:Rake","floor":18},{"not_picked":["TheSimpletonMod:Corn","TheSimpletonMod:CullingStrike","TheSimpletonMod:Ferment"],"picked":"SKIP","floor":19},{"not_picked":["TheSimpletonMod:SlashAndBurn","TheSimpletonMod:SaladShooter"],"picked":"TheSimpletonMod:StockTheCellar+1","floor":22}],"player_experience":121588,"relics_obtained":[{"floor":6.0,"key":"Pen Nib"},{"floor":7,"key":"Ring of Misfortune"},{"floor":9,"key":"Bag of Marbles"},{"floor":11,"key":"ReplayTheSpireMod:Lightbulb"}],"event_choices":[{"damage_healed":0,"gold_gain":0,"player_choice":"Became a vampire","damage_taken":0,"max_hp_gain":0,"max_hp_loss":18,"event_name":"Vampires","floor":20,"gold_loss":0,"cards_obtained":["Bite","Bite","Bite","Bite"]},{"damage_healed":0,"gold_gain":0,"player_choice":"Shed Blood","damage_taken":14,"max_hp_gain":5,"max_hp_loss":0,"event_name":"Forgotten Altar","floor":21,"gold_loss":0}],"is_beta":false,"boss_relics":[{"not_picked":["ReplayTheSpireMod:DimensionalGlitch","hubris:TerracottaHorce"],"picked":"Philosopher\u0027s Stone"}],"items_purged_floors":[],"is_endless":false,"potions_floor_spawned":[1,2,5,11],"killed_by":"Book of Stabbing","ascension_level":0}}