{"host":"gc0hqzwg2gd3zszy","time":1608386459,"event":{"mods":["BaseMod","DeckTracker","Minty Spire (QoL Compilation)","Relic Stats","SuperFastMode"],"gold_per_floor":[112,37,52,52,127,127,127,160,186,206,238,238,257,286,286,364,364,381,381,281,281,103,116,116,116,116,116,127,147,147,192,192,192,192],"floor_reached":33,"playtime":1164,"items_purged":["Strike_G","Strike_G","Strike_G"],"score":572,"play_id":"35315f2c-9921-4b47-8e8f-5d86e3ef130f","local_time":"20201219230059","is_ascension_mode":true,"campfire_choices":[{"floor":7.0,"key":"REST"},{"data":"Eviscerate","floor":12.0,"key":"SMITH"},{"data":"Noxious Fumes","floor":15.0,"key":"SMITH"},{"floor":24,"key":"REST"},{"floor":30,"key":"REST"},{"floor":32,"key":"REST"}],"circlet_count":0,"master_deck":["AscendersBane","Strike_G+1","Defend_G","Defend_G","Defend_G","Defend_G","Survivor+1","Neutralize","Sucker Punch","Eviscerate+1","Dagger Spray","Backflip","Noxious Fumes+1","Bouncing Flask","Tools of the Trade","Adrenaline","Catalyst","Acrobatics","Reflex"],"relics":["Ring of the Snake","NeowsBlessing","Ornamental Fan","Art of War","Omamori","HoveringKite","Bottled Lightning","Akabeko"],"acts_visited":["Exordium","TheCity"],"potions_floor_usage":[16,29],"damage_taken":[{"damage":0.0,"enemies":"2 Louse","floor":1.0,"turns":1.0},{"damage":0.0,"enemies":"Small Slimes","floor":3.0,"turns":1.0},{"damage":0.0,"enemies":"Lagavulin","floor":8.0,"turns":1.0},{"damage":0.0,"enemies":"Jaw Worm","floor":10.0,"turns":4.0},{"damage":4.0,"enemies":"3 Sentries","floor":11.0,"turns":7.0},{"damage":0.0,"enemies":"Blue Slaver","floor":13.0,"turns":6.0},{"damage":25.0,"enemies":"Gremlin Nob","floor":14.0,"turns":4.0},{"damage":5,"enemies":"The Guardian","floor":16,"turns":9},{"damage":9,"enemies":"Shell Parasite","floor":18,"turns":5},{"damage":15,"enemies":"2 Thieves","floor":23,"turns":5},{"damage":27,"enemies":"Snecko","floor":28,"turns":5},{"damage":15,"enemies":"Cultist and Chosen","floor":29,"turns":6},{"damage":45,"enemies":"Automaton","floor":33,"turns":6}],"seed_played":"3835532543996487700","potions_obtained":[{"floor":3.0,"key":"Block Potion"},{"floor":10.0,"key":"BlessingOfTheForge"},{"floor":11.0,"key":"SteroidPotion"},{"floor":13.0,"key":"Energy Potion"},{"floor":14.0,"key":"Strength Potion"},{"floor":28,"key":"Dexterity Potion"},{"floor":29,"key":"Ancient Potion"}],"is_trial":false,"path_per_floor":["M","$","M","?","?","?","R","E","T","M","E","R","M","E","R","B",null,"M","?","$","?","$","M","R","?","T","$","M","M","R","T","R","B"],"character_chosen":"THE_SILENT","items_purchased":["Acrobatics"],"campfire_rested":4,"item_purchase_floors":[22],"current_hp_per_floor":[59,59,59,52,41,21,40,40,40,40,36,36,36,11,11,6,51,42,42,42,42,42,27,46,46,46,46,19,4,23,23,42,0,0],"gold":192,"neow_bonus":"THREE_ENEMY_KILL","is_daily":false,"chose_seed":false,"campfire_upgraded":2,"win_rate":0.0,"timestamp":1608386459,"path_taken":["M","$","M","?","?","?","R","E","T","M","E","R","M","E","R","BOSS","M","?","$","?","$","M","R","?","T","?","M","?","R","?","R","BOSS"],"items_purchased_type":["Card"],"build_version":"2020-12-13","purchased_purges":3,"victory":false,"max_hp_per_floor":[66,66,66,66,66,66,66,66,66,66,66,66,66,66,66,66,66,66,66,66,66,66,66,66,66,66,66,66,66,66,66,66,66,66],"relic_stats":{"counters":[13,60],"Ornamental Fan":[36],"HoveringKite":[22],"Art of War":[7],"obtain_stats":[{"NeowsBlessing":0,"Ornamental Fan":8,"HoveringKite":17,"Art of War":11,"Omamori":14,"Bottled Lightning":26,"Akabeko":31,"Ring of the Snake":0},{"NeowsBlessing":0,"Ornamental Fan":3,"HoveringKite":8,"Art of War":5,"Omamori":7,"Bottled Lightning":10,"Akabeko":12,"Ring of the Snake":0},{"NeowsBlessing":0,"Ornamental Fan":3,"HoveringKite":33,"Art of War":14,"Omamori":24,"Bottled Lightning":43,"Akabeko":54,"Ring of the Snake":0}],"Ring of the Snake":[26]},"card_choices":[{"not_picked":["Acrobatics","Reflex"],"picked":"Sucker Punch","floor":1.0},{"not_picked":["Concentrate","Prepared"],"picked":"Eviscerate","floor":3.0},{"not_picked":["Terror","Dagger Throw"],"picked":"Dagger Spray","floor":8.0},{"not_picked":["Accuracy","Well Laid Plans"],"picked":"Backflip","floor":10.0},{"not_picked":["Dagger Spray","Caltrops"],"picked":"Noxious Fumes","floor":11.0},{"not_picked":["Blade Dance","Distraction"],"picked":"Bouncing Flask","floor":13.0},{"not_picked":["Quick Slash","Dash"],"picked":"Tools of the Trade","floor":14.0},{"not_picked":["Grand Finale","A Thousand Cuts"],"picked":"Adrenaline","floor":16},{"not_picked":["Underhanded Strike","Backstab+1"],"picked":"Catalyst","floor":18},{"not_picked":["Underhanded Strike","Dodge and Roll","Setup+1"],"picked":"SKIP","floor":23},{"not_picked":["Sucker Punch+1","Blur+1"],"picked":"Reflex","floor":28},{"not_picked":["Backflip","Riddle With Holes","Deflect"],"picked":"SKIP","floor":29}],"player_experience":1321042,"relics_obtained":[{"floor":8.0,"key":"Ornamental Fan"},{"floor":11.0,"key":"Art of War"},{"floor":14.0,"key":"Omamori"},{"floor":26,"key":"Bottled Lightning"},{"floor":31,"key":"Akabeko"}],"event_choices":[{"cards_removed":["Strike_G"],"damage_healed":0.0,"max_hp_gain":0.0,"max_hp_loss":0.0,"gold_gain":0.0,"event_name":"Golden Wing","player_choice":"Card Removal","floor":4.0,"gold_loss":0.0,"damage_taken":7.0},{"damage_healed":0.0,"max_hp_gain":0.0,"max_hp_loss":0.0,"gold_gain":75.0,"event_name":"World of Goop","player_choice":"Gather Gold","floor":5.0,"gold_loss":0.0,"damage_taken":11.0},{"damage_healed":0.0,"max_hp_gain":0.0,"max_hp_loss":0.0,"gold_gain":0.0,"event_name":"Shining Light","player_choice":"Entered Light","floor":6.0,"gold_loss":0.0,"damage_taken":20.0,"cards_upgraded":["Strike_G","Survivor"]},{"damage_healed":0,"gold_gain":0,"player_choice":"Ignored","damage_taken":0,"max_hp_gain":0,"max_hp_loss":0,"event_name":"Vampires","floor":19,"gold_loss":0},{"damage_healed":0,"gold_gain":0,"player_choice":"Ignored","damage_taken":0,"max_hp_gain":0,"max_hp_loss":0,"event_name":"The Mausoleum","floor":21,"gold_loss":0},{"cards_removed":["Defend_G"],"damage_healed":0,"gold_gain":0,"player_choice":"Elegance","damage_taken":0,"max_hp_gain":0,"max_hp_loss":0,"event_name":"Back to Basics","floor":25,"gold_loss":0}],"is_beta":false,"boss_relics":[{"not_picked":["Coffee Dripper","Calling Bell"],"picked":"HoveringKite"}],"items_purged_floors":[2,20,22],"is_endless":false,"potions_floor_spawned":[3,10,11,13,14,28,29],"killed_by":"Automaton","ascension_level":20}}