{"host":"poshtwjux72eqzmy","time":1608395905,"event":{"mods":["BaseMod","Bestiary","Block Reminder","Colored Powertips","Highlight Path","Minty Spire (QoL Compilation)","Quick Restart","Relic Stats","ojb\u0027s Info Mod"],"gold_per_floor":[112,112,112,125,125,125,151,151,151,151,163,180,14,34,34,111,111,129,148,148,33,33,33,64,64,145,180,9,27,61,73,73,149,149,160,172,9,34,54,86,86,114,139,0,0,0,0,53,53,73,73,73,73,14,49,49,49],"floor_reached":56,"playtime":4566,"items_purged":[],"score":2093,"play_id":"5a593af3-2dfc-4a6a-a675-b2912f9f0afe","local_time":"20201219183825","is_ascension_mode":true,"campfire_choices":[{"data":"Neutralize","floor":6.0,"key":"SMITH"},{"data":"Glass Knife","floor":8.0,"key":"SMITH"},{"data":"1","floor":10.0,"key":"LIFT"},{"data":"2","floor":15.0,"key":"LIFT"},{"data":"3","floor":23.0,"key":"LIFT"},{"data":"Well Laid Plans","floor":25.0,"key":"SMITH"},{"data":"Adrenaline","floor":32.0,"key":"SMITH"},{"floor":45.0,"key":"REST"},{"floor":47.0,"key":"RECALL"},{"data":"Setup","floor":49.0,"key":"SMITH"},{"floor":53.0,"key":"REST"}],"circlet_count":0,"master_deck":["AscendersBane","Strike_G+1","Strike_G+1","Defend_G+1","Defend_G+1","Defend_G+1","Survivor","Neutralize+1","Terror","Well Laid Plans+1","Sucker Punch","Glass Knife+1","Backstab+1","Adrenaline+1","Outmaneuver+1","Malaise+1","Envenom+1","Backflip","Dagger Spray+1","PiercingWail","Skewer+1","Doppelganger","Night Terror","Setup+1","Catalyst+1","Adrenaline","Blade Dance+1","Blur+1","Magnetism","Backflip","Acrobatics"],"relics":["Ring of the Snake","NeowsBlessing","Girya","White Beast Statue","Lantern","Astrolabe","Singing Bowl","Bronze Scales","Pen Nib","Kunai","Runic Dome","Orrery","Thread and Needle","Boot","PreservedInsect","Whetstone","Red Mask","Ginger","Ice Cream"],"acts_visited":["Exordium","TheCity","TheBeyond","TheEnding"],"potions_floor_usage":[56,56],"damage_taken":[{"damage":0.0,"enemies":"2 Louse","floor":1.0,"turns":1.0},{"damage":0.0,"enemies":"Cultist","floor":4.0,"turns":1.0},{"damage":0.0,"enemies":"Lagavulin","floor":7.0,"turns":1.0},{"damage":0.0,"enemies":"Jaw Worm","floor":11.0,"turns":2.0},{"damage":1.0,"enemies":"Exordium Thugs","floor":12.0,"turns":2.0},{"damage":0.0,"enemies":"Exordium Wildlife","floor":14.0,"turns":1.0},{"damage":0.0,"enemies":"Slime Boss","floor":16.0,"turns":5.0},{"damage":3.0,"enemies":"3 Byrds","floor":18.0,"turns":6.0},{"damage":0.0,"enemies":"Chosen","floor":19.0,"turns":2.0},{"damage":5.0,"enemies":"Book of Stabbing","floor":24.0,"turns":5.0},{"damage":8.0,"enemies":"Slavers","floor":27.0,"turns":5.0},{"damage":0.0,"enemies":"Snake Plant","floor":29.0,"turns":2.0},{"damage":13.0,"enemies":"Gremlin Leader","floor":30.0,"turns":6.0},{"damage":1.0,"enemies":"Centurion and Healer","floor":31.0,"turns":6.0},{"damage":15.0,"enemies":"Collector","floor":33.0,"turns":7.0},{"damage":16.0,"enemies":"3 Darklings","floor":35.0,"turns":4.0},{"damage":0.0,"enemies":"Orb Walker","floor":36.0,"turns":3.0},{"damage":5.0,"enemies":"Mind Bloom Boss Battle","floor":38.0,"turns":4.0},{"damage":0.0,"enemies":"3 Darklings","floor":39.0,"turns":4.0},{"damage":13.0,"enemies":"Reptomancer","floor":40.0,"turns":4.0},{"damage":23.0,"enemies":"Giant Head","floor":42.0,"turns":5.0},{"damage":0.0,"enemies":"2 Orb Walkers","floor":48.0,"turns":4.0},{"damage":35.0,"enemies":"Donu and Deca","floor":50.0,"turns":10.0},{"damage":43.0,"enemies":"Time Eater","floor":51.0,"turns":6.0},{"damage":10.0,"enemies":"Shield and Spear","floor":55.0,"turns":8.0},{"damage":68,"enemies":"The Heart","floor":56,"turns":5}],"seed_played":"5060494724843297173","potions_obtained":[{"floor":1.0,"key":"LiquidBronze"},{"floor":11.0,"key":"SkillPotion"},{"floor":12.0,"key":"Weak Potion"},{"floor":14.0,"key":"DistilledChaos"},{"floor":18.0,"key":"Fire Potion"},{"floor":27.0,"key":"SpeedPotion"},{"floor":29.0,"key":"LiquidBronze"},{"floor":30.0,"key":"ColorlessPotion"},{"floor":31.0,"key":"BlessingOfTheForge"},{"floor":33.0,"key":"FearPotion"},{"floor":35.0,"key":"BlessingOfTheForge"},{"floor":36.0,"key":"FairyPotion"},{"floor":38.0,"key":"Strength Potion"},{"floor":39.0,"key":"SpeedPotion"},{"floor":48.0,"key":"BlessingOfTheForge"},{"floor":55.0,"key":"LiquidMemories"}],"is_trial":false,"path_per_floor":["M","$","?","M","?","R","E","R","T","R","M","M","$","M","R","B",null,"M","M","?","$","?","R","E","R","T","E","$","M","E","M","R","B",null,"M","M","$","?","M","E","?","E","T","?","R","?","R","?","R","B","B",null,"R","$","E","B"],"character_chosen":"THE_SILENT","items_purchased":["Lantern","Backflip","Dagger Spray","Pen Nib","Orrery","Backflip"],"campfire_rested":2,"item_purchase_floors":[13,21,21,28,37,54],"current_hp_per_floor":[59,59,59,59,59,59,59,59,59,59,59,58,58,58,58,58,64,61,61,61,61,43,43,38,38,38,30,30,32,19,20,20,5,58,42,44,48,45,45,34,28,7,7,7,34,75,75,77,77,42,23,64,77,77,67,0,0],"gold":49,"neow_bonus":"THREE_ENEMY_KILL","is_daily":false,"chose_seed":false,"campfire_upgraded":5,"win_rate":0.0,"timestamp":1608395905,"path_taken":["M","$","?","?","?","R","E","R","T","R","M","M","?","?","R","BOSS","M","?","?","$","?","R","E","R","T","E","?","M","E","?","R","BOSS","M","M","$","?","M","E","?","E","T","?","R","?","R","?","R","BOSS","BOSS","R","$","E","BOSS"],"items_purchased_type":["Relic","Card","Card","Relic","Relic","Card"],"build_version":"2020-12-13","purchased_purges":0,"victory":false,"max_hp_per_floor":[66,66,66,66,66,66,66,66,66,66,66,66,66,66,66,66,66,66,66,66,66,71,71,71,71,71,71,71,73,73,75,75,75,75,75,77,81,83,83,85,89,91,91,91,91,75,75,77,77,77,77,77,77,77,77,77,77],"relic_stats":{"Singing Bowl":22,"counters":[26,109],"Astrolabe":["Outmaneuver","Malaise","Envenom"],"Bronze Scales":[277],"Pen Nib":[18],"PreservedInsect":77,"Kunai":[35],"Whetstone":["Backstab","Dagger Spray"],"Ginger":[3],"Boot":[6],"obtain_stats":[{"Ice Cream":55,"Girya":7,"Lantern":13,"NeowsBlessing":0,"Singing Bowl":24,"Astrolabe":17,"Thread and Needle":38,"Pen Nib":28,"PreservedInsect":42,"Whetstone":43,"Ginger":48,"Boot":40,"White Beast Statue":9,"Runic Dome":34,"Bronze Scales":27,"Orrery":37,"Red Mask":44,"Kunai":30,"Ring of the Snake":0},{"Ice Cream":25,"Girya":3,"Lantern":5,"NeowsBlessing":0,"Singing Bowl":10,"Astrolabe":7,"Thread and Needle":18,"Pen Nib":11,"PreservedInsect":21,"Whetstone":21,"Ginger":22,"Boot":20,"White Beast Statue":3,"Runic Dome":15,"Bronze Scales":11,"Orrery":17,"Red Mask":21,"Kunai":13,"Ring of the Snake":0},{"Ice Cream":104,"Girya":3,"Lantern":7,"NeowsBlessing":0,"Singing Bowl":26,"Astrolabe":13,"Thread and Needle":63,"Pen Nib":31,"PreservedInsect":76,"Whetstone":76,"Ginger":80,"Boot":71,"White Beast Statue":3,"Runic Dome":52,"Bronze Scales":31,"Orrery":59,"Red Mask":76,"Kunai":39,"Ring of the Snake":0}],"Ring of the Snake":[52]},"card_choices":[{"not_picked":["Finisher","Dagger Throw"],"picked":"Terror","floor":1.0},{"not_picked":["Concentrate","Blade Dance"],"picked":"Well Laid Plans","floor":4.0},{"not_picked":["Endless Agony","Outmaneuver"],"picked":"Glass Knife","floor":7.0},{"not_picked":["Acrobatics","Flying Knee"],"picked":"Backstab","floor":11.0},{"not_picked":["Acrobatics","Deflect","Expertise"],"picked":"SKIP","floor":12.0},{"not_picked":["Outmaneuver","Acrobatics","Well Laid Plans"],"picked":"SKIP","floor":14.0},{"not_picked":["Storm of Steel","Glass Knife"],"picked":"Adrenaline","floor":16.0},{"not_picked":["Acrobatics","Slice","Concentrate"],"picked":"SKIP","floor":18.0},{"not_picked":["Catalyst","Masterful Stab","Deadly Poison"],"picked":"SKIP","floor":19.0},{"not_picked":["Masterful Stab","Underhanded Strike+1"],"picked":"PiercingWail","floor":24.0},{"not_picked":["Distraction","Bane"],"picked":"Skewer+1","floor":27.0},{"not_picked":["Bane","Choke+1","Dagger Spray"],"picked":"Singing Bowl","floor":29.0},{"not_picked":["Concentrate","Tactician"],"picked":"Doppelganger","floor":30.0},{"not_picked":["Deflect","Tactician","Slice"],"picked":"Singing Bowl","floor":31.0},{"not_picked":["Wraith Form v2","Malaise"],"picked":"Night Terror","floor":33.0},{"not_picked":["Heel Hook","Bane"],"picked":"Setup","floor":35.0},{"not_picked":["Flechettes","Dagger Throw","Concentrate"],"picked":"Singing Bowl","floor":36.0},{"not_picked":["Bane","Quick Slash","Deflect"],"picked":"Singing Bowl","floor":37.0},{"not_picked":["Eviscerate+1","Sucker Punch+1"],"picked":"Catalyst+1","floor":37.0},{"not_picked":["Underhanded Strike","Accuracy","Acrobatics"],"picked":"Singing Bowl","floor":37.0},{"not_picked":["Infinite Blades+1","Acrobatics+1"],"picked":"Adrenaline","floor":37.0},{"not_picked":["Footwork","Backstab"],"picked":"Blade Dance+1","floor":37.0},{"not_picked":["Blade Dance","Dash+1","Dodge and Roll"],"picked":"Singing Bowl","floor":38.0},{"not_picked":["Cloak And Dagger+1","Dagger Spray"],"picked":"Blur+1","floor":39.0},{"not_picked":["Infinite Blades","Cloak And Dagger+1","Slice"],"picked":"Singing Bowl","floor":40.0},{"not_picked":["PanicButton","Blind","Madness"],"picked":"Singing Bowl","floor":41.0},{"not_picked":["Enlightenment","Apotheosis","Violence"],"picked":"Singing Bowl","floor":41.0},{"not_picked":["Chrysalis","Madness"],"picked":"Magnetism","floor":41.0},{"not_picked":["Sucker Punch+1","Acrobatics","Leg Sweep"],"picked":"Singing Bowl","floor":42.0},{"not_picked":["Deflect","Reflex","Quick Slash"],"picked":"Singing Bowl","floor":48.0},{"not_picked":["Backstab","Eviscerate"],"picked":"Acrobatics","floor":55.0}],"player_experience":973085,"relics_obtained":[{"floor":7.0,"key":"Girya"},{"floor":9.0,"key":"White Beast Statue"},{"floor":24.0,"key":"Singing Bowl"},{"floor":27.0,"key":"Bronze Scales"},{"floor":30.0,"key":"Kunai"},{"floor":38.0,"key":"Thread and Needle"},{"floor":40.0,"key":"Boot"},{"floor":42.0,"key":"PreservedInsect"},{"floor":43.0,"key":"Whetstone"},{"floor":48.0,"key":"Ginger"},{"floor":55.0,"key":"Ice Cream"}],"event_choices":[{"cards_removed":["Defend_G"],"damage_healed":0.0,"max_hp_gain":0.0,"max_hp_loss":0.0,"gold_gain":0.0,"event_name":"Purifier","player_choice":"Purged","floor":3.0,"gold_loss":0.0,"damage_taken":0.0},{"damage_healed":0.0,"max_hp_gain":0.0,"max_hp_loss":0.0,"gold_gain":0.0,"cards_transformed":["Strike_G"],"event_name":"Living Wall","player_choice":"Change","floor":5.0,"gold_loss":0.0,"damage_taken":0.0,"cards_obtained":["Sucker Punch"]},{"damage_healed":0.0,"max_hp_gain":0.0,"max_hp_loss":0.0,"gold_gain":0.0,"event_name":"Back to Basics","player_choice":"Simplicity","floor":20.0,"gold_loss":0.0,"damage_taken":0.0,"cards_upgraded":["Strike_G","Strike_G","Defend_G","Defend_G","Defend_G"]},{"damage_healed":0.0,"max_hp_gain":5.0,"max_hp_loss":0.0,"gold_gain":0.0,"event_name":"Forgotten Altar","player_choice":"Shed Blood","floor":22.0,"gold_loss":0.0,"damage_taken":23.0},{"damage_healed":0.0,"max_hp_gain":0.0,"max_hp_loss":0.0,"gold_gain":0.0,"event_name":"MindBloom","player_choice":"Fight","floor":38.0,"gold_loss":0.0,"damage_taken":0.0},{"damage_healed":0.0,"max_hp_gain":0.0,"max_hp_loss":0.0,"gold_gain":0.0,"event_name":"SensoryStone","player_choice":"Memory 3","floor":41.0,"gold_loss":0.0,"damage_taken":10.0},{"damage_healed":0.0,"max_hp_gain":0.0,"max_hp_loss":0.0,"gold_gain":0.0,"event_name":"Tomb of Lord Red Mask","player_choice":"Paid","floor":44.0,"gold_loss":139.0,"damage_taken":0.0,"relics_obtained":["Red Mask"]},{"damage_healed":75.0,"max_hp_gain":0.0,"max_hp_loss":16.0,"gold_gain":0.0,"event_name":"The Moai Head","player_choice":"Heal","floor":46.0,"gold_loss":0.0,"damage_taken":0.0},{"damage_healed":0.0,"max_hp_gain":0.0,"max_hp_loss":0.0,"gold_gain":0.0,"event_name":"Mysterious Sphere","player_choice":"Fight","floor":48.0,"gold_loss":0.0,"damage_taken":0.0}],"is_beta":false,"boss_relics":[{"not_picked":["Snecko Eye","Busted Crown"],"picked":"Astrolabe"},{"not_picked":["Philosopher\u0027s Stone","Ring of the Serpent"],"picked":"Runic Dome"}],"items_purged_floors":[],"is_endless":false,"potions_floor_spawned":[1,11,12,14,16,18,19,24,27,29,30,31,33,35,36,38,39,40,42,48,55],"killed_by":"The Heart","ascension_level":20}}