{"host":"x565ttcahk6mfbvs","time":1608375219,"event":{"mods":["AchievementEnabler","BaseMod","BetterRewards","Downfall","Minty Spire (QoL Compilation)","Permanent Neow","Remove Card Discount Mod","StSLib"],"gold_per_floor":[99,99,99,42,57,232,232,232,252,252,269,284,284,20,33,136,136,136,22,41,53,53,83,134,134,146,146,246,246,263,33,48,144,144,144,162,162,175,175,175,175],"floor_reached":40,"playtime":2970,"items_purged":["Slimebound:Strike_Slimebound","Slimebound:Strike_Slimebound","Slimebound:Defend_Slimebound","Doubt","Regret"],"score":394,"play_id":"c9caa6c3-dc46-48e1-be30-f954591cff7b","local_time":"20201219045339","is_ascension_mode":false,"campfire_choices":[{"data":"Slimebound:Split","floor":1,"key":"SMITH"},{"data":"Slimebound:SamplingLick","floor":8,"key":"SMITH"},{"data":"Slimebound:Gluttony","floor":10,"key":"SMITH"},{"floor":18,"key":"REST"},{"data":"Slimebound:AcidTongue","floor":22,"key":"SMITH"},{"floor":25,"key":"REST"},{"floor":27,"key":"REST"},{"data":"Slimebound:SplitBruiser","floor":35,"key":"SMITH"},{"data":"Slimebound:LeechLife","floor":37,"key":"SMITH"},{"floor":39,"key":"REST"}],"circlet_count":0,"master_deck":["Slimebound:Strike_Slimebound+1","Slimebound:Defend_Slimebound+1","Slimebound:Defend_Slimebound","Slimebound:Defend_Slimebound","Slimebound:Split+1","Slimebound:CorrosiveSpit","Slimebound:SamplingLick","Slimebound:SamplingLick+1","Slimebound:SpikyOuterGoop","Slimebound:PressTheAttack+1","Slimebound:SamplingLick","Slimebound:Gluttony+1","Slimebound:Gluttony","Slimebound:RejuvenatingLick","Slimebound:AcidTongue+1","Slimebound:RejuvenatingLick","Slimebound:LivingWall","Slimebound:MassFeed","CurseOfTheBell","Slimebound:GrowthPunch+1","Slimebound:SplitBruiser+1","Slimebound:MegaLick+1","Slimebound:Gluttony+1","Slimebound:ItLooksTasty","Slimebound:RejuvenatingLick","Slimebound:TongueLash+1","Slimebound:LevelUp+1","Slimebound:Replication","Slimebound:Grow","expansioncontent:ChargeUp","Slimebound:LeechLife+1","Slimebound:Schlurp+1","Slimebound:HauntingLick"],"relics":["Slimebound:AbsorbEndCombat","downfall:HeartsMalice","StrikeDummy","Calling Bell","PreservedInsect","Shuriken","Torii","Dream Catcher","Oddly Smooth Stone","Black Star"],"acts_visited":["Exordium","TheCity","TheBeyond"],"potions_floor_usage":[11,14,15,16,16,20,23,33,33,33],"damage_taken":[{"damage":0,"enemies":"Cultist","floor":2,"turns":1},{"damage":0,"enemies":"2 Louse","floor":3,"turns":1},{"damage":0,"enemies":"downfall:FleeingMerchant","floor":4,"turns":1},{"damage":9,"enemies":"Jaw Worm","floor":5,"turns":4},{"damage":18,"enemies":"Exordium Wildlife","floor":9,"turns":4},{"damage":29,"enemies":"Exordium Thugs","floor":11,"turns":4},{"damage":24,"enemies":"Lots of Slimes","floor":12,"turns":5},{"damage":15,"enemies":"downfall:FleeingMerchant","floor":14,"turns":4},{"damage":13,"enemies":"2 Fungi Beasts","floor":15,"turns":3},{"damage":35,"enemies":"downfall:Watcher","floor":16,"turns":15},{"damage":17,"enemies":"downfall:FleeingMerchant","floor":19,"turns":4},{"damage":31,"enemies":"3 Byrds","floor":20,"turns":6},{"damage":33,"enemies":"Spheric Guardian","floor":21,"turns":7},{"damage":33,"enemies":"Book of Stabbing","floor":23,"turns":5},{"damage":37,"enemies":"Snake Plant","floor":26,"turns":4},{"damage":28,"enemies":"Centurion and Healer","floor":30,"turns":6},{"damage":12,"enemies":"downfall:FleeingMerchant","floor":31,"turns":4},{"damage":18,"enemies":"Chosen and Byrds","floor":32,"turns":5},{"damage":42,"enemies":"downfall:Defect","floor":33,"turns":7},{"damage":73,"enemies":"3 Darklings","floor":36,"turns":8},{"damage":33,"enemies":"Orb Walker","floor":38,"turns":5},{"damage":49,"enemies":"Reptomancer","floor":40,"turns":2}],"seed_played":"6448910853892559434","potions_obtained":[{"floor":9,"key":"FearPotion"},{"floor":11,"key":"Slimebound:SlimedPotion"},{"floor":15,"key":"Strength Potion"},{"floor":21,"key":"Block Potion"},{"floor":26,"key":"PowerPotion"},{"floor":32,"key":"SkillPotion"},{"floor":36,"key":"Guardian:BlockOnCardUsePotion"}],"is_trial":false,"path_per_floor":["R","M","M","$","M","?","T","R","M","R","M","M","?","$","M","B",null,"R","$","M","M","R","E","T","R","M","R","?","?","M","$","M","B",null,"R","M","R","M","R","E"],"character_chosen":"SLIMEBOUND","items_purchased":["Slimebound:PressTheAttack","Slimebound:AcidTongue","Slimebound:RejuvenatingLick","AttackPotion","Weak Potion","Slimebound:SplitBruiser","Fire Potion","Slimebound:Grow","PowerPotion","expansioncontent:ChargeUp"],"campfire_rested":4,"item_purchase_floors":[4,14,14,14,14,19,19,31,31,31],"current_hp_per_floor":[60,60,60,60,59,59,59,59,53,53,40,32,32,33,26,21,60,60,57,50,40,40,27,27,45,26,44,44,44,41,51,53,43,66,66,33,33,20,40,0,0],"gold":175,"neow_bonus":"THREE_ENEMY_KILL","is_daily":false,"chose_seed":false,"campfire_upgraded":6,"win_rate":0.0,"timestamp":1608375219,"path_taken":["R","M","M","$","M","?","T","R","M","R","M","M","?","$","M","BOSS","R","$","M","M","R","E","T","R","M","R","?","?","?","?","M","BOSS","R","M","R","M","R","E"],"items_purchased_type":["Card","Card","Card","Potion","Potion","Card","Potion","Card","Potion","Card"],"build_version":"2020-12-13","purchased_purges":5,"victory":false,"max_hp_per_floor":[60,60,60,60,60,60,60,60,60,60,60,60,60,60,60,60,60,60,60,60,63,63,63,63,63,63,63,63,63,66,66,66,66,66,66,69,69,69,69,69,69],"card_choices":[{"not_picked":["Slimebound:SlimeSpikes","Slimebound:Schlurp"],"picked":"Slimebound:SamplingLick","floor":2},{"not_picked":["Slimebound:SpikyOuterGoop","Slimebound:RollThrough"],"picked":"Slimebound:SamplingLick","floor":3},{"not_picked":["Slimebound:GoopSpray","Slimebound:ViciousTackle"],"picked":"Slimebound:SpikyOuterGoop","floor":4},{"not_picked":["Slimebound:PressTheAttack","Slimebound:ComboTackle"],"picked":"Slimebound:SamplingLick","floor":5},{"not_picked":["Slimebound:ComboTackle","Slimebound:LeechingTouch"],"picked":"Slimebound:Gluttony","floor":9},{"not_picked":["Slimebound:SplitAcid","Slimebound:SplitBruiser"],"picked":"Slimebound:Gluttony","floor":11},{"not_picked":["Slimebound:SplitMire","Slimebound:PressTheAttack","Slimebound:OneTwoCombo"],"picked":"SKIP","floor":12},{"not_picked":["Slimebound:SplitAcid","Slimebound:LeechingTouch"],"picked":"Slimebound:RejuvenatingLick","floor":14},{"not_picked":["Slimebound:SplitLeeching","Slimebound:ProtectTheBoss"],"picked":"Slimebound:LivingWall","floor":15},{"not_picked":["Slimebound:LeechLife","Slimebound:SelfFormingGoo"],"picked":"Slimebound:MassFeed","floor":16},{"not_picked":["Slimebound:SamplingLick","Slimebound:LeechEnergy"],"picked":"Slimebound:GrowthPunch+1","floor":19},{"not_picked":["Slimebound:FinishingTackle","Slimebound:FlameTackle"],"picked":"Slimebound:MegaLick+1","floor":20},{"not_picked":["Slimebound:SplitLeeching","Slimebound:GoopSpray+1"],"picked":"Slimebound:Gluttony+1","floor":21},{"not_picked":["Slimebound:RainOfGoop","Slimebound:SlimeBrawl","Slimebound:SplitAcid"],"picked":"SKIP","floor":23},{"not_picked":["Slimebound:GoopSpray+1","Slimebound:FirmFortitude"],"picked":"Slimebound:ItLooksTasty","floor":25},{"not_picked":["Slimebound:LeechEnergy","Slimebound:Chomp"],"picked":"Slimebound:RejuvenatingLick","floor":26},{"not_picked":["Slimebound:LevelUp","Slimebound:MassFeed"],"picked":"Slimebound:TongueLash+1","floor":27},{"not_picked":["Slimebound:FormOfPuddle","Slimebound:Gluttony"],"picked":"Slimebound:LevelUp+1","floor":30},{"not_picked":["Slimebound:LeechingTouch","Slimebound:FinishingTackle+1"],"picked":"Slimebound:Replication","floor":31},{"not_picked":["Slimebound:ViciousTackle+1","Slimebound:SplitMire","Slimebound:PressTheAttack"],"picked":"SKIP","floor":32},{"not_picked":["Slimebound:SlimeSlap","Slimebound:Teamwork"],"picked":"Slimebound:LeechLife","floor":33},{"not_picked":["Slimebound:HauntingLick+1","Slimebound:FormOfPuddle+1"],"picked":"Slimebound:Schlurp+1","floor":36},{"not_picked":["Slimebound:ComboTackle","Slimebound:PressTheAttack"],"picked":"Slimebound:HauntingLick","floor":38}],"player_experience":268445,"relics_obtained":[{"floor":7,"key":"StrikeDummy"},{"floor":17,"key":"PreservedInsect"},{"floor":17,"key":"Shuriken"},{"floor":17,"key":"Torii"},{"floor":23,"key":"Dream Catcher"},{"floor":24,"key":"Oddly Smooth Stone"}],"event_choices":[{"cards_removed":["Slimebound:Tackle"],"damage_healed":0,"gold_gain":0,"player_choice":"Card Removal","damage_taken":0,"max_hp_gain":0,"max_hp_loss":0,"event_name":"Wheel of Change","floor":29,"gold_loss":0}],"is_beta":false,"boss_relics":[{"not_picked":["Slimebound:TarBlob","Pandora\u0027s Box"],"picked":"Calling Bell"},{"not_picked":["Runic Pyramid","Fusion Hammer"],"picked":"Black Star"}],"items_purged_floors":[4,4,14,19,19],"is_endless":false,"potions_floor_spawned":[9,11,15,21,26,32,36],"killed_by":"Reptomancer","ascension_level":0}}