{"host":"4a6fro0of1ie0h2w","time":1608394678,"event":{"mods":["Aspiration","BaseMod","CCEM","Colored Map","Conspire","Downfall","GifTheSpireLib","Halation","Highlight Path","Hubris","Infinite Spire","Marisa????????","Minty Spire (QoL Compilation)","Permanent Neow","Replay The Spire","StSLib","Stuff the Spire","The Servant 0.9.4"],"gold_per_floor":[99,112,112,129,163,182,182,212,232,262,362,375,375,325,347,444,444,444,467,495,531,531,531,555,591,400,452,466,466,486,486,486,486],"floor_reached":32,"playtime":1523,"items_purged":["champ:Haymaker","champ:Strike"],"score":440,"play_id":"f7c51611-d057-4a62-a206-38aae0c05b78","local_time":"20201219181758","is_ascension_mode":true,"campfire_choices":[{"data":"champ:Taunt","floor":1,"key":"SMITH"},{"data":"champ:BerserkerStyle","floor":3,"key":"SMITH"},{"floor":18,"key":"RECALL"}],"circlet_count":0,"master_deck":["champ:Strike","champ:Strike","champ:Defend+1","champ:Defend","champ:Defend","champ:Defend","champ:Execute","champ:Taunt+1","champ:BerserkerStyle+1","champ:RecklessLeap","champ:Encircle","champ:Encircle","champ:RageSigil","champ:EndlessRage","champ:Devastate","champ:EnragedBash","conspire:SpireCoStock","champ:RageSigil","champ:EnchantSword","champ:RageSigil","champ:Aggression","champ:RageSigil","expansioncontent:FaceSlap","StuffTheSpire:FreeRealEstate","champ:BerserkerStyle+1","champ:BerserkersShout","hubris:Fate"],"relics":["champ:ChampionCrown","CCEMRelics:SpiritsEdge","Replay:WaspNest","ReplayTheSpireMod:Ninjato","Mercury Hourglass","Simple Rune","champ:LiftRelic","hubris:Stopwatch","CCEMRelics:JestersCrown","halation:PinkSoulGem","hubris:DisguiseKit","ReplayTheSpireMod:ShopPack","hubris:SlimyHat","infinitespire:Broken Mirror","halation:Prosthetics"],"acts_visited":["Exordium","TheCity"],"potions_floor_usage":[15,27,28,30],"damage_taken":[{"damage":10,"enemies":"Jaw Worm","floor":2,"turns":5},{"damage":3,"enemies":"2 Louse","floor":4,"turns":2},{"damage":51,"enemies":"Lagavulin","floor":5,"turns":6},{"damage":4,"enemies":"Small Slimes","floor":6,"turns":2},{"damage":51,"enemies":"3 Sentries","floor":8,"turns":3},{"damage":4,"enemies":"Exordium Wildlife","floor":9,"turns":1},{"damage":24,"enemies":"Gremlin Nob","floor":10,"turns":2},{"damage":29,"enemies":"Blue Slaver","floor":12,"turns":1},{"damage":17,"enemies":"Large Slime","floor":15,"turns":2},{"damage":64,"enemies":"downfall:Defect","floor":16,"turns":3},{"damage":34,"enemies":"Chosen","floor":19,"turns":2},{"damage":40,"enemies":"Replay:Snechameleon","floor":20,"turns":3},{"damage":32,"enemies":"3 Cultists","floor":21,"turns":3},{"damage":73,"enemies":"Gremlin Leader","floor":25,"turns":5},{"damage":59,"enemies":"downfall:FleeingMerchant","floor":26,"turns":4},{"damage":82,"enemies":"Nightmare","floor":27,"turns":5},{"damage":29,"enemies":"conspire:HollyBat","floor":28,"turns":4},{"damage":20,"enemies":"Snecko","floor":30,"turns":4},{"damage":10,"enemies":"Chosen and Byrds","floor":32,"turns":1}],"seed_played":"-5607764945178185406","potions_obtained":[{"floor":2,"key":"Fire Potion"},{"floor":8,"key":"Languid Potion"},{"floor":12,"key":"BlessingOfTheForge"},{"floor":15,"key":"SkillPotion"},{"floor":28,"key":"ColorlessPotion"}],"is_trial":false,"path_per_floor":["R","M","R","M","E","M","T","E","M","E","?","M","?","?","M","B",null,"R_BF","M","E","M","?","?","T","E","$","NM","M","?","M","AVR","M"],"character_chosen":"THE_CHAMP","items_purchased":["ReplayTheSpireMod:ShopPack"],"campfire_rested":0,"item_purchase_floors":[26],"current_hp_per_floor":[90,85,85,84,68,68,68,50,50,52,52,50,50,50,50,32,90,90,85,80,77,59,59,59,69,70,30,24,16,8,8,0,0],"gold":486,"neow_bonus":"RANDOM_COMMON_RELIC","is_daily":false,"chose_seed":false,"campfire_upgraded":2,"win_rate":0.0,"timestamp":1608394678,"path_taken":["R","M","R","M","E","M","T","E","M","E","?","M","?","?","M","BOSS","R_BF","M","E","M","?","?","T","E","?","NM","M","?","M","AVR","M"],"items_purchased_type":["Relic"],"build_version":"2020-12-13","purchased_purges":2,"victory":false,"max_hp_per_floor":[90,90,90,90,90,90,90,90,90,90,90,90,90,90,90,90,90,90,90,90,90,95,95,95,95,95,95,95,95,95,60,60,60],"card_choices":[{"not_picked":["champ:TornadoPunch","champ:FlashCut"],"picked":"champ:BerserkerStyle","floor":2},{"not_picked":["champ:DefensiveShout","champ:FocusedBerserking"],"picked":"champ:RecklessLeap","floor":4},{"not_picked":["champ:EnGarde","champ:Haymaker"],"picked":"champ:Encircle","floor":5},{"not_picked":["champ:TornadoPunch","champ:Lariat"],"picked":"champ:Encircle","floor":6},{"not_picked":["champ:BladeFlurry","champ:GutPunch"],"picked":"champ:RageSigil","floor":8},{"not_picked":["champ:SwordSigil","champ:DefensiveStyle"],"picked":"champ:EndlessRage","floor":9},{"not_picked":["champ:Circumvent","champ:FightOn"],"picked":"champ:Devastate","floor":10},{"not_picked":["champ:ArenaPreparation","champ:CalledShot"],"picked":"champ:EnragedBash","floor":12},{"not_picked":["champ:FightOn","champ:ArenaPreparation"],"picked":"champ:RageSigil","floor":15},{"not_picked":["champ:EnchantCrown","champ:ShieldSlam"],"picked":"champ:EnchantSword","floor":16},{"not_picked":["champ:GladiatorsShout","champ:BringItOn+1","champ:DefensiveShout"],"picked":"SKIP","floor":19},{"not_picked":["champ:RapidStrikes","champ:RageSigil"],"picked":"champ:Haymaker","floor":20},{"not_picked":["champ:StanceDance","champ:DefensiveStyle+1"],"picked":"champ:RageSigil","floor":21},{"not_picked":["champ:Circumvent+1","champ:GladiatorsShout"],"picked":"champ:Aggression","floor":25},{"not_picked":["champ:IgnorePain","champ:StanceDance","Uppercut"],"picked":"champ:RageSigil","floor":26},{"not_picked":["expansioncontent:LastStand","ReplayTheSpireMod:Trickstab","Swift Strike"],"picked":"expansioncontent:FaceSlap","floor":26},{"not_picked":["Forethought","Trip","hubris:Ssssneak"],"picked":"StuffTheSpire:FreeRealEstate","floor":26},{"not_picked":["champ:PerfectedStrike","champ:BladeFlurry","Hemogenesis"],"picked":"champ:BerserkerStyle+1","floor":27},{"not_picked":["champ:Haymaker+1","champ:PerfectedStrike+1","champ:IgnorePain","Flex"],"picked":"SKIP","floor":28},{"not_picked":["champ:ArenaPreparation","champ:RageSigil","Headbutt"],"picked":"champ:BerserkersShout","floor":30}],"player_experience":200637,"relics_obtained":[{"floor":5,"key":"Replay:WaspNest"},{"floor":7,"key":"ReplayTheSpireMod:Ninjato"},{"floor":8,"key":"Mercury Hourglass"},{"floor":10,"key":"Simple Rune"},{"floor":20,"key":"CCEMRelics:JestersCrown"},{"floor":25,"key":"hubris:DisguiseKit"},{"floor":27,"key":"hubris:SlimyHat"}],"event_choices":[{"damage_healed":0,"gold_gain":0,"player_choice":"Invest 1","damage_taken":0,"max_hp_gain":0,"max_hp_loss":0,"event_name":"conspire:Investor","floor":14,"gold_loss":0}],"is_beta":false,"boss_relics":[{"not_picked":["halation:LoveArrow","halation:MonkeysPaw"],"picked":"hubris:Stopwatch"}],"items_purged_floors":[26,31],"is_endless":false,"potions_floor_spawned":[2,8,12,15,16,20,21,28],"killed_by":"Chosen and Byrds","ascension_level":1}}