{"host":"t0dvtgwziqfh5pc4","time":1608374102,"event":{"mods":["BaseMod","Colored Powertips","Downfall","Googly Eyes","Hermit","Infinite Spire","Lobotomy","Minty Spire (QoL Compilation)","Quick Restart","Replay The Spire","SIMod","Shop Mod","StSLib","The Bug Knight","The Cursed","The Hierophant","The Jungle"],"gold_per_floor":[116,136,136,152,152,152,152,183,183,183,183,183,0,0,0,0,0],"floor_reached":16,"playtime":640,"items_purged":[],"score":192,"play_id":"100782a9-1f3a-44cb-840f-ff98b930342d","local_time":"20201219183502","daily_mods":["Heirloom","Flight"],"is_ascension_mode":true,"campfire_choices":[{"data":"HollowMod:GrimmsGift","floor":6,"key":"SMITH"},{"data":"HollowMod:FocusHealStart","floor":7,"key":"SMITH"},{"data":"HollowMod:PogoStrike","floor":10,"key":"SMITH"},{"data":"HollowMod:CornifersMapStart","floor":12,"key":"SMITH"},{"data":"HollowMod:AwokenDreamNail","floor":15,"key":"SMITH"}],"circlet_count":0,"master_deck":["AscendersBane","HollowMod:NailStrikeStart","HollowMod:NailStrikeStart","HollowMod:NailStrikeStart","HollowMod:QuickDashStart","HollowMod:QuickDashStart","HollowMod:QuickDashStart","HollowMod:QuickDashStart","HollowMod:FocusHealStart+1","HollowMod:PogoStrike+1","HollowMod:CornifersMapStart+1","HollowMod:GrimmsGift+1","HollowMod:CloakDash","HollowMod:NewJinnsSoul","HollowMod:AwokenDreamNail+1"],"relics":["HollowMod:VesselMask","Bird Faced Urn","CogitoBucket","Singing Bowl","infinitespire:FocusingShard","Omamori"],"acts_visited":["Exordium"],"potions_floor_usage":[8,8],"damage_taken":[{"damage":6,"enemies":"Cultist","floor":1,"turns":3},{"damage":7,"enemies":"2 Louse","floor":2,"turns":4},{"damage":14,"enemies":"infinitespire:Voidling","floor":4,"turns":4},{"damage":44,"enemies":"Lagavulin","floor":8,"turns":7},{"damage":39,"enemies":"Hexaghost","floor":16,"turns":8}],"seed_played":"-2850672240118816183","potions_obtained":[{"floor":1,"key":"LiquidMemories"},{"floor":2,"key":"Fire Potion"}],"is_trial":true,"path_per_floor":["M","M","WH","M","WH","R","R","E","T","R","WH","R","WH","WH","R","B"],"character_chosen":"THE_BUGKNIGHT","items_purchased":[],"campfire_rested":0,"item_purchase_floors":[],"current_hp_per_floor":[68,67,67,63,63,63,63,33,33,33,33,33,33,26,26,0,0],"gold":0,"neow_bonus":"THREE_RARE_CARDS","is_daily":false,"chose_seed":false,"campfire_upgraded":5,"win_rate":0.0,"timestamp":1608374102,"path_taken":["M","M","WH","M","WH","R","R","E","T","R","WH","R","WH","WH","R","BOSS"],"items_purchased_type":[],"build_version":"2020-12-13","purchased_purges":0,"victory":false,"max_hp_per_floor":[75,75,75,75,75,75,75,77,77,77,77,77,77,79,79,79,79],"card_choices":[{"not_picked":["HollowMod:NewLittleFool","HollowMod:SharpenedShadows"],"picked":"HollowMod:CornifersMapStart","floor":1},{"not_picked":["HollowMod:VengefulVoid","HollowMod:CornifersMapStart"],"picked":"HollowMod:GrimmsGift","floor":2},{"not_picked":["HollowMod:SiblingsShadow","HollowMod:AbyssShriek"],"picked":"HollowMod:CloakDash","floor":4},{"not_picked":["HollowMod:RecoilStrike","HollowMod:SoulShaman","HollowMod:CloakDash"],"picked":"Singing Bowl","floor":8},{"not_picked":["HollowMod:MidwifesHunger","HollowMod:PureVessel"],"picked":"HollowMod:AwokenDreamNail","floor":13},{"not_picked":["HollowMod:Weaversong","HollowMod:ElderbugsWisdom","HollowMod:SlysStrikes"],"picked":"Singing Bowl","floor":14}],"player_experience":103008,"relics_obtained":[{"floor":8,"key":"Singing Bowl"},{"floor":9,"key":"infinitespire:FocusingShard"}],"event_choices":[{"damage_healed":0,"gold_gain":0,"cards_transformed":["HollowMod:NailStrikeStart"],"player_choice":"Transformed","damage_taken":0,"max_hp_gain":0,"max_hp_loss":0,"event_name":"Transmorgrifier","floor":5,"gold_loss":0,"cards_obtained":["HollowMod:NewJinnsSoul"]}],"is_beta":false,"boss_relics":[],"items_purged_floors":[],"is_endless":false,"potions_floor_spawned":[1,2],"killed_by":"Hexaghost","ascension_level":20}}