{"host":"4vhnentjshwu7xz9","time":1608389834,"event":{"mods":["BaseMod","Minty Spire (QoL Compilation)","Permanent Neow","Relic Stats","StSLib","everything is the same but u backflip on backflip"],"gold_per_floor":[115,190,365,0,10,39,55,55,55,72,347,347,11,46,46,148,148,162,162,162,162,181,181,181],"floor_reached":23,"playtime":1171,"items_purged":["Parasite","Regret"],"score":266,"play_id":"381ae67f-43ae-4e0e-bae6-461862f9288a","local_time":"20201219155714","is_ascension_mode":true,"campfire_choices":[{"floor":8,"key":"REST"},{"floor":12,"key":"REST"},{"data":"Blind","floor":15,"key":"SMITH"}],"circlet_count":0,"master_deck":["Strike_G","Strike_G","Strike_G","Strike_G","Strike_G","Defend_G+1","Defend_G+1","Defend_G","Defend_G","Defend_G","Survivor","Neutralize","Die Die Die","Dagger Throw","Doubt","Reflex","Masterful Stab","Blade Dance","Blind+1","Blade Dance","Unload","Catalyst","Writhe","Pain","Dagger Spray+1"],"relics":["Ring of the Snake","Dead Branch","Incense Burner","FossilizedHelix","War Paint","MealTicket","Runic Pyramid","Matryoshka","WarpedTongs"],"acts_visited":["Exordium","TheCity"],"potions_floor_usage":[6,6,16],"damage_taken":[{"damage":0,"enemies":"Small Slimes","floor":1,"turns":3},{"damage":5,"enemies":"Jaw Worm","floor":5,"turns":3},{"damage":53,"enemies":"Lagavulin","floor":6,"turns":11},{"damage":0,"enemies":"Cultist","floor":7,"turns":2},{"damage":0,"enemies":"Gremlin Gang","floor":10,"turns":2},{"damage":0,"enemies":"Gremlin Nob","floor":14,"turns":4},{"damage":27,"enemies":"Slime Boss","floor":16,"turns":10},{"damage":5,"enemies":"Shell Parasite","floor":18,"turns":3},{"damage":0,"enemies":"Chosen","floor":22,"turns":3},{"damage":22,"enemies":"Slavers","floor":23,"turns":3}],"seed_played":"-7331022771009085362","potions_obtained":[{"floor":1,"key":"Dexterity Potion"},{"floor":5,"key":"Block Potion"},{"floor":10,"key":"LiquidMemories"}],"is_trial":false,"path_per_floor":["M","?","?","$","M","E","M","R","T","M","?","R","$","E","R","B",null,"M","?","?","?","M","E"],"character_chosen":"THE_SILENT","items_purchased":["Dead Branch","War Paint","Blind"],"campfire_rested":2,"item_purchase_floors":[4,13,13],"current_hp_per_floor":[70,59,59,59,54,1,1,21,21,21,21,41,41,41,41,14,67,62,62,62,62,62,40,40],"gold":181,"neow_bonus":"THREE_RARE_CARDS","is_daily":false,"chose_seed":false,"campfire_upgraded":1,"win_rate":0.0,"timestamp":1608389834,"path_taken":["M","?","?","?","?","E","?","R","T","M","?","R","$","E","R","BOSS","M","?","?","?","?","E"],"items_purchased_type":["Relic","Relic","Card"],"build_version":"2020-12-13","purchased_purges":2,"victory":false,"max_hp_per_floor":[70,70,70,67,67,67,67,67,67,67,67,67,67,67,67,67,67,67,67,67,67,67,67,67],"relic_stats":{"counters":[10,44],"Dead Branch":[41],"MealTicket":0,"War Paint":["Defend_G","Defend_G"],"obtain_stats":[{"Matryoshka":20,"Dead Branch":4,"MealTicket":14,"Incense Burner":6,"War Paint":13,"FossilizedHelix":9,"Ring of the Snake":0,"Runic Pyramid":17,"WarpedTongs":21},{"Matryoshka":8,"Dead Branch":1,"MealTicket":6,"Incense Burner":3,"War Paint":5,"FossilizedHelix":4,"Ring of the Snake":0,"Runic Pyramid":7,"WarpedTongs":8},{"Matryoshka":38,"Dead Branch":3,"MealTicket":25,"Incense Burner":17,"War Paint":21,"FossilizedHelix":19,"Ring of the Snake":0,"Runic Pyramid":35,"WarpedTongs":38}],"Ring of the Snake":[20],"WarpedTongs":[6]},"card_choices":[{"not_picked":["Tools of the Trade","Unload"],"picked":"Die Die Die","floor":0},{"not_picked":["Expertise","Prepared"],"picked":"Dagger Throw","floor":1},{"not_picked":["Backflip","Slice"],"picked":"Reflex","floor":5},{"not_picked":["Bouncing Flask","Quick Slash"],"picked":"Masterful Stab","floor":6},{"not_picked":["Underhanded Strike","Acrobatics","Outmaneuver"],"picked":"SKIP","floor":7},{"not_picked":["Slice","Underhanded Strike"],"picked":"Blade Dance","floor":10},{"not_picked":["Burst","Skewer"],"picked":"Blade Dance","floor":14},{"not_picked":["Bullet Time","Tools of the Trade"],"picked":"Unload","floor":16},{"not_picked":["Poisoned Stab+1","Acrobatics","Blade Dance+1"],"picked":"SKIP","floor":18},{"not_picked":["Prepared+1","Acrobatics+1"],"picked":"Dagger Spray+1","floor":22}],"player_experience":139630,"relics_obtained":[{"floor":6,"key":"Incense Burner"},{"floor":9,"key":"FossilizedHelix"},{"floor":14,"key":"MealTicket"}],"event_choices":[{"damage_healed":0,"gold_gain":75,"player_choice":"Gather Gold","damage_taken":11,"max_hp_gain":0,"max_hp_loss":0,"event_name":"World of Goop","floor":2,"gold_loss":0},{"damage_healed":0,"gold_gain":175,"player_choice":"AGREE","damage_taken":0,"max_hp_gain":0,"max_hp_loss":0,"event_name":"Liars Game","floor":3,"gold_loss":0,"cards_obtained":["Doubt"]},{"damage_healed":0,"gold_gain":275,"player_choice":"Desecrate","damage_taken":0,"max_hp_gain":0,"max_hp_loss":0,"event_name":"Golden Shrine","floor":11,"gold_loss":0,"cards_obtained":["Regret"]},{"damage_healed":0,"gold_gain":0,"player_choice":"Read","damage_taken":0,"max_hp_gain":0,"max_hp_loss":0,"event_name":"The Library","floor":19,"gold_loss":0,"cards_obtained":["Catalyst"]},{"damage_healed":0,"gold_gain":0,"player_choice":"Opened","damage_taken":0,"relics_obtained":["Matryoshka"],"max_hp_gain":0,"max_hp_loss":0,"event_name":"The Mausoleum","floor":20,"gold_loss":0,"cards_obtained":["Writhe"]},{"damage_healed":0,"gold_gain":0,"player_choice":"Rummage","damage_taken":0,"relics_obtained":["WarpedTongs"],"max_hp_gain":0,"max_hp_loss":0,"event_name":"Accursed Blacksmith","floor":21,"gold_loss":0,"cards_obtained":["Pain"]}],"is_beta":false,"boss_relics":[{"not_picked":["Velvet Choker","Busted Crown"],"picked":"Runic Pyramid"}],"items_purged_floors":[4,13],"is_endless":false,"potions_floor_spawned":[1,5,10],"killed_by":"Slavers","ascension_level":4}}