{"host":"Ian","time":1608367778,"event":{"mods":["BaseMod","Bestiary","Block Reminder","Colored Map","Highlight Path","Key Reminder","Minty Spire (QoL Compilation)","Relic Stats"],"gold_per_floor":[116,116,135,153,171,171,196,196,196,209,228,246,272,288,288,361,361,379,397,397,397],"floor_reached":20,"playtime":1249,"items_purged":[],"score":430,"play_id":"e2add4e0-7321-4f56-b801-c636db2b8bd4","local_time":"20201219084938","is_ascension_mode":true,"campfire_choices":[{"data":"Bash","floor":6,"key":"SMITH"},{"data":"Barricade","floor":8,"key":"SMITH"},{"floor":15,"key":"REST"}],"circlet_count":0,"master_deck":["AscendersBane","Strike_R","Strike_R","Strike_R","Strike_R","Strike_R","Defend_R","Defend_R","Defend_R","Bash+1","Perfected Strike","Iron Wave","Clothesline","Iron Wave","Barricade+1","Entrench","Evolve","Armaments","Headbutt","Offering","Shrug It Off"],"relics":["Philosopher\u0027s Stone","Dead Branch","Kunai","Sundial","Runic Pyramid"],"acts_visited":["Exordium","TheCity"],"potions_floor_usage":[7],"damage_taken":[{"damage":4,"enemies":"Small Slimes","floor":1,"turns":3},{"damage":0,"enemies":"Cultist","floor":3,"turns":3},{"damage":0,"enemies":"Jaw Worm","floor":4,"turns":2},{"damage":8,"enemies":"Gremlin Gang","floor":5,"turns":6},{"damage":19,"enemies":"3 Sentries","floor":7,"turns":7},{"damage":2,"enemies":"Red Slaver","floor":10,"turns":3},{"damage":5,"enemies":"Blue Slaver","floor":11,"turns":3},{"damage":0,"enemies":"Large Slime","floor":12,"turns":5},{"damage":0,"enemies":"Lagavulin","floor":13,"turns":12},{"damage":9,"enemies":"3 Louse","floor":14,"turns":3},{"damage":23,"enemies":"Hexaghost","floor":16,"turns":13},{"damage":6,"enemies":"Spheric Guardian","floor":18,"turns":7},{"damage":34,"enemies":"2 Thieves","floor":19,"turns":5},{"damage":23,"enemies":"3 Cultists","floor":20,"turns":3}],"seed_played":"-2605024331416507056","potions_obtained":[{"floor":1,"key":"Strength Potion"},{"floor":7,"key":"Ancient Potion"},{"floor":12,"key":"Strength Potion"}],"is_trial":false,"path_per_floor":["M","?","M","M","M","R","E","R","T","M","M","M","E","M","R","B",null,"M","M","M"],"character_chosen":"IRONCLAD","items_purchased":[],"campfire_rested":1,"item_purchase_floors":[],"current_hp_per_floor":[64,64,64,64,56,56,37,37,37,35,30,30,30,21,43,20,61,55,21,0,0],"gold":397,"neow_bonus":"BOSS_RELIC","is_daily":false,"chose_seed":false,"campfire_upgraded":2,"win_rate":0.0,"timestamp":1608367778,"path_taken":["M","?","M","M","M","R","E","R","T","M","?","M","E","M","R","BOSS","M","M","M"],"items_purchased_type":[],"build_version":"2020-12-18","purchased_purges":0,"victory":false,"max_hp_per_floor":[75,75,75,75,75,75,75,75,75,75,75,75,75,75,75,75,75,75,75,75,75],"relic_stats":{"counters":[14,75],"Sundial":[4],"Dead Branch":[10],"Kunai":[18],"obtain_stats":[{"Sundial":13,"Dead Branch":7,"Philosopher\u0027s Stone":0,"Kunai":9,"Burning Blood":0,"Runic Pyramid":17},{"Sundial":9,"Dead Branch":5,"Philosopher\u0027s Stone":0,"Kunai":5,"Burning Blood":0,"Runic Pyramid":11},{"Sundial":44,"Dead Branch":21,"Philosopher\u0027s Stone":0,"Kunai":21,"Burning Blood":0,"Runic Pyramid":60}]},"card_choices":[{"not_picked":["Second Wind","True Grit"],"picked":"Perfected Strike","floor":1},{"not_picked":["Wild Strike","Thunderclap"],"picked":"Clothesline","floor":3},{"not_picked":["Flex","Headbutt","Cleave"],"picked":"SKIP","floor":4},{"not_picked":["Spot Weakness","Wild Strike"],"picked":"Iron Wave","floor":5},{"not_picked":["Brutality","Wild Strike"],"picked":"Barricade","floor":7},{"not_picked":["Whirlwind","Dropkick"],"picked":"Entrench","floor":10},{"not_picked":["Warcry","Twin Strike"],"picked":"Evolve","floor":11},{"not_picked":["Havoc","Reckless Charge"],"picked":"Armaments","floor":12},{"not_picked":["Flex","Offering"],"picked":"Headbutt","floor":13},{"not_picked":["Second Wind","Wild Strike","Uppercut"],"picked":"SKIP","floor":14},{"not_picked":["Reaper","Exhume"],"picked":"Offering","floor":16},{"not_picked":["Pommel Strike","Evolve","Havoc"],"picked":"SKIP","floor":18},{"not_picked":["Combust","Searing Blow"],"picked":"Shrug It Off","floor":19}],"player_experience":2555718,"relics_obtained":[{"floor":7,"key":"Dead Branch"},{"floor":9,"key":"Kunai"},{"floor":13,"key":"Sundial"}],"event_choices":[{"damage_healed":0,"gold_gain":0,"cards_transformed":["Defend_R"],"player_choice":"Transformed","damage_taken":0,"max_hp_gain":0,"max_hp_loss":0,"event_name":"Transmorgrifier","floor":2,"gold_loss":0,"cards_obtained":["Iron Wave"]}],"is_beta":true,"boss_relics":[{"not_picked":["Velvet Choker","Tiny House"],"picked":"Runic Pyramid"}],"items_purged_floors":[],"is_endless":false,"potions_floor_spawned":[1,7,12,14],"killed_by":"3 Cultists","ascension_level":20}}