{"host":"Teixeira","time":1608409589,"event":{"mods":["2.2 Compatiblity","Aspiration","BaseMod","Better Match","Better Note","Better Sensory Stone","Better Skull","Better Third Choice","Colored Map","Colored Powertips","Hermit","Hubris","Infinite Spire","Marked Mod","Minty Spire (QoL Compilation)","Permanent Neow","Quick Restart","Rare Cards Sparkle","Relic Filter","Replay The Spire","Spicy Shops","StSLib","SuperFastMode","The Marked"],"gold_per_floor":[123,146,166,11,11,11,24,64,84,84,111,129,129,142,142,173,173,294,294,315,115,134,159,159,159],"floor_reached":24,"playtime":2456,"items_purged":["theMarked:Strike","Pain"],"score":235,"play_id":"70d21737-c7bf-49e0-a39a-f700b92237c2","local_time":"20201219172629","is_ascension_mode":false,"campfire_choices":[{"data":"theMarked:ComboAttacks","floor":10,"key":"SMITH"},{"floor":13,"key":"REST"},{"data":"theMarked:ParalyzingBlade","floor":17,"key":"SMITH"}],"circlet_count":0,"master_deck":["Steam Power+1","theMarked:Strike","theMarked:Strike","theMarked:Strike","theMarked:Strike","theMarked:Defend","theMarked:Defend","theMarked:Defend","theMarked:Defend","theMarked:SoldierOfQuellstein+1","theMarked:PowerFlow","theMarked:EnhancedHearing","theMarked:Electrify","theMarked:ComboAttacks+1","theMarked:ParalyzingBlade+1","theMarked:SwordAndMagic","theMarked:ResourceFulStrike","theMarked:Challenge","theMarked:EmpowerWeapon","theMarked:EmpowerWeapon","theMarked:Overcharge+1"],"relics":["theMarked:ArtifactOfAir","Potion Belt","Golden Idol","aspiration:Lifesprig","Toy Ornithopter","infinitespire:Satchel","hubris:TerracottaHorce","Lantern"],"acts_visited":["Exordium","TheCity"],"potions_floor_usage":[12],"damage_taken":[{"damage":10.0,"enemies":"infinitespire:Voidling","floor":1.0,"turns":4.0},{"damage":8.0,"enemies":"Jaw Worm","floor":2.0,"turns":3.0},{"damage":0.0,"enemies":"Small Slimes","floor":3.0,"turns":2.0},{"damage":14.0,"enemies":"Blue Slaver","floor":7.0,"turns":3.0},{"damage":29.0,"enemies":"3 Sentries","floor":8.0,"turns":8.0},{"damage":14,"enemies":"Exordium Thugs","floor":9,"turns":4},{"damage":5,"enemies":"Lots of Slimes","floor":12,"turns":3},{"damage":4,"enemies":"3 Louse","floor":14,"turns":3},{"damage":0,"enemies":"Lagavulin","floor":16,"turns":4},{"damage":4,"enemies":"Hexaghost","floor":18,"turns":6},{"damage":14,"enemies":"Shell Parasite","floor":20,"turns":4},{"damage":17,"enemies":"2 Thieves","floor":22,"turns":2},{"damage":14,"enemies":"Centurion and Healer","floor":23,"turns":3},{"damage":11,"enemies":"Snecko","floor":24,"turns":2}],"seed_played":"4186961911481533769","potions_obtained":[{"floor":7.0,"key":"GamblersBrew"},{"floor":9,"key":"Strength Potion"},{"floor":12,"key":"Milkshake"},{"floor":18,"key":"SneckoOil"},{"floor":20,"key":"FearPotion"},{"floor":22,"key":"Fire Potion"}],"is_trial":false,"path_per_floor":["M","M","M","$","PTL","PTL","M","E","M","R","T","M","R","M","?","E","R","B",null,"M","$","M","M","M"],"character_chosen":"THE_DEFAULT","items_purchased":["theMarked:ComboAttacks","Lantern","theMarked:EmpowerWeapon"],"campfire_rested":1,"item_purchase_floors":[4,21,21],"current_hp_per_floor":[67,59,59,59,59,59,45,16,2,2,2,2,23,19,19,19,19,15,56,42,42,25,11,0,0],"gold":159,"neow_bonus":"RANDOM_COMMON_RELIC","is_daily":false,"chose_seed":false,"campfire_upgraded":2,"win_rate":0.0,"timestamp":1608409589,"path_taken":["M","M","M","$","PTL","PTL","M","E","?","R","T","M","R","M","?","E","R","BOSS","M","$","?","M","M"],"items_purchased_type":["Card","Relic","Card"],"build_version":"2020-11-17","purchased_purges":2,"victory":false,"max_hp_per_floor":[70,70,70,70,70,70,70,70,70,70,70,70,70,70,70,70,70,70,70,70,70,70,70,70,70],"card_choices":[{"not_picked":["theMarked:Aftermath","theMarked:StartUp"],"picked":"theMarked:PowerFlow","floor":1.0},{"not_picked":["theMarked:Panic","theMarked:TwofoldDefense"],"picked":"theMarked:EnhancedHearing","floor":2.0},{"not_picked":["theMarked:HeritageOfTheMarked","theMarked:Indomitable"],"picked":"theMarked:Electrify","floor":3.0},{"not_picked":["theMarked:RepellingDischarge","theMarked:DeterminationOfTheMarked"],"picked":"theMarked:ParalyzingBlade","floor":7.0},{"not_picked":["theMarked:RogueSparks","theMarked:Snap"],"picked":"theMarked:SwordAndMagic","floor":8.0},{"not_picked":["theMarked:HeightenedSenses","theMarked:TunnelVision"],"picked":"theMarked:ResourceFulStrike","floor":9},{"not_picked":["theMarked:WastefulAttack","theMarked:SwordAndMagic","theMarked:BanishingStrike"],"picked":"SKIP","floor":12},{"not_picked":["theMarked:Convert","theMarked:HeritageOfTheMarked","theMarked:RepellingDischarge"],"picked":"SKIP","floor":14},{"not_picked":["theMarked:Convert","theMarked:DispelDoubt","theMarked:Electrify"],"picked":"SKIP","floor":16},{"not_picked":["theMarked:SummonStrength","theMarked:ThrowWeapon"],"picked":"theMarked:Challenge","floor":18},{"not_picked":["theMarked:Overthink+1","theMarked:MaelstromOfLightning","theMarked:Improvise"],"picked":"SKIP","floor":20},{"not_picked":["theMarked:SwordAndMagic","theMarked:Reabsorb+1","theMarked:Opportunist"],"picked":"SKIP","floor":22},{"not_picked":["theMarked:TwofoldDefense","theMarked:Convert"],"picked":"theMarked:Overcharge+1","floor":23}],"player_experience":43290,"relics_obtained":[{"floor":8.0,"key":"aspiration:Lifesprig"},{"floor":11,"key":"Toy Ornithopter"},{"floor":16,"key":"infinitespire:Satchel"}],"event_choices":[{"damage_healed":0,"gold_gain":0,"player_choice":"Upgraded","damage_taken":0,"max_hp_gain":0,"max_hp_loss":0,"event_name":"Upgrade Shrine","floor":15,"gold_loss":0,"cards_upgraded":["theMarked:SoldierOfQuellstein"]}],"is_beta":true,"boss_relics":[{"not_picked":["Replay:Bronze Core","hubris:Stopwatch"],"picked":"hubris:TerracottaHorce"}],"items_purged_floors":[4,21],"is_endless":false,"potions_floor_spawned":[7,9,12,18,20,22],"killed_by":"Snecko","ascension_level":0}}