{"host":"nnevpry6tnmpwasb","time":1608330666,"event":{"mods":["2.2 Compatiblity","AchievementEnabler","BaseMod","Beaked The Cultist","Colored Map","Downfall","Hermit","Highlight Path","Infinite Spire","Koishi","Minty Spire (QoL Compilation)","StSLib","The Alterego","The Necromancer"],"gold_per_floor":[99,99,24,52,2,2,2,2,27,27,40,140,150,176,202,307,307,232,261,261,279,38,38,38,38,54,89,108,108,108,108,125,223,223,148,163,179,179,198,198,198,38,38,66,66,66,66,120,140,140],"floor_reached":51,"playtime":4919,"items_purged":[],"score":844,"play_id":"e59543af-faa4-406d-a334-600e9566bb34","local_time":"20201218173106","is_ascension_mode":false,"campfire_choices":[{"floor":1,"key":"RECALL"},{"data":"hexamod:Float","floor":3,"key":"SMITH"},{"data":"hexamod:GhostOfSpirePast","floor":8,"key":"SMITH"},{"data":"hexamod:SoulSteal","floor":10,"key":"SMITH"},{"data":"hexamod:SearingWound","floor":18,"key":"SMITH"},{"floor":20,"key":"REST"},{"data":"hexamod:RainOfEmbers","floor":25,"key":"SMITH"},{"data":"infinitespire:Oblivion","floor":35,"key":"SMITH"},{"floor":40,"key":"REST"},{"floor":43,"key":"REST"}],"circlet_count":0,"master_deck":["hexamod:Strike+1","hexamod:Strike+1","hexamod:Strike+1","hexamod:Strike+1","hexamod:Defend+1","hexamod:Defend+1","hexamod:Defend+1","hexamod:Defend+1","hexamod:Sear+1","hexamod:Float+1","hexamod:GhostflameBarrier+1","hexamod:NightmareGuise+1","hexamod:GhostOfSpirePast+1","hexamod:SoulSteal+1","hexamod:Firestarter+1","hexamod:RecurringNightmare","hexamod:RainOfEmbers+1","hexamod:NightmareStrike","hexamod:CatchUp+1","hexamod:SixthSeal","hexamod:SearingWound+1","hexamod:EtherealExpedition+1","hexamod:StepThrough+1","hexamod:FirstSeal","hexamod:RecurringNightmare+1","hexamod:FastForward+1","hexamod:HexaLevel+1","hexamod:HeatMetal","infinitespire:Oblivion+1","hexamod:RainOfEmbers+1","hexamod:SearingWound+1","hexamod:CatchUp+1","hexamod:DynamicBlow+1","hexamod:SearingWound","hexamod:CatchUp+1","hexamod:ThermalTransfer","infinitespire:FutureSight","hexamod:SoulSteal"],"relics":["hexamod:SpiritBrand","downfall:HeartsMalice","downfall:HeartBlessingRed","FossilizedHelix","infinitespire:Joker Card","Kunai","hexamod:TheBrokenSeal","Black Star","downfall:HeartBlessingBlue","Blood Vial","TungstenRod","Chemical X","infinitespire:BottledMercury","PreservedInsect","Lizard Tail","SlaversCollar","downfall:HeartBlessingGreen","infinitespire:ShieldingShard","Oddly Smooth Stone","Pear","Juzu Bracelet","MealTicket"],"acts_visited":["Exordium","TheCity","TheBeyond"],"potions_floor_usage":[16,22,42,50],"damage_taken":[{"damage":0,"enemies":"Gremlin Nob","floor":4,"turns":1},{"damage":0,"enemies":"downfall:FleeingMerchant","floor":5,"turns":1},{"damage":0,"enemies":"Cultist","floor":6,"turns":1},{"damage":13,"enemies":"3 Sentries","floor":9,"turns":13},{"damage":0,"enemies":"Jaw Worm","floor":11,"turns":5},{"damage":0,"enemies":"Small Slimes","floor":13,"turns":4},{"damage":9,"enemies":"3 Louse","floor":14,"turns":5},{"damage":16,"enemies":"Large Slime","floor":15,"turns":11},{"damage":25,"enemies":"downfall:Watcher","floor":16,"turns":12},{"damage":45,"enemies":"Gremlin Leader","floor":19,"turns":5},{"damage":0,"enemies":"Shell Parasite","floor":21,"turns":3},{"damage":1,"enemies":"downfall:FleeingMerchant","floor":22,"turns":4},{"damage":0,"enemies":"Chosen","floor":26,"turns":3},{"damage":29,"enemies":"Book of Stabbing","floor":27,"turns":6},{"damage":0,"enemies":"Snecko","floor":28,"turns":3},{"damage":11,"enemies":"Centurion and Healer","floor":32,"turns":6},{"damage":33,"enemies":"downfall:Silent","floor":33,"turns":7},{"damage":0,"enemies":"3 Shapes","floor":36,"turns":4},{"damage":12,"enemies":"Orb Walker","floor":37,"turns":3},{"damage":38,"enemies":"Jaw Worm Horde","floor":39,"turns":4},{"damage":0,"enemies":"downfall:FleeingMerchant","floor":42,"turns":4},{"damage":15,"enemies":"Reptomancer","floor":44,"turns":5},{"damage":0,"enemies":"Sphere and 2 Shapes","floor":49,"turns":4},{"damage":0,"enemies":"downfall:Defect","floor":50,"turns":5}],"seed_played":"-1057416562965167543","potions_obtained":[{"floor":11,"key":"Energy Potion"},{"floor":15,"key":"Ancient Potion"},{"floor":16,"key":"SteroidPotion"},{"floor":21,"key":"Fire Potion"},{"floor":26,"key":"BlessingOfTheForge"},{"floor":28,"key":"Swift Potion"},{"floor":39,"key":"PowerPotion"},{"floor":49,"key":"ColorlessPotion"}],"is_trial":false,"path_per_floor":["R","T","R","E","$","M","T","R","E","R","M","?","M","M","M","B",null,"R","E","R","M","$","?","T","R","M","E","M","AVR","?","?","M","B",null,"R","M","M","?","M","R","T","$","R","E","?","?","?","T","M","B",null],"character_chosen":"THE_SPIRIT","items_purchased":["hexamod:NightmareGuise","Chemical X","hexamod:RecurringNightmare","Oddly Smooth Stone"],"campfire_rested":3,"item_purchase_floors":[5,22,22,42],"current_hp_per_floor":[70,70,70,70,70,70,70,70,57,57,57,57,64,62,60,61,80,90,45,72,74,75,75,75,75,84,64,73,73,73,73,71,47,90,90,90,78,78,42,69,69,78,90,92,85,61,61,61,77,86],"gold":140,"neow_bonus":"THREE_ENEMY_KILL","is_daily":false,"chose_seed":false,"campfire_upgraded":6,"win_rate":0.0,"timestamp":1608330666,"path_taken":["R","?","R","E","$","M","T","R","E","R","M","?","?","M","M","BOSS","R","E","R","M","$","?","T","R","M","E","M","AVR","?","?","M","BOSS","R","M","M","?","?","R","T","$","R","E","?","?","?","?","M","BOSS"],"items_purchased_type":["Card","Relic","Card","Relic"],"build_version":"2020-12-13","purchased_purges":0,"victory":true,"max_hp_per_floor":[70,70,70,70,70,70,70,70,70,70,70,70,70,70,70,80,80,90,90,90,90,90,90,90,90,90,90,90,90,90,90,90,90,90,90,90,90,90,90,90,90,90,90,100,100,100,100,100,100,100],"card_choices":[{"not_picked":["hexamod:GhostShield","hexamod:Incineration"],"picked":"hexamod:GhostflameBarrier","floor":4},{"not_picked":["hexamod:GhostLash","hexamod:SpectersWail"],"picked":"hexamod:FifthSeal","floor":5},{"not_picked":["hexamod:PhantomFireball","hexamod:SwordOfDarkness"],"picked":"hexamod:GhostOfSpirePast","floor":6},{"not_picked":["hexamod:FourthSeal","hexamod:SixthSeal"],"picked":"hexamod:FirstSeal","floor":9},{"not_picked":["hexamod:BurningTouch","hexamod:PhantomFireball"],"picked":"hexamod:SoulSteal","floor":9},{"not_picked":["hexamod:FirstSeal","hexamod:ThirdSeal"],"picked":"hexamod:SixthSeal","floor":11},{"not_picked":["hexamod:SwordOfDarkness","hexamod:ShieldOfDarkness"],"picked":"hexamod:Firestarter","floor":11},{"not_picked":["hexamod:SixthSeal","hexamod:FirstSeal"],"picked":"hexamod:SecondSeal","floor":13},{"not_picked":["hexamod:HeatShield","hexamod:SpectersWail"],"picked":"hexamod:RecurringNightmare","floor":13},{"not_picked":["hexamod:FourthSeal","hexamod:FirstSeal"],"picked":"hexamod:ThirdSeal","floor":14},{"not_picked":["hexamod:PhantomFireball","hexamod:ParanormalForm"],"picked":"hexamod:RainOfEmbers","floor":14},{"not_picked":["hexamod:SixthSeal","hexamod:FirstSeal"],"picked":"hexamod:FourthSeal","floor":15},{"not_picked":["hexamod:AdvancingGuard","hexamod:NightmareGuise"],"picked":"hexamod:NightmareStrike","floor":15},{"not_picked":["hexamod:Hexaguard","hexamod:Firestarter"],"picked":"hexamod:CatchUp","floor":15},{"not_picked":["hexamod:ThirdSeal","hexamod:FirstSeal"],"picked":"hexamod:SixthSeal","floor":16},{"not_picked":["hexamod:TimeWarp","hexamod:TurnItUp"],"picked":"hexamod:SearingWound","floor":16},{"not_picked":["hexamod:ThermalTransfer","hexamod:InspiringFlames"],"picked":"hexamod:EtherealExpedition","floor":19},{"not_picked":["hexamod:SkipABeat","hexamod:NightmareGuise"],"picked":"hexamod:StepThrough","floor":21},{"not_picked":["hexamod:StepThrough+1","hexamod:RetreatToShadows"],"picked":"hexamod:FirstSeal","floor":22},{"not_picked":["hexamod:GhostShield","hexamod:AdvancingGuard"],"picked":"hexamod:FastForward","floor":26},{"not_picked":["hexamod:EtherealExpedition","hexamod:StepThrough"],"picked":"hexamod:HexaLevel+1","floor":27},{"not_picked":["hexamod:ShieldOfDarkness","hexamod:SpectralAdrenaline"],"picked":"hexamod:HeatMetal","floor":28},{"not_picked":["hexamod:ThermalTransfer","hexamod:FourthSeal"],"picked":"hexamod:RainOfEmbers","floor":32},{"not_picked":["hexamod:ParanormalForm+1","hexamod:TimeWarp"],"picked":"hexamod:SearingWound","floor":33},{"not_picked":["hexamod:NightmareGuise","hexamod:SwordOfDarkness"],"picked":"hexamod:CatchUp+1","floor":36},{"not_picked":["hexamod:ThirdSeal","hexamod:GhostLash+1"],"picked":"hexamod:DynamicBlow","floor":37},{"not_picked":["hexamod:Hexaguard+1","hexamod:SpectersWail"],"picked":"hexamod:CatchUp+1","floor":39},{"not_picked":["hexamod:SpectralAdrenaline+1","hexamod:GhostOfSpirePresent+1","hexamod:GhostOfSpireFuture+1"],"picked":"SKIP","floor":42},{"not_picked":["hexamod:RetreatToShadows+1","hexamod:Rewind+1"],"picked":"hexamod:ThermalTransfer","floor":44},{"not_picked":["infinitespire:UltimateForm","infinitespire:DeathsTouch"],"picked":"infinitespire:FutureSight","floor":46},{"not_picked":["hexamod:ThermalTransfer+1","hexamod:RadiantFlame+1"],"picked":"hexamod:SoulSteal","floor":49}],"player_experience":81714,"relics_obtained":[{"floor":4,"key":"FossilizedHelix"},{"floor":7,"key":"infinitespire:Joker Card"},{"floor":9,"key":"Kunai"},{"floor":19,"key":"Blood Vial"},{"floor":19,"key":"TungstenRod"},{"floor":24,"key":"infinitespire:BottledMercury"},{"floor":27,"key":"Frozen Egg 2"},{"floor":27,"key":"PreservedInsect"},{"floor":41,"key":"infinitespire:ShieldingShard"},{"floor":44,"key":"Pear"},{"floor":44,"key":"Juzu Bracelet"},{"floor":48,"key":"MealTicket"}],"event_choices":[{"damage_healed":0,"gold_gain":100,"player_choice":"Gold","damage_taken":0,"max_hp_gain":0,"max_hp_loss":0,"event_name":"Wheel of Change","floor":12,"gold_loss":0},{"damage_healed":0,"gold_gain":0,"player_choice":"Simplicity","damage_taken":0,"max_hp_gain":0,"max_hp_loss":0,"event_name":"Back to Basics","floor":31,"gold_loss":0,"cards_upgraded":["hexamod:Strike","hexamod:Strike","hexamod:Defend","hexamod:Defend","hexamod:Defend","hexamod:Defend"]}],"is_beta":false,"boss_relics":[{"not_picked":["Velvet Choker","beaked:MawFillet"],"picked":"Black Star"},{"not_picked":["Coffee Dripper","infinitespire:Cupcake"],"picked":"SlaversCollar"}],"items_purged_floors":[],"is_endless":false,"potions_floor_spawned":[11,15,16,21,26,28,32,39,49],"ascension_level":0}}