{"host":"90zmhqhem9nbzoc6","time":1608370972,"event":{"mods":["AchievementEnabler","Aspiration","BaseMod","Better Note","Better Third Choice","BetterRewards","Colored Map","Colored Powertips","Conspire","Downfall","Energized Spire","Friendly Minions","GifTheSpireLib","Hermit","Hubris","Infinite Spire","Minty Spire (QoL Compilation)","Quick Restart","Replay The Spire","Spikes Relics","StSLib","Stuff the Spire","The Blue Laboratory","The Construct","The Jungle"],"gold_per_floor":[111,60,77,90,90,124,124,124,124,53,73,73,88,53,53,158,158,168,149,149,163,163,163],"floor_reached":22,"playtime":849,"items_purged":[],"score":186,"play_id":"190a044a-4da4-4065-a811-126706fe2b51","local_time":"20201219014252","is_ascension_mode":false,"campfire_choices":[{"floor":7,"key":"REST"},{"data":"hermit:Gambit","floor":12,"key":"SMITH"},{"floor":15,"key":"RECALL"}],"circlet_count":0,"master_deck":["hermit:Strike_Hermit","hermit:Strike_Hermit","hermit:Strike_Hermit","hermit:Strike_Hermit","hermit:Defend_Hermit","hermit:Defend_Hermit","hermit:Defend_Hermit+1","hermit:Defend_Hermit","hermit:Snapshot+1","hermit:Covet","hermit:Gestalt","hermit:Determination+1","hermit:Misfire","hermit:Spite","hermit:ShadowCloak+1","hermit:BodyArmor","hermit:Dive","StuffTheSpire:CuriosityCurse","hermit:Midnight","hermit:Gambit+1","hermit:Manifest","hermit:DeadOrAlive","hermit:ShadowCloak","hermit:CursedWeapon+1"],"relics":["hermit:Momento","Torii","Gambling Chip","Replay:Bronze Core"],"acts_visited":["Exordium","TheCity"],"potions_floor_usage":[6,13,16],"damage_taken":[{"damage":6,"enemies":"2 Louse","floor":1,"turns":3},{"damage":2,"enemies":"Jaw Worm","floor":3,"turns":3},{"damage":1,"enemies":"Cultist","floor":4,"turns":4},{"damage":8,"enemies":"Lagavulin","floor":6,"turns":8},{"damage":1,"enemies":"Looter","floor":11,"turns":2},{"damage":2,"enemies":"Blue Slaver","floor":13,"turns":3},{"damage":44,"enemies":"Fading Forest","floor":16,"turns":11},{"damage":13,"enemies":"Shell Parasite","floor":18,"turns":12},{"damage":12,"enemies":"2 Thieves","floor":19,"turns":5},{"damage":33,"enemies":"Chosen and Byrds","floor":21,"turns":9},{"damage":17,"enemies":"Snake Plant","floor":22,"turns":3}],"seed_played":"5179175352289613689","potions_obtained":[{"floor":3,"key":"ColorlessPotion"},{"floor":11,"key":"SteroidPotion"},{"floor":13,"key":"LifebloodPotion"}],"is_trial":false,"path_per_floor":["M","$","M","M","?","E","R","?","T","$","M","R","M","?","R","B",null,"M","M","$","M","M"],"character_chosen":"HERMIT","items_purchased":["hermit:Gestalt","hermit:Determination+1","hermit:Misfire","Torii","hermit:ShadowCloak+1","hermit:Midnight"],"campfire_rested":1,"item_purchase_floors":[0,0,0,0,2,10],"current_hp_per_floor":[69,69,67,66,51,43,65,65,65,65,64,64,62,75,75,31,75,62,50,50,17,0,0],"gold":163,"neow_bonus":"","is_daily":false,"chose_seed":false,"campfire_upgraded":1,"win_rate":0.0,"timestamp":1608370972,"path_taken":["M","$","M","M","?","E","R","?","T","?","M","R","M","?","R","BOSS","M","M","$","M","M"],"items_purchased_type":["Card","Card","Card","Relic","Card","Card"],"build_version":"2020-12-13","purchased_purges":0,"victory":false,"max_hp_per_floor":[75,75,75,75,75,75,75,75,75,75,75,75,75,75,75,75,75,75,75,75,75,75,75],"card_choices":[{"not_picked":["hermit:Misfire","hermit:Quickdraw"],"picked":"hermit:Spite","floor":1},{"not_picked":["hermit:CalledShot","hermit:WideOpen"],"picked":"hermit:BodyArmor","floor":3},{"not_picked":["hermit:Ricochet","hermit:HighCaliber","hermit:Coalescence"],"picked":"SKIP","floor":4},{"not_picked":["hermit:Roulette","hermit:LoneWolf"],"picked":"hermit:Dive","floor":6},{"not_picked":["hermit:GoldenBullet","hermit:Roulette"],"picked":"hermit:Gambit","floor":11},{"not_picked":["hermit:LowProfile","hermit:Enervate"],"picked":"hermit:Manifest","floor":13},{"not_picked":["hermit:Magnum","hermit:HighNoon"],"picked":"hermit:DeadOrAlive","floor":16},{"not_picked":["hermit:WideOpen+1","hermit:Vantage"],"picked":"hermit:ShadowCloak","floor":18},{"not_picked":["hermit:Snipe","hermit:Cheat","hermit:WideOpen"],"picked":"SKIP","floor":19},{"not_picked":["hermit:Virtue","hermit:TrackingShot"],"picked":"hermit:CursedWeapon+1","floor":21}],"player_experience":219193,"relics_obtained":[],"event_choices":[{"damage_healed":66,"gold_gain":0,"player_choice":"Upgrade","damage_taken":15,"max_hp_gain":0,"max_hp_loss":75,"event_name":"betterThird:BetterShining","floor":5,"gold_loss":0,"cards_upgraded":["hermit:Defend_Hermit","hermit:Snapshot"]},{"damage_healed":18,"gold_gain":0,"player_choice":"Healed","damage_taken":0,"max_hp_gain":0,"max_hp_loss":0,"event_name":"The Cleric","floor":14,"gold_loss":35}],"is_beta":false,"boss_relics":[{"not_picked":["energizedSpire:DeadBattery","energizedSpire:OgreHead"],"picked":"Replay:Bronze Core"}],"items_purged_floors":[],"is_endless":false,"potions_floor_spawned":[3,11,13],"killed_by":"Snake Plant","ascension_level":0}}