{"host":"xrdu44lqyrrw1kvr","time":1608336529,"event":{"mods":["Aspiration","BaseMod","Colored Powertips","Minty Spire (QoL Compilation)","Relic Stats","Replay The Spire","StSLib","The Hayseed"],"gold_per_floor":[117,2,2,2,18,53,53,82,129,160,160,160,176,176,176,276,276,293,267,286,286,298,325,341,368,422,422,447,447,78,89,89,185,185,197,12,28,28,28,60,73,99,99,99,99,134,13,33,33,62,62,62,62,62,22,53,53],"floor_reached":58,"playtime":5481,"items_purged":["TheSimpletonMod:Strike_TheSimpleton"],"score":1829,"play_id":"3a4c6e7b-ca62-4cea-a7a6-4a82cbf687ec","local_time":"20201219030849","is_ascension_mode":true,"campfire_choices":[{"data":"TheSimpletonMod:VineRipen","floor":7,"key":"SMITH"},{"data":"TheSimpletonMod:SoilSample","floor":11,"key":"SMITH"},{"floor":15,"key":"REST"},{"floor":27,"key":"REST"},{"floor":29,"key":"REST"},{"floor":32,"key":"RECALL"},{"data":"TheSimpletonMod:GoToMarket","floor":51,"key":"SMITH"},{"data":"TheSimpletonMod:GoToMarket","floor":54,"key":"SMITH"}],"circlet_count":0,"master_deck":["TheSimpletonMod:Strike_TheSimpleton","TheSimpletonMod:Strike_TheSimpleton","TheSimpletonMod:Defend_TheSimpleton","TheSimpletonMod:Defend_TheSimpleton","TheSimpletonMod:Defend_TheSimpleton","TheSimpletonMod:Defend_TheSimpleton","TheSimpletonMod:Haymaker","TheSimpletonMod:ReapAndSow","TheSimpletonMod:Sunseed","TheSimpletonMod:Artichokes+1","TheSimpletonMod:Polyculture","TheSimpletonMod:SoilSample+1","TheSimpletonMod:VineRipen+1","TheSimpletonMod:SpiceUp","TheSimpletonMod:Squash","TheSimpletonMod:VineRipen+1","TheSimpletonMod:CropDiversity","TheSimpletonMod:Rototilling","TheSimpletonMod:Squash","TheSimpletonMod:Artichokes+1","TheSimpletonMod:KeenEdge+1","TheSimpletonMod:SoilSample","TheSimpletonMod:Fecundity+1","TheSimpletonMod:Squash","TheSimpletonMod:GoToMarket+1","TheSimpletonMod:Germinate","TheSimpletonMod:CropDiversity","TheSimpletonMod:GoToMarket+1","TheSimpletonMod:Ferment+1","TheSimpletonMod:SoilSample+1","TheSimpletonMod:Sunseed+1"],"relics":["TheSimpletonMod:SpudOfTheInnocent","TheSimpletonMod:NightSoil","TheSimpletonMod:TheHarvester","aspiration:Nostalgia","Ring of the Snake","Strawberry","ReplayTheSpireMod:TigerMarble","Toy Ornithopter","PreservedInsect","Painkiller Herb","Bronze Scales","The Courier","Gremlin Food","Blue Doll","Membership Card","Boot","Simple Rune","SlaversCollar","aspiration:Lifesprig","Mango","TheSimpletonMod:Moonshine","Replay:Bottled Flurry","Counterbalance","TheAbacus","Anchor","Blood Vial"],"acts_visited":["Exordium","TheCity","TheBeyond","TheEnding"],"potions_floor_usage":[8,10,16,20,25,31,33,33,33,35,35,42,42,48,57,57,57],"damage_taken":[{"damage":7,"enemies":"Jaw Worm","floor":1,"turns":6},{"damage":0,"enemies":"2 Louse","floor":5,"turns":1},{"damage":8,"enemies":"Replay:BlueRogue","floor":6,"turns":7},{"damage":17,"enemies":"Lagavulin","floor":8,"turns":6},{"damage":28,"enemies":"3 Sentries","floor":10,"turns":13},{"damage":0,"enemies":"Cultist","floor":13,"turns":2},{"damage":22,"enemies":"Slime Boss","floor":16,"turns":12},{"damage":14,"enemies":"Chosen","floor":18,"turns":6},{"damage":17,"enemies":"2 Thieves","floor":19,"turns":5},{"damage":0,"enemies":"Shelled Parasite and Fungi","floor":20,"turns":8},{"damage":0,"enemies":"Snake Plant","floor":22,"turns":7},{"damage":7,"enemies":"Gremlin Leader","floor":23,"turns":9},{"damage":0,"enemies":"Centurion and Healer","floor":24,"turns":5},{"damage":22,"enemies":"Slavers","floor":25,"turns":6},{"damage":26,"enemies":"Book of Stabbing","floor":28,"turns":4},{"damage":0,"enemies":"Shelled Parasite and Fungi","floor":31,"turns":4},{"damage":44,"enemies":"Automaton","floor":33,"turns":14},{"damage":0,"enemies":"3 Darklings","floor":35,"turns":5},{"damage":15,"enemies":"Orb Walker","floor":37,"turns":5},{"damage":18,"enemies":"R_Hoarder","floor":40,"turns":8},{"damage":70,"enemies":"Writhing Mass","floor":41,"turns":8},{"damage":0,"enemies":"Nemesis","floor":42,"turns":5},{"damage":22,"enemies":"Giant Head","floor":46,"turns":9},{"damage":4,"enemies":"3 Darklings","floor":48,"turns":8},{"damage":0,"enemies":"R_Hoarder","floor":50,"turns":10},{"damage":0,"enemies":"Donu and Deca","floor":52,"turns":16},{"damage":0,"enemies":"Shield and Spear","floor":56,"turns":8},{"damage":43,"enemies":"The Heart","floor":57,"turns":11}],"seed_played":"-6383446507279956670","potions_obtained":[{"floor":1,"key":"PowerPotion"},{"floor":5,"key":"Doom Potion"},{"floor":6,"key":"Elixir"},{"floor":13,"key":"BlessingOfTheForge"},{"floor":19,"key":"FearPotion"},{"floor":22,"key":"SmokeBomb"},{"floor":23,"key":"Block Potion"},{"floor":33,"key":"SkillPotion"},{"floor":40,"key":"SpeedPotion"},{"floor":46,"key":"Cursed Concoction"},{"floor":50,"key":"BlessingOfTheForge"}],"is_trial":false,"path_per_floor":["M","$","?","?","M","E","R","E","T","E","R","?","M","?","R","B",null,"?","?","?","?","?","E","?","E","T","T","E","T","T","?","T","B",null,"?","T","?","?","?","E","?","E","PTL","PTL","T","E","T","?","?","E","T","B",null,"T","T","E","B",null],"character_chosen":"THE_SIMPLETON","items_purchased":["TheSimpletonMod:Artichokes","TheSimpletonMod:Polyculture","Membership Card","TheSimpletonMod:GoToMarket","Boot","Simple Rune","EntropicBrew","BlessingOfTheForge","aspiration:Lifesprig","Mango","TheSimpletonMod:GoToMarket","TheAbacus","Anchor","PowerPotion","Swift Potion"],"campfire_rested":3,"item_purchase_floors":[2,2,30,30,30,30,30,30,36,36,36,47,47,55,55],"current_hp_per_floor":[65,65,73,73,75,75,75,62,62,43,43,43,49,33,57,44,73,63,50,59,53,57,54,58,45,45,69,47,71,71,80,80,55,75,82,96,81,81,81,73,7,27,27,27,27,9,9,14,80,80,80,80,80,80,80,80,37],"gold":53,"neow_bonus":"NOSTALGIA","is_daily":false,"chose_seed":false,"campfire_upgraded":4,"win_rate":0.0,"timestamp":1608336529,"path_taken":["M","$","?","?","?","E","R","E","T","E","R","?","M","?","R","BOSS","?","?","?","?","?","E","?","E","T","T","E","T","?","?","T","BOSS","?","T","?","?","?","E","?","E","PTL","PTL","T","E","T","?","?","E","T","BOSS","T","T","E","BOSS"],"items_purchased_type":["Card","Card","Relic","Card","Relic","Relic","Potion","Potion","Relic","Relic","Card","Relic","Relic","Potion","Potion"],"build_version":"2020-12-13","purchased_purges":1,"victory":true,"max_hp_per_floor":[75,75,75,75,75,82,82,82,82,82,82,82,82,82,82,82,82,82,82,82,82,82,82,82,82,82,82,82,82,82,82,82,82,82,82,96,96,96,91,91,91,91,91,91,91,91,91,91,80,80,80,80,80,80,80,80,80],"relic_stats":{"Blood Vial":0,"TheAbacus":[414],"counters":[28,207],"Bronze Scales":[598],"PreservedInsect":515,"Boot":[95],"obtain_stats":[{"aspiration:Lifesprig":36,"Painkiller Herb":17,"Blue Doll":28,"Mango":36,"Boot":30,"TheSimpletonMod:TheHarvester":0,"Blood Vial":56,"TheAbacus":47,"Strawberry":6,"TheSimpletonMod:SpudOfTheInnocent":0,"Replay:Bottled Flurry":42,"TheSimpletonMod:NightSoil":0,"TheSimpletonMod:Moonshine":40,"Ring of the Snake":0,"Gremlin Food":26,"aspiration:Nostalgia":0,"Counterbalance":46,"PreservedInsect":10,"The Courier":25,"SlaversCollar":34,"Anchor":47,"Bronze Scales":23,"Simple Rune":30,"ReplayTheSpireMod:TigerMarble":8,"Membership Card":30,"Toy Ornithopter":9},{"aspiration:Lifesprig":18,"Painkiller Herb":7,"Blue Doll":15,"Mango":18,"Boot":15,"TheSimpletonMod:TheHarvester":0,"Blood Vial":27,"TheAbacus":23,"Strawberry":3,"TheSimpletonMod:SpudOfTheInnocent":0,"Replay:Bottled Flurry":22,"TheSimpletonMod:NightSoil":0,"TheSimpletonMod:Moonshine":20,"Ring of the Snake":0,"Gremlin Food":14,"aspiration:Nostalgia":0,"Counterbalance":23,"PreservedInsect":5,"The Courier":14,"SlaversCollar":17,"Anchor":23,"Bronze Scales":12,"Simple Rune":15,"ReplayTheSpireMod:TigerMarble":4,"Membership Card":15,"Toy Ornithopter":4},{"aspiration:Lifesprig":120,"Painkiller Herb":47,"Blue Doll":97,"Mango":120,"Boot":97,"TheSimpletonMod:TheHarvester":0,"Blood Vial":196,"TheAbacus":154,"Strawberry":14,"TheSimpletonMod:SpudOfTheInnocent":0,"Replay:Bottled Flurry":145,"TheSimpletonMod:NightSoil":0,"TheSimpletonMod:Moonshine":132,"Ring of the Snake":0,"Gremlin Food":93,"aspiration:Nostalgia":0,"Counterbalance":154,"PreservedInsect":33,"The Courier":93,"SlaversCollar":115,"Anchor":154,"Bronze Scales":82,"Simple Rune":97,"ReplayTheSpireMod:TigerMarble":20,"Membership Card":97,"Toy Ornithopter":20}],"Toy Ornithopter":62,"Ring of the Snake":[58]},"card_choices":[{"not_picked":["TheSimpletonMod:SaladShooter","TheSimpletonMod:SlashAndBurn"],"picked":"TheSimpletonMod:Sunseed","floor":1},{"not_picked":["TheSimpletonMod:Pruning","TheSimpletonMod:Rototilling"],"picked":"TheSimpletonMod:SoilSample","floor":5},{"not_picked":["TheSimpletonMod:SaltTheEarth","TheSimpletonMod:Sunseed"],"picked":"TheSimpletonMod:VineRipen","floor":6},{"not_picked":["TheSimpletonMod:BumperCrop","TheSimpletonMod:CullingStrike"],"picked":"TheSimpletonMod:SpiceUp","floor":8},{"not_picked":["TheSimpletonMod:Aerate","TheSimpletonMod:PestManagement"],"picked":"TheSimpletonMod:Squash","floor":10},{"not_picked":["TheSimpletonMod:Fertilaser","TheSimpletonMod:DoubleBarrel"],"picked":"TheSimpletonMod:VineRipen","floor":13},{"not_picked":["TheSimpletonMod:DoubleDigging","TheSimpletonMod:CrackOfDawn"],"picked":"TheSimpletonMod:CropDiversity","floor":16},{"not_picked":["TheSimpletonMod:StockTheCellar","TheSimpletonMod:ControlledBurn"],"picked":"TheSimpletonMod:Rototilling","floor":18},{"not_picked":["TheSimpletonMod:Sunseed+1","TheSimpletonMod:OnionBloom"],"picked":"TheSimpletonMod:Squash","floor":19},{"not_picked":["TheSimpletonMod:CloseScrape","TheSimpletonMod:CullingStrike"],"picked":"TheSimpletonMod:Artichokes","floor":20},{"not_picked":["TheSimpletonMod:Pruning+1","TheSimpletonMod:StockTheCellar+1","TheSimpletonMod:DoubleBarrel"],"picked":"SKIP","floor":22},{"not_picked":["TheSimpletonMod:Fertilaser","TheSimpletonMod:Polyculture+1"],"picked":"TheSimpletonMod:KeenEdge+1","floor":23},{"not_picked":["TheSimpletonMod:SpiceUp","TheSimpletonMod:Artichokes"],"picked":"TheSimpletonMod:SoilSample","floor":24},{"not_picked":["TheSimpletonMod:Fertilaser","TheSimpletonMod:BirdFeeder"],"picked":"TheSimpletonMod:Fecundity","floor":25},{"not_picked":["TheSimpletonMod:CullingStrike","TheSimpletonMod:KeenEdge"],"picked":"TheSimpletonMod:Squash","floor":28},{"not_picked":["TheSimpletonMod:SlashAndBurn","TheSimpletonMod:SpiceUp"],"picked":"TheSimpletonMod:Germinate","floor":31},{"not_picked":["TheSimpletonMod:Surplus","TheSimpletonMod:SaltTheEarth"],"picked":"TheSimpletonMod:CropDiversity","floor":33},{"not_picked":["TheSimpletonMod:PestManagement","TheSimpletonMod:CloseScrape+1","TheSimpletonMod:Rake"],"picked":"SKIP","floor":35},{"not_picked":["TheSimpletonMod:Aerate+1","TheSimpletonMod:ControlledBurn","TheSimpletonMod:GoToMarket"],"picked":"SKIP","floor":37},{"not_picked":["TheSimpletonMod:SlashAndBurn","TheSimpletonMod:SeedCoat+1","TheSimpletonMod:BumperCrop+1"],"picked":"SKIP","floor":40},{"not_picked":["TheSimpletonMod:BumperCrop+1","TheSimpletonMod:KeenEdge"],"picked":"TheSimpletonMod:Ferment+1","floor":41},{"not_picked":["TheSimpletonMod:Ferment","TheSimpletonMod:Pruning","TheSimpletonMod:SaladShooter"],"picked":"SKIP","floor":42},{"not_picked":["TheSimpletonMod:CrackOfDawn","TheSimpletonMod:CropRotation"],"picked":"TheSimpletonMod:SoilSample+1","floor":46},{"not_picked":["TheSimpletonMod:DoubleBarrel","TheSimpletonMod:SlashAndBurn+1","TheSimpletonMod:ControlledBurn+1"],"picked":"SKIP","floor":48},{"not_picked":["TheSimpletonMod:ToughenUp","TheSimpletonMod:StockTheCellar","TheSimpletonMod:Artichokes"],"picked":"SKIP","floor":50},{"not_picked":["TheSimpletonMod:FanTheFlames","TheSimpletonMod:Sunchoke+1"],"picked":"TheSimpletonMod:Sunseed+1","floor":56}],"player_experience":2003092,"relics_obtained":[{"floor":6,"key":"Strawberry"},{"floor":8,"key":"ReplayTheSpireMod:TigerMarble"},{"floor":9,"key":"Toy Ornithopter"},{"floor":10,"key":"PreservedInsect"},{"floor":23,"key":"Bronze Scales"},{"floor":25,"key":"The Courier"},{"floor":26,"key":"Gremlin Food"},{"floor":28,"key":"Blue Doll"},{"floor":40,"key":"TheSimpletonMod:Moonshine"},{"floor":42,"key":"Replay:Bottled Flurry"},{"floor":46,"key":"Counterbalance"},{"floor":56,"key":"Blood Vial"}],"event_choices":[{"damage_healed":0,"gold_gain":0,"player_choice":"Upgraded","damage_taken":0,"max_hp_gain":0,"max_hp_loss":0,"event_name":"Upgrade Shrine","floor":4,"gold_loss":0,"cards_upgraded":["TheSimpletonMod:Artichokes"]},{"cards_removed":["TheSimpletonMod:Strike_TheSimpleton"],"damage_healed":0,"gold_gain":0,"player_choice":"Forget","damage_taken":0,"max_hp_gain":0,"max_hp_loss":0,"event_name":"Living Wall","floor":12,"gold_loss":0},{"damage_healed":0,"gold_gain":0,"player_choice":"Entered Light","damage_taken":16,"max_hp_gain":0,"max_hp_loss":0,"event_name":"Shining Light","floor":14,"gold_loss":0,"cards_upgraded":["TheSimpletonMod:VineRipen","TheSimpletonMod:Strike_TheSimpleton"]},{"damage_healed":0,"gold_gain":0,"player_choice":"","damage_taken":6,"max_hp_gain":0,"max_hp_loss":0,"event_name":"Knowing Skull","floor":21,"potions_obtained":[],"gold_loss":0,"cards_obtained":[]},{"damage_healed":0,"gold_gain":0,"player_choice":"Memory 1","damage_taken":0,"max_hp_gain":0,"max_hp_loss":0,"event_name":"SensoryStone","floor":38,"gold_loss":0},{"damage_healed":0,"gold_gain":0,"player_choice":"Max HP","damage_taken":0,"max_hp_gain":0,"max_hp_loss":5,"event_name":"Winding Halls","floor":39,"gold_loss":0},{"damage_healed":80,"gold_gain":0,"player_choice":"Heal","damage_taken":0,"max_hp_gain":0,"max_hp_loss":11,"event_name":"The Moai Head","floor":49,"gold_loss":0}],"is_beta":false,"boss_relics":[{"not_picked":["Runic Pyramid","aspiration:WatcherSkillbook"],"picked":"Painkiller Herb"},{"not_picked":["Runic Dome","Philosopher\u0027s Stone"],"picked":"SlaversCollar"}],"items_purged_floors":[30],"is_endless":false,"potions_floor_spawned":[1,5,6,13,19,22,23,33,40,46,50],"ascension_level":6}}