{"host":"i3w38rq1z4slkels","time":1608390290,"event":{"mods":["2.2 Compatiblity","Act Like it!","BaseMod","Better Match","Better Vampires","BetterRewards","Conspire","Downfall","Minty Spire (QoL Compilation)","Rare Cards Sparkle","Replay The Spire","StSLib"],"gold_per_floor":[99,99,99,123,149,299,299,149,149,149,149,59,75,93,104,199,199,199,219,234,251,269,269,269],"floor_reached":23,"playtime":1135,"items_purged":["Slimebound:Icky"],"score":235,"play_id":"3ae86a9e-f34e-4fb7-99f6-b2128ec0f06d","local_time":"20201219220450","is_ascension_mode":true,"campfire_choices":[{"floor":1,"key":"RECALL"},{"data":"hexamod:BurningTouch","floor":8,"key":"SMITH"},{"data":"hexamod:Sear","floor":10,"key":"SMITH"},{"data":"hexamod:TimeOfNeed","floor":18,"key":"SMITH"}],"circlet_count":0,"master_deck":["hexamod:Strike","hexamod:Strike+1","hexamod:Strike+1","hexamod:Defend","hexamod:Defend+1","hexamod:Defend+1","hexamod:Defend+1","hexamod:Sear+1","hexamod:Float","hexamod:ParanormalForm+1","hexamod:BurningTouch+1","hexamod:SixthSeal","hexamod:ExtraCrispy","hexamod:FlamesFromBeyond","hexamod:BurningTouch","hexamod:TimeOfNeed+1"],"relics":["hexamod:SpiritBrand","downfall:HeartsMalice","Garlic","conspire:Flyswatter","downfall:HeartBlessingRed","downfall:HeartBlessingBlue","Philosopher\u0027s Stone"],"acts_visited":["Exordium","TheCity"],"potions_floor_usage":[13,14,19,23,23],"damage_taken":[{"damage":0,"enemies":"2 Louse","floor":3,"turns":1},{"damage":0,"enemies":"3 Sentries","floor":5,"turns":1},{"damage":0,"enemies":"Cultist","floor":11,"turns":1},{"damage":0,"enemies":"downfall:FleeingMerchant","floor":12,"turns":4},{"damage":9,"enemies":"Jaw Worm","floor":13,"turns":3},{"damage":3,"enemies":"3 Louse","floor":14,"turns":5},{"damage":19,"enemies":"Exordium Wildlife","floor":15,"turns":4},{"damage":45,"enemies":"downfall:Silent","floor":16,"turns":9},{"damage":7,"enemies":"Spheric Guardian","floor":19,"turns":4},{"damage":3,"enemies":"3 Byrds","floor":20,"turns":4},{"damage":20,"enemies":"Shelled Parasite and Fungi","floor":21,"turns":5},{"damage":43,"enemies":"Sentry and Sphere","floor":22,"turns":7},{"damage":7,"enemies":"downfall:Watcher","floor":23,"turns":5}],"seed_played":"-4162362248376962722","potions_obtained":[{"floor":5,"key":"SneckoOil"},{"floor":13,"key":"Swift Potion"},{"floor":16,"key":"DistilledChaos"},{"floor":21,"key":"GamblersBrew"},{"floor":22,"key":"EssenceOfSteel"}],"is_trial":false,"path_per_floor":["R","?","M","T","E","?","T","R","?","R","M","$","M","M","M","B",null,"R","M","M","M","M","?"],"character_chosen":"THE_SPIRIT","items_purchased":[],"campfire_rested":0,"item_purchase_floors":[],"current_hp_per_floor":[70,70,70,70,70,70,70,80,80,80,80,80,71,68,49,4,80,80,73,70,50,7,0,0],"gold":269,"neow_bonus":"THREE_ENEMY_KILL","is_daily":false,"chose_seed":false,"campfire_upgraded":3,"win_rate":0.0,"timestamp":1608390290,"path_taken":["R","?","?","?","E","?","T","R","?","R","M","$","M","?","M","BOSS","R","M","M","M","M","?"],"items_purchased_type":[],"build_version":"2020-12-13","purchased_purges":1,"victory":false,"max_hp_per_floor":[70,70,70,70,70,70,70,80,80,80,80,80,80,80,80,80,80,80,80,80,80,80,80,80],"card_choices":[{"not_picked":["hexamod:GhostOfSpireFuture","hexamod:ShieldOfDarkness"],"picked":"hexamod:BurningTouch","floor":3},{"not_picked":["hexamod:BurningTouch","hexamod:SpectersWail","hexamod:Hexaguard"],"picked":"SKIP","floor":5},{"not_picked":["hexamod:FastForward","hexamod:ShieldOfDarkness","hexamod:AdvancingGuard"],"picked":"SKIP","floor":11},{"not_picked":["hexamod:HeatMetal","hexamod:BurningTouch"],"picked":"hexamod:SixthSeal","floor":12},{"not_picked":["hexamod:SwordOfDarkness","hexamod:Hexaguard"],"picked":"hexamod:ExtraCrispy","floor":13},{"not_picked":["hexamod:ShieldOfDarkness","hexamod:HeatCrush"],"picked":"hexamod:FlamesFromBeyond","floor":14},{"not_picked":["hexamod:PhantomFireball","hexamod:StepThrough"],"picked":"hexamod:BurningTouch","floor":15},{"not_picked":["hexamod:UnlimitedPower","hexamod:WildfireWeapon"],"picked":"hexamod:TimeOfNeed","floor":16},{"not_picked":["hexamod:FastForward+1","hexamod:Hexaguard","hexamod:GhostLash"],"picked":"SKIP","floor":19},{"not_picked":["hexamod:InspiringFlames","hexamod:NecessarySacrifice+1","hexamod:GhostShield"],"picked":"SKIP","floor":20},{"not_picked":["hexamod:RainOfEmbers","hexamod:SpectralAdrenaline+1","hexamod:SkipABeat"],"picked":"SKIP","floor":21},{"not_picked":["hexamod:PowerFromBeyond","hexamod:EtherealExpedition","hexamod:HauntingEcho+1"],"picked":"SKIP","floor":22}],"player_experience":441582,"relics_obtained":[{"floor":5,"key":"Garlic"},{"floor":7,"key":"conspire:Flyswatter"}],"event_choices":[{"damage_healed":0,"gold_gain":0,"cards_transformed":["hexamod:Strike"],"player_choice":"Transformed","damage_taken":0,"max_hp_gain":0,"max_hp_loss":0,"event_name":"Transmorgrifier","floor":2,"gold_loss":0,"cards_obtained":["hexamod:ParanormalForm"]}],"is_beta":false,"boss_relics":[{"not_picked":["conspire:SlowCooker","Honey Jar"],"picked":"Philosopher\u0027s Stone"}],"items_purged_floors":[12],"is_endless":false,"potions_floor_spawned":[5,13,16,21,22],"killed_by":"downfall:Watcher","ascension_level":2}}