{"host":"26je6g5b6jsd0prz","time":1608376294,"event":{"mods":["AchievementEnabler","BaseMod","Colored Map","Minty Spire (QoL Compilation)"],"gold_per_floor":[118,118,182,21,21,21,57,82,105,123,27,52,71,92,92,220,220,234,159,184,184,207,207,207],"floor_reached":23,"playtime":984,"items_purged":[],"score":268,"play_id":"d215eafa-634a-434e-894c-b649f5256fa1","local_time":"20201219201134","is_ascension_mode":false,"campfire_choices":[{"data":"Static Discharge","floor":6,"key":"SMITH"},{"data":"White Noise","floor":15,"key":"SMITH"}],"circlet_count":0,"master_deck":["Strike_B","Strike_B","Strike_B","Defend_B","Defend_B","Defend_B","Zap","Dualcast","Streamline","Skim","Static Discharge+1","FTL","Steam","All For One","White Noise+1","Loop","Conserve Battery","Storm","Streamline","Force Field","Redo","Multi-Cast","Cold Snap+1","Chaos","Sunder","Double Energy"],"relics":["Cracked Core","NeowsBlessing","Golden Idol","Bronze Scales","Lantern","Black Star"],"acts_visited":["Exordium","TheCity"],"potions_floor_usage":[10,16,16,23,23],"damage_taken":[{"damage":0,"enemies":"2 Louse","floor":1,"turns":1},{"damage":0,"enemies":"Lagavulin","floor":7,"turns":1},{"damage":0,"enemies":"Small Slimes","floor":8,"turns":1},{"damage":5,"enemies":"Jaw Worm","floor":10,"turns":3},{"damage":0,"enemies":"Red Slaver","floor":12,"turns":3},{"damage":8,"enemies":"Exordium Thugs","floor":13,"turns":3},{"damage":0,"enemies":"Large Slime","floor":14,"turns":4},{"damage":0,"enemies":"Slime Boss","floor":16,"turns":6},{"damage":17,"enemies":"Spheric Guardian","floor":18,"turns":4},{"damage":29,"enemies":"2 Thieves","floor":20,"turns":2},{"damage":8,"enemies":"Sentry and Sphere","floor":22,"turns":5},{"damage":26,"enemies":"Slavers","floor":23,"turns":2}],"seed_played":"-2554323565758716435","potions_obtained":[{"floor":7,"key":"AttackPotion"},{"floor":10,"key":"Fruit Juice"},{"floor":14,"key":"FearPotion"},{"floor":16,"key":"BlessingOfTheForge"},{"floor":22,"key":"Dexterity Potion"}],"is_trial":false,"path_per_floor":["M","?","?","$","?","R","E","M","T","M","$","M","M","M","R","B",null,"M","?","M","?","M","E"],"character_chosen":"DEFECT","items_purchased":["Static Discharge","FTL","Steam","Conserve Battery","Storm"],"campfire_rested":0,"item_purchase_floors":[4,4,4,11,11],"current_hp_per_floor":[75,75,75,75,75,75,75,75,75,75,75,75,67,67,67,67,80,63,63,34,34,26,0,0],"gold":207,"neow_bonus":"THREE_ENEMY_KILL","is_daily":false,"chose_seed":false,"campfire_upgraded":2,"win_rate":0.0,"timestamp":1608376294,"path_taken":["M","?","?","$","?","R","E","M","T","M","?","M","?","M","R","BOSS","M","?","M","?","M","E"],"items_purchased_type":["Card","Card","Card","Card","Card"],"build_version":"2020-12-13","purchased_purges":0,"victory":false,"max_hp_per_floor":[75,75,75,75,75,75,75,75,75,80,80,80,80,80,80,80,80,80,80,80,80,80,80,80],"card_choices":[{"not_picked":["Rebound","Capacitor"],"picked":"Streamline","floor":1},{"not_picked":["Blizzard","Recycle"],"picked":"All For One","floor":7},{"not_picked":["Ball Lightning","Rip and Tear"],"picked":"White Noise","floor":8},{"not_picked":["Conserve Battery","Chaos"],"picked":"Loop","floor":10},{"not_picked":["Rebound","Reprogram"],"picked":"Streamline","floor":12},{"not_picked":["Barrage","Stack"],"picked":"Force Field","floor":13},{"not_picked":["Hologram","Streamline"],"picked":"Redo","floor":14},{"not_picked":["Fission","Core Surge"],"picked":"Multi-Cast","floor":16},{"not_picked":["Rebound","Compile Driver"],"picked":"Cold Snap+1","floor":18},{"not_picked":["Aggregate","Compile Driver"],"picked":"Chaos","floor":20},{"not_picked":["Hologram","Thunder Strike"],"picked":"Double Energy","floor":22}],"player_experience":160432,"relics_obtained":[{"floor":7,"key":"Bronze Scales"},{"floor":9,"key":"Lantern"}],"event_choices":[{"damage_healed":0,"gold_gain":0,"cards_transformed":["Strike_B"],"player_choice":"Change","damage_taken":0,"max_hp_gain":0,"max_hp_loss":0,"event_name":"Living Wall","floor":2,"gold_loss":0,"cards_obtained":["Skim"]},{"damage_healed":0,"gold_gain":64,"player_choice":"Gained Gold","damage_taken":0,"max_hp_gain":0,"max_hp_loss":0,"event_name":"Golden Wing","floor":3,"gold_loss":0},{"damage_healed":0,"gold_gain":0,"player_choice":"Take Wound","damage_taken":0,"relics_obtained":["Golden Idol"],"max_hp_gain":0,"max_hp_loss":0,"event_name":"Golden Idol","floor":5,"gold_loss":0,"cards_obtained":["Injury"]},{"cards_removed":["Injury"],"damage_healed":0,"gold_gain":0,"player_choice":"Gave Gold","damage_taken":0,"max_hp_gain":0,"max_hp_loss":0,"event_name":"Beggar","floor":19,"gold_loss":75},{"damage_healed":0,"gold_gain":0,"cards_transformed":["Defend_B"],"player_choice":"Transformed","damage_taken":0,"max_hp_gain":0,"max_hp_loss":0,"event_name":"Transmorgrifier","floor":21,"gold_loss":0,"cards_obtained":["Sunder"]}],"is_beta":false,"boss_relics":[{"not_picked":["Runic Dome","Empty Cage"],"picked":"Black Star"}],"items_purged_floors":[],"is_endless":false,"potions_floor_spawned":[7,10,14,16,22],"killed_by":"Slavers","ascension_level":0}}