{"host":"r6jigiblrojhp6xe","time":1608359138,"event":{"mods":["AchievementEnabler","BaseMod","DeckTracker","Minty Spire (QoL Compilation)","Quick Restart","Rare Cards Sparkle","Relic Stats","StSLib","SuperFastMode","The Cursed","everything is the same but u backflip on backflip"],"gold_per_floor":[113,113,113,136,136,180,9,9,36,50,89,89,109,122,122,215,215,235,260,185,204,230,230,230,230],"floor_reached":24,"playtime":555,"items_purged":["Power Through"],"score":462,"play_id":"b0ec4154-400a-4ac1-af13-c478d3ac74d2","local_time":"20201219152538","is_ascension_mode":true,"campfire_choices":[{"data":"Anger","floor":8.0,"key":"SMITH"},{"data":"Disarm","floor":12.0,"key":"SMITH"},{"data":"True Grit","floor":15.0,"key":"SMITH"},{"data":"Dual Wield","floor":23,"key":"SMITH"}],"circlet_count":0,"master_deck":["AscendersBane","Bash+1","True Grit+1","Anger+1","Disarm+1","Shrug It Off","Dropkick","Dropkick","Metallicize","Uppercut","Ghostly Armor","Dropkick","Dual Wield+1"],"relics":["Burning Blood","NeowsBlessing","Golden Idol","Pantograph","Bag of Preparation","Whetstone","Du-Vu Doll","Pandora\u0027s Box","Oddly Smooth Stone"],"acts_visited":["Exordium","TheCity"],"potions_floor_usage":[],"damage_taken":[{"damage":0.0,"enemies":"Cultist","floor":1.0,"turns":1.0},{"damage":0.0,"enemies":"Small Slimes","floor":4.0,"turns":1.0},{"damage":0.0,"enemies":"Lagavulin","floor":6.0,"turns":1.0},{"damage":7.0,"enemies":"Jaw Worm","floor":10.0,"turns":4.0},{"damage":8.0,"enemies":"Gremlin Nob","floor":11.0,"turns":3.0},{"damage":0.0,"enemies":"Exordium Wildlife","floor":13.0,"turns":3.0},{"damage":4.0,"enemies":"Red Slaver","floor":14.0,"turns":4.0},{"damage":34.0,"enemies":"The Guardian","floor":16.0,"turns":15.0},{"damage":13.0,"enemies":"2 Thieves","floor":18.0,"turns":4.0},{"damage":24.0,"enemies":"Shell Parasite","floor":19.0,"turns":4.0},{"damage":15,"enemies":"Snake Plant","floor":21,"turns":6},{"damage":35,"enemies":"Slavers","floor":24,"turns":3}],"seed_played":"1381638420806976520","potions_obtained":[{"floor":1.0,"key":"AttackPotion"},{"floor":6.0,"key":"CultistPotion"},{"floor":11.0,"key":"EssenceOfSteel"}],"is_trial":false,"path_per_floor":["M","?","?","M","?","E","$","R","T","M","E","R","M","M","R","B",null,"M","M","$","M","T","R","E"],"character_chosen":"IRONCLAD","items_purchased":["Bag of Preparation"],"campfire_rested":0,"item_purchase_floors":[7],"current_hp_per_floor":[74,48,25,31,31,37,37,37,37,36,34,34,40,42,42,39,66,59,41,41,32,32,32,0,0],"gold":230,"neow_bonus":"THREE_ENEMY_KILL","is_daily":false,"chose_seed":false,"campfire_upgraded":4,"win_rate":0.0,"timestamp":1608359138,"path_taken":["M","?","?","?","?","E","$","R","T","M","E","R","M","M","R","BOSS","M","M","$","M","?","R","E"],"items_purchased_type":["Relic"],"build_version":"2020-12-13","purchased_purges":1,"victory":false,"max_hp_per_floor":[75,75,75,75,75,75,75,75,75,75,75,75,75,75,75,75,75,75,75,75,75,75,75,75,75],"relic_stats":{"counters":[12,49],"Golden Idol":64,"Pantograph":25,"Pandora\u0027s Box":["Dropkick","Dropkick","Metallicize","Uppercut","Ghostly Armor","Power Through","Dropkick","Dual Wield"],"Bag of Preparation":[18],"Whetstone":["Bash","Strike_R"],"obtain_stats":[{"Du-Vu Doll":11,"NeowsBlessing":0,"Golden Idol":2,"Pantograph":6,"Oddly Smooth Stone":22,"Pandora\u0027s Box":17,"Bag of Preparation":7,"Whetstone":9,"Burning Blood":0},{"Du-Vu Doll":5,"NeowsBlessing":0,"Golden Idol":1,"Pantograph":3,"Oddly Smooth Stone":11,"Pandora\u0027s Box":8,"Bag of Preparation":3,"Whetstone":3,"Burning Blood":0},{"Du-Vu Doll":10,"NeowsBlessing":0,"Golden Idol":1,"Pantograph":3,"Oddly Smooth Stone":46,"Pandora\u0027s Box":32,"Bag of Preparation":3,"Whetstone":3,"Burning Blood":0}],"Burning Blood":66},"card_choices":[{"not_picked":["Combust","Thunderclap","Infernal Blade"],"picked":"SKIP","floor":1.0},{"not_picked":["Thunderclap","Intimidate","Spot Weakness"],"picked":"SKIP","floor":4.0},{"not_picked":["Pommel Strike","Rampage"],"picked":"Anger","floor":6.0},{"not_picked":["Shrug It Off","Flex"],"picked":"Disarm","floor":10.0},{"not_picked":["Armaments","Sentinel"],"picked":"Shrug It Off","floor":11.0},{"not_picked":["Ghostly Armor","Carnage","Reckless Charge"],"picked":"SKIP","floor":13.0},{"not_picked":["Anger","Warcry","Sword Boomerang"],"picked":"SKIP","floor":14.0},{"not_picked":["Havoc","Clothesline","Power Through"],"picked":"SKIP","floor":18.0},{"not_picked":["Headbutt","Pommel Strike","True Grit"],"picked":"SKIP","floor":19.0},{"not_picked":["Warcry","Anger","Inflame"],"picked":"SKIP","floor":21}],"player_experience":529145,"relics_obtained":[{"floor":6.0,"key":"Pantograph"},{"floor":9.0,"key":"Whetstone"},{"floor":11.0,"key":"Du-Vu Doll"},{"floor":22,"key":"Oddly Smooth Stone"}],"event_choices":[{"damage_healed":0.0,"max_hp_gain":0.0,"max_hp_loss":0.0,"gold_gain":0.0,"event_name":"Golden Idol","player_choice":"Take Damage","floor":2.0,"gold_loss":0.0,"damage_taken":26.0,"relics_obtained":["Golden Idol"]},{"damage_healed":0.0,"max_hp_gain":0.0,"max_hp_loss":0.0,"gold_gain":0.0,"event_name":"Shining Light","player_choice":"Entered Light","floor":3.0,"gold_loss":0.0,"damage_taken":23.0,"cards_upgraded":["Defend_R","Strike_R"]},{"damage_healed":0.0,"max_hp_gain":0.0,"max_hp_loss":0.0,"gold_gain":0.0,"cards_transformed":["Strike_R"],"event_name":"Transmorgrifier","player_choice":"Transformed","floor":5.0,"gold_loss":0.0,"damage_taken":0.0,"cards_obtained":["True Grit"]}],"is_beta":false,"boss_relics":[{"not_picked":["Philosopher\u0027s Stone","SlaversCollar"],"picked":"Pandora\u0027s Box"}],"items_purged_floors":[20],"is_endless":false,"potions_floor_spawned":[1,6,11,21],"killed_by":"Slavers","ascension_level":20}}