{"host":"6azrrw3tf7wb0f4b","time":1608349187,"event":{"mods":["BaseMod","DeckTracker","Minty Spire (QoL Compilation)","SuperFastMode"],"gold_per_floor":[110,60,77,77,102,102,121,121,121,121,152,166,166,180,180,305,305,321,341,60,79,32,32,32,71,121,161,161,177,31,66,66,66,66],"floor_reached":33,"playtime":774,"items_purged":["Strike_P"],"score":589,"play_id":"13d0a1dd-6bf2-449b-b680-733b5373f32c","local_time":"20201219123947","is_ascension_mode":true,"campfire_choices":[{"data":"Eruption","floor":6.0,"key":"SMITH"},{"data":"Crescendo","floor":8.0,"key":"SMITH"},{"data":"CrushJoints","floor":10.0,"key":"SMITH"},{"floor":13.0,"key":"REST"},{"floor":15.0,"key":"REST"},{"floor":23.0,"key":"REST"},{"floor":28.0,"key":"REST"},{"data":"MentalFortress","floor":32,"key":"SMITH"}],"circlet_count":0,"master_deck":["AscendersBane","Strike_P","Strike_P","Defend_P","Defend_P","Defend_P","Defend_P","Eruption+1","Vigilance","Crescendo+1","Halt","CrushJoints+1","FlurryOfBlows+1","MentalFortress+1","Vault","WheelKick+1","Evaluate","ClearTheMind","BattleHymn","LessonLearned+1"],"relics":["PureWater","Golden Idol","Pear","Molten Egg 2","VioletLotus","PreservedInsect","GremlinMask","Oddly Smooth Stone","Damaru","Meat on the Bone","Membership Card","Art of War"],"acts_visited":["Exordium","TheCity"],"potions_floor_usage":[],"damage_taken":[{"damage":7.0,"enemies":"2 Louse","floor":1.0,"turns":4.0},{"damage":0.0,"enemies":"Small Slimes","floor":3.0,"turns":5.0},{"damage":7.0,"enemies":"Jaw Worm","floor":5.0,"turns":5.0},{"damage":10.0,"enemies":"Gremlin Gang","floor":7.0,"turns":6.0},{"damage":47.0,"enemies":"3 Sentries","floor":11.0,"turns":11.0},{"damage":1.0,"enemies":"2 Fungi Beasts","floor":12.0,"turns":3.0},{"damage":9.0,"enemies":"Looter","floor":14.0,"turns":3.0},{"damage":0.0,"enemies":"Slime Boss","floor":16.0,"turns":8.0},{"damage":43.0,"enemies":"Spheric Guardian","floor":18.0,"turns":4.0},{"damage":18.0,"enemies":"2 Thieves","floor":19.0,"turns":3.0},{"damage":2.0,"enemies":"Chosen and Byrds","floor":21.0,"turns":4.0},{"damage":9.0,"enemies":"Slavers","floor":25.0,"turns":5.0},{"damage":12.0,"enemies":"Book of Stabbing","floor":27.0,"turns":5.0},{"damage":9.0,"enemies":"3 Cultists","floor":29.0,"turns":5.0},{"damage":0,"enemies":"Gremlin Leader","floor":31,"turns":4},{"damage":61,"enemies":"Champ","floor":33,"turns":7}],"seed_played":"-732616252094631856","potions_obtained":[{"floor":5.0,"key":"FearPotion"},{"floor":11.0,"key":"Explosive Potion"},{"floor":14.0,"key":"StancePotion"},{"floor":19.0,"key":"Swift Potion"},{"floor":25.0,"key":"BottledMiracle"},{"floor":27.0,"key":"ColorlessPotion"}],"is_trial":false,"path_per_floor":["M","?","M","?","M","R","M","R","T","R","E","M","R","M","R","B",null,"M","M","$","M","$","R","?","E","T","E","R","M","$","E","R","B"],"character_chosen":"WATCHER","items_purchased":["PreservedInsect","Fire Potion","ClearTheMind","Membership Card"],"campfire_rested":4,"item_purchase_floors":[20,20,22,30],"current_hp_per_floor":[58,58,58,58,51,51,41,41,51,51,4,3,26,17,40,40,68,25,7,7,5,5,28,28,19,19,7,30,33,33,45,45,0,0],"gold":66,"neow_bonus":"THREE_CARDS","is_daily":false,"chose_seed":false,"campfire_upgraded":4,"win_rate":0.0,"timestamp":1608349187,"path_taken":["M","?","M","?","M","R","M","R","T","R","E","M","R","M","R","BOSS","M","M","$","M","$","R","?","E","T","E","R","M","$","E","R","BOSS"],"items_purchased_type":["Relic","Potion","Card","Relic"],"build_version":"2020-12-13","purchased_purges":1,"victory":false,"max_hp_per_floor":[72,72,72,67,67,67,67,67,77,77,77,77,77,77,77,77,77,77,77,77,77,77,77,77,77,77,77,77,77,77,77,77,77,77],"card_choices":[{"not_picked":["Indignation","Protect"],"picked":"Crescendo","floor":0.0},{"not_picked":["PathToVictory","Protect","Crescendo"],"picked":"SKIP","floor":1.0},{"not_picked":["EmptyBody","EmptyFist","Fasting2"],"picked":"SKIP","floor":3.0},{"not_picked":["CutThroughFate","FollowUp"],"picked":"Halt","floor":5.0},{"not_picked":["Perseverance","Nirvana"],"picked":"CrushJoints","floor":7.0},{"not_picked":["Consecrate+1","TalkToTheHand+1"],"picked":"FlurryOfBlows+1","floor":11.0},{"not_picked":["FollowUp+1","Vengeance","WreathOfFlame"],"picked":"SKIP","floor":12.0},{"not_picked":["Sanctity","Perseverance"],"picked":"MentalFortress","floor":14.0},{"not_picked":["Brilliance+1","Wish"],"picked":"Vault","floor":16.0},{"not_picked":["Conclude+1","SashWhip+1"],"picked":"WheelKick+1","floor":18.0},{"not_picked":["CutThroughFate+1","PathToVictory","Worship"],"picked":"SKIP","floor":19.0},{"not_picked":["CrushJoints+1","CutThroughFate+1"],"picked":"Evaluate","floor":21.0},{"not_picked":["Perseverance","Weave+1","SashWhip+1"],"picked":"SKIP","floor":25.0},{"not_picked":["Conclude+1","Swivel","FlyingSleeves+1"],"picked":"SKIP","floor":27.0},{"not_picked":["SandsOfTime+1","Study"],"picked":"BattleHymn","floor":29.0},{"not_picked":["Sanctity+1","EmptyBody"],"picked":"LessonLearned+1","floor":31}],"player_experience":626765,"relics_obtained":[{"floor":9.0,"key":"Pear"},{"floor":11.0,"key":"Molten Egg 2"},{"floor":25.0,"key":"Oddly Smooth Stone"},{"floor":26.0,"key":"Damaru"},{"floor":27.0,"key":"Meat on the Bone"},{"floor":31,"key":"Art of War"}],"event_choices":[{"cards_removed":["Strike_P"],"damage_healed":0.0,"max_hp_gain":0.0,"max_hp_loss":0.0,"gold_gain":0.0,"event_name":"The Cleric","player_choice":"Card Removal","floor":2.0,"gold_loss":50.0,"damage_taken":0.0},{"damage_healed":0.0,"max_hp_gain":0.0,"max_hp_loss":5.0,"gold_gain":0.0,"event_name":"Golden Idol","player_choice":"Lose Max HP","floor":4.0,"gold_loss":0.0,"damage_taken":0.0,"relics_obtained":["Golden Idol"]},{"damage_healed":0.0,"max_hp_gain":0.0,"max_hp_loss":0.0,"gold_gain":0.0,"event_name":"FaceTrader","player_choice":"Trade","floor":24.0,"gold_loss":0.0,"damage_taken":0.0,"relics_obtained":["GremlinMask"]}],"is_beta":false,"boss_relics":[{"not_picked":["Ectoplasm","Tiny House"],"picked":"VioletLotus"}],"items_purged_floors":[20],"is_endless":false,"potions_floor_spawned":[5,11,12,14,19,25,27],"killed_by":"Champ","ascension_level":11}}