{"host":"bq4pt811tk9yrmjl","time":1608342633,"event":{"mods":["AchievementEnabler","BaseMod","Colored Map","Colored Powertips","Defuse TimeMaze Blight","Minty Spire (QoL Compilation)","StSLib","SuperFastMode","UnlockEverythingMod"],"gold_per_floor":[110,37,137,2,19,19,47,47,71,71,89,102,118,118,118,215,215,231,249,249,249,269,301,312,340,363,363,363,363,395,139,139,237,237,254,254,274,291,71,103,118,118,141,161,161,175,175,175,175,175,175,175,71,102,102,102],"floor_reached":55,"playtime":1370,"items_purged":["Cleave"],"score":793,"play_id":"cb317716-9bd9-4647-b953-5352fb5c0f60","local_time":"20201218235033","is_ascension_mode":true,"campfire_choices":[{"data":"Armaments","floor":6.0,"key":"SMITH"},{"floor":8.0,"key":"RECALL"},{"data":"Body Slam","floor":10.0,"key":"SMITH"},{"data":"Disarm","floor":15.0,"key":"SMITH"},{"floor":29.0,"key":"REST"},{"data":"Whirlwind","floor":32.0,"key":"SMITH"},{"floor":42.0,"key":"REST"},{"data":"Impervious","floor":45.0,"key":"SMITH"},{"floor":47.0,"key":"REST"},{"data":"Bludgeon","floor":49.0,"key":"SMITH"},{"data":"Fire Breathing","floor":52.0,"key":"SMITH"}],"circlet_count":0,"master_deck":["Strike_R+1","Strike_R+1","Strike_R+1","Strike_R+1","Strike_R+1","Defend_R+1","Defend_R+1","Defend_R+1","Defend_R+1","Bash","Body Slam+1","Flame Barrier+1","Twin Strike","Armaments+1","Fire Breathing+1","Disarm+1","Iron Wave","Shrug It Off+1","Whirlwind+1","Clash","Bludgeon+1","Infernal Blade+1","Inflame+1","Brutality","Rage+1","Rampage+1","Metallicize+1","Impervious+1","Flex","Intimidate+1"],"relics":["Burning Blood","NeowsBlessing","Mummified Hand","Mark of Pain","Bag of Marbles","Centennial Puzzle","Regal Pillow","Bird Faced Urn","Bag of Preparation","Blood Vial","SacredBark","Medical Kit","War Paint","Pen Nib","Gremlin Horn"],"acts_visited":["Exordium","TheCity","TheBeyond","TheEnding"],"potions_floor_usage":[55,55,55],"damage_taken":[{"damage":0.0,"enemies":"Small Slimes","floor":1.0,"turns":1.0},{"damage":0.0,"enemies":"Cultist","floor":5.0,"turns":1.0},{"damage":0.0,"enemies":"3 Sentries","floor":7.0,"turns":1.0},{"damage":0.0,"enemies":"2 Louse","floor":11.0,"turns":3.0},{"damage":5.0,"enemies":"Blue Slaver","floor":12.0,"turns":4.0},{"damage":9.0,"enemies":"Exordium Wildlife","floor":13.0,"turns":6.0},{"damage":24.0,"enemies":"Slime Boss","floor":16.0,"turns":8.0},{"damage":21.0,"enemies":"Shell Parasite","floor":18.0,"turns":6.0},{"damage":0.0,"enemies":"Spheric Guardian","floor":19.0,"turns":3.0},{"damage":0.0,"enemies":"3 Cultists","floor":22.0,"turns":4.0},{"damage":41.0,"enemies":"Book of Stabbing","floor":23.0,"turns":8.0},{"damage":14.0,"enemies":"Centurion and Healer","floor":24.0,"turns":6.0},{"damage":0.0,"enemies":"Gremlin Leader","floor":25.0,"turns":4.0},{"damage":19.0,"enemies":"Slavers","floor":30.0,"turns":5.0},{"damage":56.0,"enemies":"Champ","floor":33.0,"turns":9.0},{"damage":6.0,"enemies":"Orb Walker","floor":35.0,"turns":2.0},{"damage":8.0,"enemies":"3 Shapes","floor":37.0,"turns":2.0},{"damage":30.0,"enemies":"Transient","floor":38.0,"turns":5.0},{"damage":24.0,"enemies":"Reptomancer","floor":40.0,"turns":7.0},{"damage":4.0,"enemies":"3 Darklings","floor":41.0,"turns":5.0},{"damage":2.0,"enemies":"Sphere and 2 Shapes","floor":44.0,"turns":3.0},{"damage":54.0,"enemies":"Writhing Mass","floor":46.0,"turns":6.0},{"damage":83.0,"enemies":"Awakened One","floor":50.0,"turns":18.0},{"damage":66,"enemies":"Shield and Spear","floor":54,"turns":7},{"damage":47,"enemies":"The Heart","floor":55,"turns":5}],"seed_played":"4594260585733695711","potions_obtained":[{"floor":11.0,"key":"Ancient Potion"},{"floor":12.0,"key":"Explosive Potion"},{"floor":13.0,"key":"HeartOfIron"},{"floor":18.0,"key":"Strength Potion"},{"floor":25.0,"key":"FearPotion"},{"floor":30.0,"key":"Strength Potion"},{"floor":33.0,"key":"Ancient Potion"},{"floor":40.0,"key":"ColorlessPotion"}],"is_trial":false,"path_per_floor":["M","$","?","$","M","R","E","R","T","R","M","M","M","?","R","B",null,"M","M","?","?","M","E","M","E","T","T","?","R","E","$","R","B",null,"M","?","M","M","$","E","M","R","T","M","R","M","R","?","R","B",null,"R","$","E","B"],"character_chosen":"IRONCLAD","items_purchased":["Fire Breathing","Flame Barrier","Twin Strike","Armaments","Blood Vial","Fruit Juice","Medical Kit","PowerPotion","FearPotion"],"campfire_rested":3,"item_purchase_floors":[2,4,4,4,31,31,39,53,53],"current_hp_per_floor":[80,80,80,80,80,80,80,80,80,80,80,80,77,82,82,64,85,70,76,76,76,82,47,39,45,45,45,45,85,76,81,81,39,90,90,90,88,68,68,58,68,90,90,90,90,46,88,88,88,23,90,90,90,34,0,0],"gold":102,"neow_bonus":"THREE_ENEMY_KILL","is_daily":false,"chose_seed":false,"campfire_upgraded":7,"win_rate":0.0,"timestamp":1608342633,"path_taken":["M","$","?","$","M","R","E","R","T","R","M","M","?","?","R","BOSS","M","M","?","?","M","E","?","E","T","?","?","R","E","$","R","BOSS","M","?","M","?","$","E","M","R","T","M","R","M","R","?","R","BOSS","R","$","E","BOSS"],"items_purchased_type":["Card","Card","Card","Card","Relic","Potion","Relic","Potion","Potion"],"build_version":"2020-12-13","purchased_purges":1,"victory":false,"max_hp_per_floor":[80,80,80,80,80,80,80,80,80,80,80,80,80,85,85,85,85,85,85,85,85,85,85,85,85,85,85,85,85,85,90,90,90,90,90,90,90,90,90,90,90,90,90,90,90,90,90,90,90,90,90,90,90,90,90,90],"card_choices":[{"not_picked":["Warcry","Battle Trance"],"picked":"Body Slam","floor":1.0},{"not_picked":["Armaments","Body Slam"],"picked":"Cleave","floor":5.0},{"not_picked":["Combust","Shrug It Off"],"picked":"Fire Breathing","floor":7.0},{"not_picked":["Reckless Charge","Sentinel"],"picked":"Disarm","floor":11.0},{"not_picked":["True Grit","Twin Strike","Heavy Blade"],"picked":"SKIP","floor":12.0},{"not_picked":["Clothesline","Body Slam"],"picked":"Iron Wave","floor":13.0},{"not_picked":["Warcry+1","Pommel Strike","Heavy Blade"],"picked":"SKIP","floor":18.0},{"not_picked":["Intimidate","Second Wind"],"picked":"Shrug It Off+1","floor":19.0},{"not_picked":["Thunderclap","Infernal Blade+1"],"picked":"Clash","floor":22.0},{"not_picked":["Sword Boomerang+1","Headbutt"],"picked":"Bludgeon","floor":23.0},{"not_picked":["Heavy Blade","Iron Wave"],"picked":"Infernal Blade+1","floor":24.0},{"not_picked":["Havoc","Brutality","Pommel Strike"],"picked":"SKIP","floor":25.0},{"not_picked":["Armaments","Seeing Red"],"picked":"Inflame+1","floor":30.0},{"not_picked":["Reaper","Exhume"],"picked":"Brutality","floor":33.0},{"not_picked":["Rupture","Flex","Infernal Blade"],"picked":"SKIP","floor":35.0},{"not_picked":["Flex+1","Body Slam+1"],"picked":"Rage+1","floor":37.0},{"not_picked":["Armaments+1","Inflame","Headbutt"],"picked":"SKIP","floor":38.0},{"not_picked":["Thunderclap+1","Sever Soul"],"picked":"Rampage+1","floor":40.0},{"not_picked":["Rampage","Reckless Charge+1"],"picked":"Metallicize+1","floor":41.0},{"not_picked":["Clothesline","Battle Trance"],"picked":"Impervious","floor":44.0},{"not_picked":["Hemokinesis+1","Evolve"],"picked":"Flex","floor":46.0},{"not_picked":["Armaments","Heavy Blade"],"picked":"Intimidate+1","floor":54}],"player_experience":78687,"relics_obtained":[{"floor":7.0,"key":"Mummified Hand"},{"floor":23.0,"key":"Bag of Marbles"},{"floor":25.0,"key":"Centennial Puzzle"},{"floor":26.0,"key":"Regal Pillow"},{"floor":27.0,"key":"Bird Faced Urn"},{"floor":30.0,"key":"Bag of Preparation"},{"floor":40.0,"key":"War Paint"},{"floor":43.0,"key":"Pen Nib"},{"floor":54,"key":"Gremlin Horn"}],"event_choices":[{"damage_healed":0.0,"max_hp_gain":0.0,"max_hp_loss":0.0,"gold_gain":100.0,"event_name":"Golden Shrine","player_choice":"Pray","floor":3.0,"gold_loss":0.0,"damage_taken":0.0},{"damage_healed":0.0,"max_hp_gain":5.0,"max_hp_loss":0.0,"gold_gain":0.0,"event_name":"Big Fish","player_choice":"Donut","floor":14.0,"gold_loss":0.0,"damage_taken":0.0},{"damage_healed":0.0,"max_hp_gain":0.0,"max_hp_loss":0.0,"gold_gain":0.0,"event_name":"Back to Basics","player_choice":"Simplicity","floor":20.0,"gold_loss":0.0,"damage_taken":0.0,"cards_upgraded":["Strike_R","Strike_R","Strike_R","Strike_R","Strike_R","Defend_R","Defend_R","Defend_R","Defend_R"]},{"damage_healed":0.0,"max_hp_gain":0.0,"max_hp_loss":0.0,"gold_gain":0.0,"event_name":"The Library","player_choice":"Read","floor":21.0,"gold_loss":0.0,"damage_taken":0.0,"cards_obtained":["Whirlwind"]},{"damage_healed":0.0,"max_hp_gain":0.0,"max_hp_loss":0.0,"gold_gain":0.0,"event_name":"Ghosts","player_choice":"Ignored","floor":28.0,"gold_loss":0.0,"damage_taken":0.0},{"cards_removed":["Fire Breathing"],"damage_healed":0.0,"max_hp_gain":0.0,"max_hp_loss":0.0,"gold_gain":0.0,"event_name":"Purifier","player_choice":"Purged","floor":36.0,"gold_loss":0.0,"damage_taken":0.0},{"damage_healed":0.0,"max_hp_gain":0.0,"max_hp_loss":0.0,"gold_gain":0.0,"event_name":"NoteForYourself","player_choice":"Ignored","floor":48.0,"gold_loss":0.0,"damage_taken":0.0}],"is_beta":false,"boss_relics":[{"not_picked":["Sozu","Fusion Hammer"],"picked":"Mark of Pain"},{"not_picked":["Calling Bell","Runic Pyramid"],"picked":"SacredBark"}],"items_purged_floors":[39],"is_endless":false,"potions_floor_spawned":[11,12,13,18,25,30,33,40,41,44],"killed_by":"The Heart","ascension_level":1}}