{"host":"0tiuc76yumknr6qf","time":1608351060,"event":{"mods":["BaseMod","Highlight Path","Jedi Mod","Minty Spire (QoL Compilation)","StSLib"],"gold_per_floor":[118,131,141,153,166,166,201,201,252,285,299,132,146,158,158,253,253,271,54,54,54,64,64,75,103,166,193,18,18,36,55,55,154,154,189,202,252,252,252,252,306,371,394,449,244,244,264,281,281,281],"floor_reached":51,"playtime":5309,"items_purged":[],"score":1101,"play_id":"434ee4cf-de79-493a-8f86-7a0232c6f489","local_time":"20201218221100","is_ascension_mode":true,"campfire_choices":[{"floor":6.0,"key":"REST"},{"data":"Apotheosis","floor":15,"key":"SMITH"},{"floor":23,"key":"REST"},{"floor":32,"key":"REST"},{"data":"1","floor":40,"key":"LIFT"},{"data":"2","floor":46,"key":"LIFT"},{"data":"3","floor":49,"key":"LIFT"}],"circlet_count":0,"master_deck":["Strike_P","Strike_P","Strike_P","Defend_P","Defend_P","Defend_P","Defend_P","Eruption","Vigilance","Devotion","FearNoEvil","CutThroughFate","Fasting2","Tantrum","FollowUp","LikeWater","Brilliance","Halt","Apotheosis+1","CutThroughFate","Tantrum","Wish","Pray","Meditate","LikeWater","Ragnarok","FlyingSleeves","FlurryOfBlows+1","Adaptation","FollowUp+1","Meditate+1","SpiritShield","CurseOfTheBell","ClearTheMind","Adaptation+1","MentalFortress+1"],"relics":["PureWater","jedi:cryingmask","Pen Nib","jedi:heavyjacket","Fusion Hammer","PreservedInsect","Orichalcum","MutagenicStrength","MawBank","Bag of Preparation","Membership Card","Calling Bell","Oddly Smooth Stone","Blue Candle","Gambling Chip","Girya","jedi:kaleidoscope","Boot","jedi:crownofsimplicity","StoneCalendar","Ornamental Fan","Toolbox"],"acts_visited":["Exordium","TheCity","TheBeyond"],"potions_floor_usage":[16,25,50],"damage_taken":[{"damage":0.0,"enemies":"Cultist","floor":1.0,"turns":4.0},{"damage":2.0,"enemies":"Jaw Worm","floor":2.0,"turns":2.0},{"damage":0.0,"enemies":"Small Slimes","floor":3.0,"turns":3.0},{"damage":21.0,"enemies":"Exordium Wildlife","floor":4.0,"turns":5.0},{"damage":21.0,"enemies":"Lots of Slimes","floor":5.0,"turns":4.0},{"damage":0.0,"enemies":"Gremlin Nob","floor":7.0,"turns":2.0},{"damage":14,"enemies":"Lagavulin","floor":10,"turns":7},{"damage":1,"enemies":"Looter","floor":11,"turns":2},{"damage":6,"enemies":"Red Slaver","floor":13,"turns":5},{"damage":11,"enemies":"Blue Slaver","floor":14,"turns":2},{"damage":0,"enemies":"Hexaghost","floor":16,"turns":8},{"damage":16,"enemies":"2 Thieves","floor":18,"turns":3},{"damage":0,"enemies":"Shell Parasite","floor":22,"turns":1},{"damage":0,"enemies":"Sentry and Sphere","floor":24,"turns":1},{"damage":4,"enemies":"Slavers","floor":25,"turns":3},{"damage":0,"enemies":"Snecko","floor":27,"turns":2},{"damage":0,"enemies":"Centurion and Healer","floor":30,"turns":3},{"damage":23,"enemies":"Snake Plant","floor":31,"turns":3},{"damage":2,"enemies":"Champ","floor":33,"turns":6},{"damage":1,"enemies":"3 Shapes","floor":35,"turns":5},{"damage":0,"enemies":"3 Darklings","floor":36,"turns":2},{"damage":0,"enemies":"Mind Bloom Boss Battle","floor":37,"turns":2},{"damage":0,"enemies":"2 Orb Walkers","floor":41,"turns":2},{"damage":0,"enemies":"Nemesis","floor":42,"turns":5},{"damage":5,"enemies":"Reptomancer","floor":44,"turns":3},{"damage":0,"enemies":"Jaw Worm Horde","floor":47,"turns":2},{"damage":0,"enemies":"Spire Growth","floor":48,"turns":1},{"damage":0,"enemies":"Donu and Deca","floor":50,"turns":3}],"seed_played":"1210880989181415317","potions_obtained":[{"floor":2.0,"key":"Strength Potion"},{"floor":3.0,"key":"Strength Potion"},{"floor":4.0,"key":"Energy Potion"},{"floor":10,"key":"SkillPotion"},{"floor":13,"key":"Strength Potion"},{"floor":16,"key":"GamblersBrew"},{"floor":31,"key":"ColorlessPotion"}],"is_trial":false,"path_per_floor":["M","M","M","M","M","R","E","?","T","E","M","$","M","M","R","B",null,"M","$","?","?","M","R","M","E","T","M","$","?","M","M","R","B",null,"M","M","?","?","?","R","?","E","T","E","$","R","M","M","R","B",null],"character_chosen":"WATCHER","items_purchased":["Apotheosis","PreservedInsect","Meditate","Membership Card","Adaptation","Ornamental Fan","Toolbox"],"campfire_rested":3,"item_purchase_floors":[12,19,19,28,28,45,45],"current_hp_per_floor":[72,70,70,49,28,49,49,54,54,40,39,39,33,22,22,22,63,47,47,47,47,47,70,70,66,66,66,66,66,66,43,66,64,74,73,73,73,73,73,73,73,73,73,68,68,68,68,68,68,68],"gold":281,"neow_bonus":"ONE_RANDOM_RARE_CARD","is_daily":false,"chose_seed":false,"campfire_upgraded":1,"win_rate":0.0,"timestamp":1608351060,"path_taken":["M","M","M","M","M","R","E","?","T","E","M","$","M","M","R","BOSS","M","$","?","?","M","R","?","E","T","?","$","?","?","M","R","BOSS","M","M","?","?","?","R","?","E","T","E","$","R","M","M","R","BOSS"],"items_purchased_type":["Card","Relic","Card","Relic","Card","Relic","Relic"],"build_version":"2020-12-13","purchased_purges":0,"victory":true,"max_hp_per_floor":[72,72,72,72,72,72,72,77,77,77,77,77,77,77,77,77,77,77,77,77,77,77,77,77,77,77,77,77,77,77,77,77,77,77,77,77,77,73,73,73,73,73,73,73,73,73,73,73,73,73],"card_choices":[{"not_picked":["ClearTheMind","BowlingBash"],"picked":"FearNoEvil","floor":1.0},{"not_picked":["Consecrate","Fasting2"],"picked":"CutThroughFate","floor":2.0},{"not_picked":["ClearTheMind","SashWhip"],"picked":"Fasting2","floor":3.0},{"not_picked":["JustLucky","Sanctity"],"picked":"Tantrum","floor":4.0},{"not_picked":["Crescendo","CarveReality"],"picked":"FollowUp","floor":5.0},{"not_picked":["EmptyBody","Consecrate"],"picked":"LikeWater","floor":7.0},{"not_picked":["JustLucky","Prostrate"],"picked":"Brilliance","floor":10},{"not_picked":["CrushJoints","WindmillStrike"],"picked":"Halt","floor":11},{"not_picked":["EmptyFist","FollowUp"],"picked":"CutThroughFate","floor":13},{"not_picked":["FlyingSleeves","Prostrate"],"picked":"Tantrum","floor":14},{"not_picked":["ConjureBlade","MasterReality"],"picked":"Wish","floor":16},{"not_picked":["Consecrate","ThirdEye+1"],"picked":"Pray","floor":18},{"not_picked":["SignatureMove","Evaluate"],"picked":"LikeWater","floor":22},{"not_picked":["CutThroughFate","JustLucky"],"picked":"Ragnarok","floor":24},{"not_picked":["Protect","ConjureBlade"],"picked":"FlyingSleeves","floor":25},{"not_picked":["Tantrum","EmptyBody"],"picked":"FlurryOfBlows+1","floor":27},{"not_picked":["SashWhip","PathToVictory"],"picked":"FollowUp+1","floor":30},{"not_picked":["Establishment","PathToVictory"],"picked":"Meditate+1","floor":31},{"not_picked":["Blasphemy","Scrawl"],"picked":"SpiritShield","floor":33},{"not_picked":["ReachHeaven","SashWhip+1"],"picked":"ClearTheMind","floor":35},{"not_picked":["SignatureMove","Indignation+1"],"picked":"Adaptation+1","floor":36},{"not_picked":["WreathOfFlame","PathToVictory+1","ClearTheMind+1"],"picked":"SKIP","floor":42},{"not_picked":["SashWhip+1","Pray+1","Crescendo"],"picked":"SKIP","floor":44},{"not_picked":["WindmillStrike","CutThroughFate","Protect+1"],"picked":"SKIP","floor":47},{"not_picked":["Consecrate","ReachHeaven"],"picked":"MentalFortress+1","floor":48}],"player_experience":1815042,"relics_obtained":[{"floor":7.0,"key":"jedi:cryingmask"},{"floor":9,"key":"Pen Nib"},{"floor":10,"key":"jedi:heavyjacket"},{"floor":20,"key":"Orichalcum"},{"floor":25,"key":"MawBank"},{"floor":26,"key":"Bag of Preparation"},{"floor":34,"key":"Oddly Smooth Stone"},{"floor":34,"key":"Blue Candle"},{"floor":34,"key":"Gambling Chip"},{"floor":37,"key":"Girya"},{"floor":41,"key":"jedi:kaleidoscope"},{"floor":42,"key":"Boot"},{"floor":43,"key":"jedi:crownofsimplicity"},{"floor":44,"key":"StoneCalendar"}],"event_choices":[{"damage_healed":0.0,"max_hp_gain":5.0,"max_hp_loss":0.0,"gold_gain":0.0,"event_name":"Big Fish","player_choice":"Donut","floor":8.0,"gold_loss":0.0,"damage_taken":0.0},{"damage_healed":0,"gold_gain":0,"player_choice":"Inject Mutagens","damage_taken":0,"relics_obtained":["MutagenicStrength"],"max_hp_gain":0,"max_hp_loss":0,"event_name":"Drug Dealer","floor":21,"gold_loss":0},{"cards_removed":["Strike_P"],"damage_healed":0,"gold_gain":0,"player_choice":"Offered Basic","damage_taken":0,"max_hp_gain":0,"max_hp_loss":0,"event_name":"Bonfire Elementals","floor":29,"gold_loss":0},{"damage_healed":0,"gold_gain":0,"player_choice":"Fight","damage_taken":0,"max_hp_gain":0,"max_hp_loss":0,"event_name":"MindBloom","floor":37,"gold_loss":0},{"damage_healed":0,"gold_gain":0,"player_choice":"Max HP","damage_taken":0,"max_hp_gain":0,"max_hp_loss":4,"event_name":"Winding Halls","floor":38,"gold_loss":0},{"damage_healed":0,"gold_gain":0,"player_choice":"Ignored","damage_taken":0,"max_hp_gain":0,"max_hp_loss":0,"event_name":"Tomb of Lord Red Mask","floor":39,"gold_loss":0},{"damage_healed":0,"gold_gain":0,"player_choice":"Fight","damage_taken":0,"max_hp_gain":0,"max_hp_loss":0,"event_name":"Mysterious Sphere","floor":41,"gold_loss":0}],"is_beta":false,"boss_relics":[{"not_picked":["Black Star","Cursed Key"],"picked":"Fusion Hammer"},{"not_picked":["jedi:battlestandard","Astrolabe"],"picked":"Calling Bell"}],"items_purged_floors":[],"is_endless":false,"potions_floor_spawned":[2,3,4,10,13,16,18,22,31,37,48],"ascension_level":5}}