{"host":"nx6ib2o6hmd449ys","time":1608352577,"event":{"mods":["2.2 Compatiblity","Act Like it!","Aspiration","BaseMod","Better Third Choice","BetterRewards","CCEM","Colored Powertips","Conjunction","Conspire","Downfall","Energized Spire","Gensokyo","GifTheSpireLib","GungeonMod","Halation","Hubris","Infinite Spire","Jedi Mod","Lobotomy","LobotomyExtend","Minty Spire (QoL Compilation)","MostiFishMod","Quick Restart","RRrroohrrRGHHhhh!!","Rare Cards Sparkle","RatMod","Replay The Spire","RumiaBox-????????","Shop Mod","Small Relic Pack","Spicy Shops","Spikes Relics","StSLib","Stuff the Spire","TestMod","The Dragon Tamer","TheWitcher","Voiceroid Mod","Wandering Minibosses","[IsaacMod]????","vexMod","???????????mod"],"gold_per_floor":[34,64,114,157,157,196,196,35,35,80,113,98,141,164,183,316,316,316,342,405,73,73,102,102,102,153,153,21,78,117,137,160,209,209],"floor_reached":33,"playtime":2685,"items_purged":["ReplayTheSpireMod:Restless Dread"],"score":599,"play_id":"8b0a48f8-cabe-4af3-8695-2e723011c06f","local_time":"20201219053617","is_ascension_mode":true,"campfire_choices":[{"data":"BlessedFruit","floor":1.0,"key":"SMITH"},{"floor":9.0,"key":"REST"},{"floor":18.0,"key":"RECALL"},{"data":"Guardian:RefractedBeam","floor":25.0,"key":"SMITH"},{"floor":27.0,"key":"REST"}],"circlet_count":0,"master_deck":["Guardian:Strike_Guardian","Guardian:Strike_Guardian","Guardian:Strike_Guardian","Guardian:Strike_Guardian","Guardian:Defend_Guardian","Guardian:Defend_Guardian","Guardian:Defend_Guardian","Guardian:Defend_Guardian","Guardian:CurlUp","Guardian:TwinSlam","BlessedFruit","BlessedFruit+1","Guardian:Reroute","Guardian:Gem_Lightblue","Doubt","Guardian:Incinerate","Guardian:Gem_Fragmented","Guardian:Gem_Lightblue","Conjunction:Offense","Conjunction:Defense","Guardian:Aged","Guardian:PolyBeam","Guardian:ChargeCore","Guardian:ShieldSpikes","Guardian:WalkerClaw","Doubt","Guardian:Gem_Orange","AbeCurse","SnafuTest:CursePact","Guardian:PiercingHide","StuffTheSpire:CuriosityCurse","Guardian:Gem_Blue","Guardian:RefractedBeam+1","StuffTheSpire:CuriosityCurse","Guardian:Reroute","Replay:Hysterical Blindness","Guardian:CrystalBeam","Guardian:PiercingHide","Guardian:Gem_Blue","Guardian:TemporalStrike","conspire:NecroticWound","Guardian:Repulse","Guardian:Gem_Crimson","Intolerance"],"relics":["Guardian:ModeShifter","HushsDoor","SteamSale","Anchor","PreservedInsect","BFFS","TungstenRod","HeavenlyBonsai","Shuriken","StuffTheSpire:Nightcore","Mercury Hourglass","LetterFromLob","Ring of Greed","Golden Idol","The Courier","ReplayTheSpireMod:Ring of Collecting","StuffTheSpire:GrapeVine","vexMod:ConsolationPrize","Ring of Misfortune","Conjunction:SoulLantern","vexMod:Cooldron","StuffTheSpire:OldFever","aspiration:TomeofQuesting","Abe\u0027s Treasure","Replay:Rubber Ducky","Thread and Needle","DemoMod:JetPack","UnicornStump","Pet Ghost","vexMod:Spyglass"],"acts_visited":[],"potions_floor_usage":[31,31,32,33,33],"damage_taken":[{"damage":12.0,"enemies":"Gensokyo:Mamizou","floor":2.0,"turns":6.0},{"damage":4.0,"enemies":"Gensokyo:Cirno","floor":4.0,"turns":6.0},{"damage":11.0,"enemies":"Gensokyo:Mamizou","floor":6.0,"turns":6.0},{"damage":1.0,"enemies":"downfall:FleeingMerchant","floor":8.0,"turns":4.0},{"damage":4.0,"enemies":"Gensokyo:Aya","floor":10.0,"turns":4.0},{"damage":0.0,"enemies":"Gensokyo:3_Fairies","floor":11.0,"turns":3.0},{"damage":0.0,"enemies":"downfall:FleeingMerchant","floor":12.0,"turns":4.0},{"damage":0.0,"enemies":"Gensokyo:Cirno","floor":13.0,"turns":5.0},{"damage":3.0,"enemies":"Gensokyo:Gryphon","floor":14.0,"turns":3.0},{"damage":0.0,"enemies":"Gensokyo:Python","floor":15.0,"turns":2.0},{"damage":8.0,"enemies":"downfall:Silent","floor":16.0,"turns":6.0},{"damage":12.0,"enemies":"Gensokyo:3_Dogs","floor":19.0,"turns":5.0},{"damage":23.0,"enemies":"Gensokyo:Reisen","floor":20.0,"turns":8.0},{"damage":0.0,"enemies":"downfall:FleeingMerchant","floor":21.0,"turns":4.0},{"damage":6.0,"enemies":"Gensokyo:AngelMirror","floor":23.0,"turns":5.0},{"damage":16.0,"enemies":"Gensokyo:Koishi","floor":26.0,"turns":6.0},{"damage":0.0,"enemies":"downfall:FleeingMerchant","floor":28.0,"turns":4.0},{"damage":36.0,"enemies":"Gensokyo:3_Gloops","floor":29.0,"turns":6.0},{"damage":23.0,"enemies":"Gensokyo:Chomper_and_Gloop","floor":30.0,"turns":7.0},{"damage":1,"enemies":"Gensokyo:Swordslinger","floor":31,"turns":5},{"damage":0,"enemies":"Gensokyo:Slime_Group","floor":32,"turns":7},{"damage":58,"enemies":"downfall:Watcher","floor":33,"turns":11}],"seed_played":"6732340396327929364","potions_obtained":[{"floor":4.0,"key":"BlessingOfTheForge"},{"floor":6.0,"key":"GamblersBrew"},{"floor":11.0,"key":"EntropicBrew"},{"floor":29.0,"key":"EntropicBrew"},{"floor":30.0,"key":"EntropicBrew"},{"floor":31,"key":"EntropicBrew"},{"floor":32,"key":"EntropicBrew"}],"is_trial":false,"path_per_floor":["R","E","?","E","?","E","T","$","R","E","M","$","?","M","M","B",null,"R","M","E","$","?","M","T","R","E","R","$","M","M","M","M","B"],"character_chosen":"GUARDIAN","items_purchased":["Anchor","PreservedInsect","BFFS","TungstenRod","Shuriken","Conjunction:SoulLantern","vexMod:Cooldron","Thread and Needle","vexMod:Spyglass"],"campfire_rested":2,"item_purchase_floors":[0,0,0,0,0,8,8,21,28],"current_hp_per_floor":[44,35,35,34,34,26,26,28,55,54,56,59,62,62,62,57,109,109,100,80,81,81,78,78,78,65,101,101,68,47,48,50,0,0],"gold":209,"neow_bonus":"","is_daily":false,"chose_seed":false,"campfire_upgraded":2,"win_rate":0.0,"timestamp":1608352577,"path_taken":["R","E","?","E","?","E","T","$","R","E","M","$","?","M","M","BOSS","R","M","E","$","?","M","T","R","E","R","?","M","M","M","M","BOSS"],"items_purchased_type":["Relic","Relic","Relic","Relic","Relic","Relic","Relic","Relic","Relic"],"build_version":"2020-12-13","purchased_purges":1,"victory":false,"max_hp_per_floor":[80,83,83,86,86,89,89,92,92,95,97,100,103,106,106,109,109,109,112,115,116,116,119,119,119,122,122,122,125,127,129,131,133,133],"card_choices":[{"not_picked":["Guardian:Planning","Guardian:TemporalShield"],"picked":"Guardian:Gem_Lightblue","floor":2.0},{"not_picked":["Guardian:WalkerClaw","Guardian:TemporalShield"],"picked":"Guardian:Incinerate","floor":4.0},{"not_picked":["Guardian:Repulse","Guardian:Gem_Synthetic"],"picked":"Guardian:Gem_Fragmented","floor":6.0},{"not_picked":["Guardian:TemporalStrike","Guardian:Recover"],"picked":"Guardian:Gem_Lightblue","floor":8.0},{"not_picked":["Guardian:Reroute","Guardian:TimeCapacitor","Guardian:PrimingBeam"],"picked":"SKIP","floor":10.0},{"not_picked":["Guardian:WalkerClaw","Guardian:Recover"],"picked":"Guardian:PolyBeam","floor":11.0},{"not_picked":["Guardian:ShieldCharger","Guardian:TemporalStrike"],"picked":"Guardian:ChargeCore","floor":12.0},{"not_picked":["Guardian:TemporalShield","Guardian:CrystalBeam","Guardian:StasisField"],"picked":"SKIP","floor":13.0},{"not_picked":["Guardian:VentSteam","Guardian:Planning"],"picked":"Guardian:ShieldSpikes","floor":14.0},{"not_picked":["Guardian:TimeBomb","Guardian:Gem_Lightblue"],"picked":"Guardian:WalkerClaw","floor":15.0},{"not_picked":["Guardian:TimeSifter","Guardian:HyperBeam_Guardian"],"picked":"Guardian:Gem_Orange","floor":16.0},{"not_picked":["Guardian:Recover+1","Guardian:Emergency"],"picked":"Guardian:PiercingHide","floor":19.0},{"not_picked":["Guardian:PiercingHide","Guardian:RollAttack+1"],"picked":"Guardian:Gem_Blue","floor":20.0},{"not_picked":["Guardian:WalkerClaw","Guardian:Reroute"],"picked":"Guardian:RefractedBeam","floor":21.0},{"not_picked":["Guardian:Gem_Cyan","Guardian:Gem_Orange"],"picked":"Guardian:Reroute","floor":23.0},{"not_picked":["Guardian:BronzeOrb","Guardian:RefractedBeam"],"picked":"Guardian:CrystalBeam","floor":26.0},{"not_picked":["Guardian:Incinerate","Guardian:PrismaticBarrier+1"],"picked":"Guardian:PiercingHide","floor":28.0},{"not_picked":["Guardian:PiercingHide+1","Guardian:Suspension"],"picked":"Guardian:Gem_Blue","floor":29.0},{"not_picked":["Guardian:Reroute","Guardian:RollAttack+1"],"picked":"Guardian:TemporalStrike","floor":30.0},{"not_picked":["Guardian:Reroute","Guardian:PrimingBeam"],"picked":"Guardian:Repulse","floor":31},{"not_picked":["Guardian:CrystalBeam","Guardian:Repulse"],"picked":"Guardian:Gem_Crimson","floor":32}],"player_experience":251380,"relics_obtained":[{"floor":2.0,"key":"Mercury Hourglass"},{"floor":2.0,"key":"LetterFromLob"},{"floor":3.0,"key":"Ring of Greed"},{"floor":3.0,"key":"Golden Idol"},{"floor":3.0,"key":"The Courier"},{"floor":3.0,"key":"ReplayTheSpireMod:Ring of Collecting"},{"floor":4.0,"key":"StuffTheSpire:GrapeVine"},{"floor":6.0,"key":"vexMod:ConsolationPrize"},{"floor":7.0,"key":"Ring of Misfortune"},{"floor":10.0,"key":"StuffTheSpire:OldFever"},{"floor":13.0,"key":"aspiration:TomeofQuesting"},{"floor":20.0,"key":"Replay:Rubber Ducky"},{"floor":24.0,"key":"UnicornStump"},{"floor":26.0,"key":"Pet Ghost"}],"event_choices":[],"is_beta":false,"boss_relics":[{"not_picked":["relicPack:StarArrow","Kintsugi"],"picked":"Abe\u0027s Treasure"},{"not_picked":[]}],"items_purged_floors":[21],"is_endless":false,"potions_floor_spawned":[4,6,11,14,16,20,29,30,31,32],"killed_by":"downfall:Watcher","ascension_level":2}}