{"host":"2e3z4r48quhw80cc","time":1608400768,"event":{"mods":["BaseMod","Minty Spire (QoL Compilation)","Quick Restart","StSLib","SuperFastMode"],"gold_per_floor":[119,294,294,307,45,75,87,87,87,116,116,128,128,128,128,228,228,209,124,49,69,84,84,94,94,94,19,19,33,62,82,82,184,184,195,210,31,31,43,43,57,57,57,57,92,92,92,105,105,105],"floor_reached":51,"playtime":2559,"items_purged":["Defend_G","Choke"],"score":826,"play_id":"fdcac888-19a3-4053-9791-a970e4d790bd","local_time":"20201220025928","is_ascension_mode":true,"campfire_choices":[{"data":"Sucker Punch","floor":8.0,"key":"SMITH"},{"data":"Noxious Fumes","floor":13.0,"key":"SMITH"},{"data":"Dagger Spray","floor":15.0,"key":"SMITH"},{"data":"Burst","floor":23.0,"key":"SMITH"},{"data":"Crippling Poison","floor":28.0,"key":"SMITH"},{"data":"Blur","floor":32.0,"key":"SMITH"},{"floor":40.0,"key":"REST"},{"floor":42.0,"key":"REST"},{"data":"Enlightenment","floor":44.0,"key":"SMITH"},{"floor":49.0,"key":"REST"}],"circlet_count":0,"master_deck":["Survivor+1","Neutralize","Sucker Punch+1","Prepared","Flying Knee+1","Dagger Spray+1","Noxious Fumes+1","Crippling Poison+1","Burst+1","Escape Plan","Blur+1","Backstab+1","Noxious Fumes+1","Heel Hook+1","Die Die Die","Bullet Time","Choke","Tools of the Trade","Night Terror","Burst","Blade Dance","Catalyst","Well Laid Plans","Enlightenment+1","Finesse","Accuracy","Leg Sweep+1","Backflip"],"relics":["Ring of the Snake","NeowsBlessing","Meat on the Bone","Ornamental Fan","White Beast Statue","Whetstone","HoveringKite","MealTicket","Pantograph","Kunai","Pandora\u0027s Box","HornCleat","Boot"],"acts_visited":["Exordium","TheCity","TheBeyond"],"potions_floor_usage":[50,50,50],"damage_taken":[{"damage":0.0,"enemies":"2 Louse","floor":1.0,"turns":1.0},{"damage":0.0,"enemies":"Cultist","floor":4.0,"turns":1.0},{"damage":0.0,"enemies":"Gremlin Nob","floor":6.0,"turns":1.0},{"damage":0.0,"enemies":"Small Slimes","floor":7.0,"turns":3.0},{"damage":15.0,"enemies":"3 Sentries","floor":10.0,"turns":10.0},{"damage":0.0,"enemies":"Looter","floor":12.0,"turns":3.0},{"damage":17.0,"enemies":"Slime Boss","floor":16.0,"turns":9.0},{"damage":7.0,"enemies":"2 Thieves","floor":18.0,"turns":4.0},{"damage":0.0,"enemies":"3 Byrds","floor":21.0,"turns":3.0},{"damage":3.0,"enemies":"Centurion and Healer","floor":22.0,"turns":6.0},{"damage":17.0,"enemies":"3 Cultists","floor":24.0,"turns":5.0},{"damage":6.0,"enemies":"Snecko","floor":29.0,"turns":6.0},{"damage":25.0,"enemies":"Book of Stabbing","floor":30.0,"turns":7.0},{"damage":14.0,"enemies":"Centurion and Healer","floor":31.0,"turns":6.0},{"damage":9.0,"enemies":"Automaton","floor":33.0,"turns":11.0},{"damage":21.0,"enemies":"3 Darklings","floor":35.0,"turns":5.0},{"damage":10.0,"enemies":"Orb Walker","floor":36.0,"turns":3.0},{"damage":24.0,"enemies":"Transient","floor":39.0,"turns":5.0},{"damage":43.0,"enemies":"Spire Growth","floor":41.0,"turns":5.0},{"damage":0.0,"enemies":"Giant Head","floor":45.0,"turns":7.0},{"damage":18.0,"enemies":"3 Darklings","floor":48.0,"turns":6.0},{"damage":17,"enemies":"Time Eater","floor":50,"turns":14}],"seed_played":"-8950047986770148299","potions_obtained":[{"floor":1.0,"key":"Energy Potion"},{"floor":6.0,"key":"AttackPotion"},{"floor":10.0,"key":"SteroidPotion"},{"floor":12.0,"key":"ColorlessPotion"},{"floor":16.0,"key":"Swift Potion"},{"floor":18.0,"key":"SneckoOil"},{"floor":21.0,"key":"EssenceOfSteel"},{"floor":24.0,"key":"LiquidMemories"},{"floor":30.0,"key":"BlessingOfTheForge"},{"floor":39.0,"key":"CunningPotion"},{"floor":41.0,"key":"SkillPotion"},{"floor":45.0,"key":"PowerPotion"}],"is_trial":false,"path_per_floor":["M","?","?","M","$","E","M","R","T","E","?","M","R","?","R","B",null,"M","?","?","M","M","R","M","?","T","$","R","M","E","M","R","B",null,"M","M","$","?","M","R","M","R","T","R","E","?","?","M","R","B",null],"character_chosen":"THE_SILENT","items_purchased":["Meat on the Bone","Well Laid Plans"],"campfire_rested":3,"item_purchase_floors":[5,37],"current_hp_per_floor":[70,70,70,70,70,70,70,70,70,55,48,48,48,34,34,29,70,63,63,63,63,60,60,43,43,43,58,58,52,39,37,37,53,70,49,39,54,44,32,53,22,43,43,43,43,43,43,37,58,53],"gold":105,"neow_bonus":"THREE_ENEMY_KILL","is_daily":false,"chose_seed":false,"campfire_upgraded":7,"win_rate":0.0,"timestamp":1608400768,"path_taken":["M","?","?","?","$","E","M","R","T","E","?","M","R","?","R","BOSS","M","?","?","M","M","R","M","?","T","?","R","M","E","M","R","BOSS","M","M","$","?","M","R","M","R","T","R","E","?","?","?","R","BOSS"],"items_purchased_type":["Relic","Card"],"build_version":"2020-12-13","purchased_purges":2,"victory":true,"max_hp_per_floor":[70,70,70,70,70,70,70,70,70,70,70,70,70,70,70,70,70,70,70,70,70,70,70,70,70,70,70,70,70,70,70,70,70,70,70,70,70,70,70,70,70,70,70,70,70,70,70,70,70,70],"card_choices":[{"not_picked":["Finisher","Deflect"],"picked":"Sucker Punch","floor":1.0},{"not_picked":["Calculated Gamble","Acrobatics"],"picked":"Prepared","floor":4.0},{"not_picked":["Dagger Throw","Expertise"],"picked":"Flying Knee","floor":6.0},{"not_picked":["Infinite Blades","Flechettes"],"picked":"Dagger Spray","floor":7.0},{"not_picked":["Poisoned Stab","Riddle With Holes"],"picked":"Noxious Fumes","floor":10.0},{"not_picked":["Distraction","Backflip"],"picked":"Crippling Poison","floor":12.0},{"not_picked":["A Thousand Cuts","Grand Finale"],"picked":"Burst","floor":16.0},{"not_picked":["Dodge and Roll","Deadly Poison"],"picked":"Escape Plan","floor":18.0},{"not_picked":["Flechettes","Flying Knee"],"picked":"Blur","floor":21.0},{"not_picked":["Accuracy","Expertise","Outmaneuver"],"picked":"SKIP","floor":22.0},{"not_picked":["Heel Hook+1","Prepared"],"picked":"Backstab+1","floor":24.0},{"not_picked":["Dagger Spray+1","All Out Attack"],"picked":"Acrobatics","floor":29.0},{"not_picked":["Skewer","Backstab+1"],"picked":"Noxious Fumes+1","floor":30.0},{"not_picked":["Deadly Poison","Underhanded Strike"],"picked":"Heel Hook+1","floor":31.0},{"not_picked":["Burst","A Thousand Cuts"],"picked":"Die Die Die","floor":33.0},{"not_picked":["Concentrate","Cloak And Dagger"],"picked":"Blade Dance","floor":35.0},{"not_picked":["Slice","Outmaneuver+1"],"picked":"Catalyst","floor":36.0},{"not_picked":["Swift Strike","Bandage Up"],"picked":"Enlightenment","floor":38.0},{"not_picked":["Mind Blast","Secret Weapon"],"picked":"Finesse","floor":38.0},{"not_picked":["Bane+1","Predator"],"picked":"Accuracy","floor":39.0},{"not_picked":["Underhanded Strike","Acrobatics+1"],"picked":"Leg Sweep+1","floor":41.0},{"not_picked":["Dagger Throw","Noxious Fumes+1","PiercingWail"],"picked":"SKIP","floor":45.0},{"not_picked":["Backflip","Dagger Spray+1","All Out Attack"],"picked":"SKIP","floor":48.0},{"not_picked":["Dagger Spray+1","All Out Attack"],"picked":"Backflip","floor":48.0}],"player_experience":63349,"relics_obtained":[{"floor":6.0,"key":"Ornamental Fan"},{"floor":9.0,"key":"White Beast Statue"},{"floor":10.0,"key":"Whetstone"},{"floor":26.0,"key":"Pantograph"},{"floor":30.0,"key":"Kunai"},{"floor":43.0,"key":"HornCleat"},{"floor":45.0,"key":"Boot"}],"event_choices":[{"damage_healed":0.0,"max_hp_gain":0.0,"max_hp_loss":0.0,"gold_gain":175.0,"event_name":"Liars Game","player_choice":"AGREE","floor":2.0,"gold_loss":0.0,"damage_taken":0.0,"cards_obtained":["Doubt"]},{"cards_removed":["Doubt"],"damage_healed":0.0,"max_hp_gain":0.0,"max_hp_loss":0.0,"gold_gain":0.0,"event_name":"Purifier","player_choice":"Purged","floor":3.0,"gold_loss":0.0,"damage_taken":0.0},{"cards_removed":["Strike_G"],"damage_healed":0.0,"max_hp_gain":0.0,"max_hp_loss":0.0,"gold_gain":0.0,"event_name":"Golden Wing","player_choice":"Card Removal","floor":11.0,"gold_loss":0.0,"damage_taken":7.0},{"damage_healed":0.0,"max_hp_gain":0.0,"max_hp_loss":0.0,"gold_gain":0.0,"event_name":"Shining Light","player_choice":"Entered Light","floor":14.0,"gold_loss":0.0,"damage_taken":14.0,"cards_upgraded":["Survivor","Strike_G"]},{"damage_healed":0.0,"max_hp_gain":0.0,"max_hp_loss":0.0,"gold_gain":0.0,"event_name":"Addict","player_choice":"Obtained Relic","floor":19.0,"gold_loss":85.0,"damage_taken":0.0,"relics_obtained":["MealTicket"]},{"cards_removed":["Strike_G"],"damage_healed":0.0,"max_hp_gain":0.0,"max_hp_loss":0.0,"gold_gain":0.0,"event_name":"Beggar","player_choice":"Gave Gold","floor":20.0,"gold_loss":75.0,"damage_taken":0.0},{"damage_healed":0.0,"max_hp_gain":0.0,"max_hp_loss":0.0,"gold_gain":0.0,"event_name":"The Mausoleum","player_choice":"Ignored","floor":25.0,"gold_loss":0.0,"damage_taken":0.0},{"damage_healed":0.0,"max_hp_gain":0.0,"max_hp_loss":0.0,"gold_gain":0.0,"event_name":"SensoryStone","player_choice":"Memory 3","floor":38.0,"gold_loss":0.0,"damage_taken":10.0},{"cards_removed":["Acrobatics"],"damage_healed":0.0,"max_hp_gain":0.0,"max_hp_loss":0.0,"gold_gain":0.0,"event_name":"Falling","player_choice":"Removed Skill","floor":46.0,"gold_loss":0.0,"damage_taken":0.0},{"cards_removed":["Grand Finale"],"damage_healed":0.0,"max_hp_gain":0.0,"max_hp_loss":0.0,"gold_gain":0.0,"event_name":"Wheel of Change","player_choice":"Card Removal","floor":47.0,"gold_loss":0.0,"damage_taken":0.0}],"is_beta":false,"boss_relics":[{"not_picked":["Empty Cage","Fusion Hammer"],"picked":"HoveringKite"},{"not_picked":["Coffee Dripper","Runic Pyramid"],"picked":"Pandora\u0027s Box"}],"items_purged_floors":[27,37],"is_endless":false,"potions_floor_spawned":[1,6,10,12,16,18,21,22,24,29,30,31,33,35,36,39,41,45,48],"ascension_level":2}}