{"host":"pbf6u3tyx46snqc7","time":1608422068,"event":{"mods":["AchievementEnabler","BaseMod","Colored Map","Marisa£¨Ùöéë¡¡Øª×âÞÞ£©","Minty Spire (QoL Compilation)","Rare Cards Sparkle","Shop Mod","SuperFastMode"],"gold_per_floor":[119,131,5,5,22,22,35,35,35,35,35,94,94,111,111,216,216,226,226,226,126,145,145,179,179,251,269,282,282,301,317,317,421,471,487,80,133,183,183,199,199,199,267,267,284,83,102,118,118,118],"floor_reached":51,"playtime":2710,"items_purged":["Strike_R","Strike_R","Strike_R"],"score":777,"play_id":"57643078-fdbe-4340-b9ee-994655ec7a45","local_time":"20201220085428","is_ascension_mode":true,"campfire_choices":[{"data":"Searing Blow","floor":6,"key":"SMITH"},{"data":"Searing Blow+1","floor":8,"key":"SMITH"},{"data":"Searing Blow+2","floor":11,"key":"SMITH"},{"data":"Searing Blow+3","floor":15,"key":"SMITH"},{"data":"Searing Blow+4","floor":23,"key":"SMITH"},{"data":"Searing Blow+5","floor":25,"key":"SMITH"},{"data":"Searing Blow+6","floor":29,"key":"SMITH"},{"data":"Searing Blow+7","floor":32,"key":"SMITH"},{"data":"Searing Blow+8","floor":42,"key":"SMITH"},{"data":"Searing Blow+9","floor":44,"key":"SMITH"},{"data":"Searing Blow+10","floor":49,"key":"SMITH"}],"circlet_count":0,"master_deck":["Strike_R","Defend_R","Defend_R","Defend_R+1","Defend_R","Bash","Exhume","Searing Blow+11","Dual Wield","Headbutt","Battle Trance","Armaments","Reaper","Warcry+1","Ghostly","Ghostly","Ghostly","Ghostly","Ghostly","Exhume","True Grit+1","Secret Technique","Pommel Strike+1","Feel No Pain","Shockwave+1"],"relics":["Burning Blood","Ginger","Charon\u0027s Ashes","Coffee Dripper","Blood Vial","Pen Nib","Shuriken","Tiny House","Strange Spoon","White Beast Statue","Dead Branch","StoneCalendar","Molten Egg 2"],"acts_visited":["Exordium","TheCity","TheBeyond"],"potions_floor_usage":[33,39,50,50],"damage_taken":[{"damage":0,"enemies":"2 Louse","floor":1,"turns":3},{"damage":6,"enemies":"Cultist","floor":2,"turns":4},{"damage":11,"enemies":"Small Slimes","floor":5,"turns":4},{"damage":2,"enemies":"2 Fungi Beasts","floor":7,"turns":3},{"damage":16,"enemies":"Gremlin Nob","floor":12,"turns":3},{"damage":8,"enemies":"Blue Slaver","floor":14,"turns":2},{"damage":10,"enemies":"Slime Boss","floor":16,"turns":8},{"damage":1,"enemies":"Spheric Guardian","floor":18,"turns":3},{"damage":2,"enemies":"Chosen","floor":22,"turns":3},{"damage":2,"enemies":"Slavers","floor":24,"turns":5},{"damage":1,"enemies":"Centurion and Healer","floor":27,"turns":6},{"damage":0,"enemies":"Snake Plant","floor":28,"turns":3},{"damage":0,"enemies":"Snecko","floor":30,"turns":2},{"damage":0,"enemies":"Centurion and Healer","floor":31,"turns":3},{"damage":3,"enemies":"Collector","floor":33,"turns":5},{"damage":0,"enemies":"3 Shapes","floor":35,"turns":3},{"damage":0,"enemies":"2 Orb Walkers","floor":37,"turns":7},{"damage":2,"enemies":"Mind Bloom Boss Battle","floor":38,"turns":5},{"damage":51,"enemies":"Orin","floor":39,"turns":7},{"damage":0,"enemies":"Orb Walker","floor":40,"turns":2},{"damage":26,"enemies":"3 Darklings","floor":45,"turns":7},{"damage":0,"enemies":"Maw","floor":47,"turns":5},{"damage":0,"enemies":"Transient","floor":48,"turns":5},{"damage":34,"enemies":"Awakened One","floor":50,"turns":12}],"seed_played":"5719446276318257346","potions_obtained":[{"floor":1,"key":"BlessingOfTheForge"},{"floor":5,"key":"SpeedPotion"},{"floor":12,"key":"FairyPotion"},{"floor":27,"key":"SmokeBomb"},{"floor":34,"key":"SteroidPotion"},{"floor":37,"key":"Dexterity Potion"},{"floor":40,"key":"Regen Potion"},{"floor":45,"key":"Energy Potion"},{"floor":47,"key":"FearPotion"}],"is_trial":false,"path_per_floor":["M","M","$","?","M","R","M","R","T","?","R","?","$","M","R","B",null,"M","?","?","$","M","R","E","R","T","M","M","R","M","M","R","B",null,"M","$","?","?","?","M","?","R","T","R","M","$","M","M","R","B",null],"character_chosen":"IRONCLAD","items_purchased":["Headbutt","Strange Spoon","White Beast Statue","Feel No Pain"],"campfire_rested":0,"item_purchase_floors":[3,36,36,46],"current_hp_per_floor":[72,72,72,72,67,67,71,71,71,71,71,61,61,59,59,55,72,72,36,36,36,36,36,36,36,36,36,36,36,36,36,36,36,41,41,41,41,41,13,25,25,25,25,25,19,19,31,39,39,24],"gold":118,"neow_bonus":"THREE_RARE_CARDS","is_daily":false,"chose_seed":false,"campfire_upgraded":11,"win_rate":0.0,"timestamp":1608422068,"path_taken":["M","M","$","?","?","R","M","R","T","?","R","?","?","M","R","BOSS","M","?","?","$","M","R","E","R","T","M","M","R","M","M","R","BOSS","M","$","?","?","?","M","?","R","T","R","M","$","M","M","R","BOSS"],"items_purchased_type":["Card","Relic","Relic","Card"],"build_version":"2020-12-13","purchased_purges":3,"victory":true,"max_hp_per_floor":[72,72,72,72,72,72,72,72,72,72,72,72,72,72,72,72,72,72,36,36,36,36,36,36,36,36,36,36,36,36,36,36,36,41,41,41,41,41,41,41,41,41,41,41,41,41,41,41,41,41],"card_choices":[{"not_picked":["Brutality","Fiend Fire"],"picked":"Exhume","floor":0},{"not_picked":["Sword Boomerang","Body Slam"],"picked":"Searing Blow","floor":1},{"not_picked":["Disarm","Rampage"],"picked":"Dual Wield","floor":2},{"not_picked":["Warcry","Blood for Blood","Heavy Blade"],"picked":"SKIP","floor":5},{"not_picked":["Seeing Red","Inflame"],"picked":"Battle Trance","floor":7},{"not_picked":["Metallicize","Sword Boomerang"],"picked":"Armaments","floor":12},{"not_picked":["Fire Breathing","Armaments","Anger"],"picked":"SKIP","floor":14},{"not_picked":["Corruption","Exhume"],"picked":"Reaper","floor":16},{"not_picked":["Seeing Red","Wild Strike"],"picked":"Warcry+1","floor":18},{"not_picked":["Sword Boomerang+1","Perfected Strike","Warcry"],"picked":"SKIP","floor":22},{"not_picked":["Rampage","True Grit","Fire Breathing"],"picked":"SKIP","floor":24},{"not_picked":["Intimidate","Dual Wield","Rampage"],"picked":"SKIP","floor":27},{"not_picked":["Cleave","Carnage","Sever Soul"],"picked":"SKIP","floor":28},{"not_picked":["Shrug It Off","Sentinel+1","Combust"],"picked":"SKIP","floor":30},{"not_picked":["Shrug It Off","Battle Trance+1","Clash"],"picked":"SKIP","floor":31},{"not_picked":["Corruption","Bludgeon"],"picked":"Exhume","floor":33},{"not_picked":["Body Slam","Thunderclap"],"picked":"True Grit+1","floor":34},{"not_picked":["Ghostly Armor+1","Searing Blow+1","Cleave"],"picked":"SKIP","floor":35},{"not_picked":["Cleave+1","Havoc","Battle Trance"],"picked":"SKIP","floor":40},{"not_picked":["HandOfGreed","Metamorphosis"],"picked":"Secret Technique","floor":41},{"not_picked":["Warcry+1","Shrug It Off"],"picked":"Pommel Strike+1","floor":45},{"not_picked":["Entrench","Wild Strike+1","Warcry"],"picked":"SKIP","floor":47},{"not_picked":["Shrug It Off+1","Infernal Blade"],"picked":"Shockwave+1","floor":48}],"player_experience":293009,"relics_obtained":[{"floor":9,"key":"Ginger"},{"floor":12,"key":"Charon\u0027s Ashes"},{"floor":24,"key":"Pen Nib"},{"floor":26,"key":"Shuriken"},{"floor":37,"key":"Dead Branch"},{"floor":38,"key":"StoneCalendar"},{"floor":43,"key":"Molten Egg 2"}],"event_choices":[{"cards_removed":["Strike_R"],"damage_healed":0,"gold_gain":0,"player_choice":"Offered Basic","damage_taken":0,"max_hp_gain":0,"max_hp_loss":0,"event_name":"Bonfire Elementals","floor":4,"gold_loss":0},{"damage_healed":0,"gold_gain":0,"player_choice":"Ignored","damage_taken":0,"max_hp_gain":0,"max_hp_loss":0,"event_name":"Golden Idol","floor":10,"gold_loss":0},{"damage_healed":0,"gold_gain":0,"player_choice":"Searched \u00271\u0027 times","damage_taken":0,"max_hp_gain":0,"max_hp_loss":0,"event_name":"Dead Adventurer","floor":12,"gold_loss":0},{"damage_healed":0,"gold_gain":0,"player_choice":"Became a Ghost","damage_taken":0,"max_hp_gain":0,"max_hp_loss":36,"event_name":"Ghosts","floor":19,"gold_loss":0,"cards_obtained":["Ghostly","Ghostly","Ghostly","Ghostly","Ghostly"]},{"damage_healed":0,"gold_gain":0,"player_choice":"Opened","damage_taken":0,"relics_obtained":["Blood Vial"],"max_hp_gain":0,"max_hp_loss":0,"event_name":"The Mausoleum","floor":20,"gold_loss":0},{"damage_healed":0,"gold_gain":0,"player_choice":"Fight","damage_taken":0,"max_hp_gain":0,"max_hp_loss":0,"event_name":"Mysterious Sphere","floor":37,"gold_loss":0},{"damage_healed":0,"gold_gain":0,"player_choice":"Fight","damage_taken":0,"max_hp_gain":0,"max_hp_loss":0,"event_name":"MindBloom","floor":38,"gold_loss":0},{"damage_healed":0,"gold_gain":0,"player_choice":"Fight","damage_taken":0,"max_hp_gain":0,"max_hp_loss":0,"event_name":"OrinTheCat","floor":39,"gold_loss":0},{"damage_healed":0,"gold_gain":0,"player_choice":"Memory 1","damage_taken":0,"max_hp_gain":0,"max_hp_loss":0,"event_name":"SensoryStone","floor":41,"gold_loss":0}],"is_beta":false,"boss_relics":[{"not_picked":["Snecko Eye","Philosopher\u0027s Stone"],"picked":"Coffee Dripper"},{"not_picked":["Runic Dome","SacredBark"],"picked":"Tiny House"}],"items_purged_floors":[3,21,46],"is_endless":false,"potions_floor_spawned":[1,5,12,14,27,28,31,35,37,38,39,40,45,47,48],"ascension_level":3}}