{"host":"e4wnmsyty9uvvtwf","time":1608382807,"event":{"mods":["Aspiration","BaseMod","Colored Map","Colored Powertips","Marisa£®ÏF”Í°°ƒß¿Ì…≥£©","Minty Spire (QoL Compilation)","Rare Cards Sparkle","Replay The Spire","StSLib"],"gold_per_floor":[113,113,130,181,181,181,257,300,355,368,34,50,23,63,63,193,193,209,139,217,217,233,233,273,273,273],"floor_reached":25,"playtime":742,"items_purged":["Injury"],"score":363,"play_id":"191b3695-03c7-4799-bb50-eaf9ad11bd86","local_time":"20201219210007","is_ascension_mode":true,"campfire_choices":[{"data":"aspiration:Lunge","floor":6,"key":"SMITH"},{"floor":15,"key":"REST"},{"data":"Night Terror","floor":23,"key":"SMITH"}],"circlet_count":0,"master_deck":["AscendersBane","Strike_B","Strike_B","Defend_B","Defend_B","Defend_B","Zap+1","Dualcast","Cold Snap","All Out Attack","Night Terror+1","aspiration:Lunge+1","Go for the Eyes","Time Bomb","ReplayTheSpireMod:GoodbyeWorld","ReplayTheSpireMod:Calculation Training","Buffer+1","Reinforced Body","Hello World","Pot Of Greed","Pot Of Greed","Cold Snap","Biased Cognition","aspiration:Polymerization+1","ReplayTheSpireMod:Calculation Training","Hologram+1","Pot Of Greed","ReplayTheSpireMod:Calculation Training"],"relics":["Nuclear Battery","Tiny Chest","Golden Idol","Eternal Feather","Blue Doll","Pet Ghost","Medical Kit","Grinning Jar","Busted Crown","Replay:Bottled Steam","Solar Panel"],"acts_visited":["TheCity"],"potions_floor_usage":[14],"damage_taken":[{"damage":6,"enemies":"Cultist","floor":1,"turns":4},{"damage":2,"enemies":"Jaw Worm","floor":3,"turns":2},{"damage":5,"enemies":"3 Sentries","floor":7,"turns":2},{"damage":37,"enemies":"Gremlin Nob","floor":8,"turns":5},{"damage":5,"enemies":"Small Slimes","floor":10,"turns":4},{"damage":3,"enemies":"3 Louse","floor":12,"turns":2},{"damage":10,"enemies":"3 Sentries","floor":14,"turns":4},{"damage":18,"enemies":"Slime Boss","floor":16,"turns":6},{"damage":13,"enemies":"2 Thieves","floor":18,"turns":4},{"damage":0,"enemies":"Chosen","floor":22,"turns":4},{"damage":64,"enemies":"Slavers","floor":24,"turns":6},{"damage":7,"enemies":"Centurion and Healer","floor":25,"turns":1}],"seed_played":"3968345387477230767","potions_obtained":[{"floor":3,"key":"SpeedPotion"},{"floor":8,"key":"LiquidMemories"},{"floor":10,"key":"Regen Potion"},{"floor":18,"key":"Dexterity Potion"}],"is_trial":false,"path_per_floor":["M","?","M","T","?","R","?","E","T","M","$","M","$","E","R","B",null,"M","$","T","?","M","R","E","M"],"character_chosen":"DEFECT","items_purchased":["Buffer+1","Medical Kit","Hello World","ReplayTheSpireMod:Calculation Training"],"campfire_rested":1,"item_purchase_floors":[11,11,13,19],"current_hp_per_floor":[62,62,60,60,60,60,55,18,18,13,13,10,10,12,46,28,63,50,50,50,50,50,65,1,0,0],"gold":273,"neow_bonus":"BOSS_RELIC","is_daily":false,"chose_seed":false,"campfire_upgraded":2,"win_rate":0.0,"timestamp":1608382807,"path_taken":["M","?","M","?","?","R","?","E","T","M","$","M","?","E","R","BOSS","M","$","?","?","M","R","E","?"],"items_purchased_type":["Card","Relic","Card","Card"],"build_version":"2020-12-13","purchased_purges":1,"victory":false,"max_hp_per_floor":[75,75,75,75,75,75,75,75,75,75,75,75,75,75,75,75,75,75,75,75,75,75,75,75,75,75],"card_choices":[{"not_picked":["Coolheaded","Streamline"],"picked":"Cold Snap","floor":1},{"not_picked":["Genetic Algorithm","Cold Snap"],"picked":"Go for the Eyes","floor":3},{"not_picked":["Genetic Algorithm","Thunder Strike"],"picked":"Time Bomb","floor":7},{"not_picked":["Coolheaded","Time Bomb"],"picked":"ReplayTheSpireMod:GoodbyeWorld","floor":8},{"not_picked":["Compile Driver","Stack"],"picked":"ReplayTheSpireMod:Calculation Training","floor":10},{"not_picked":["Rip and Tear","Coolheaded"],"picked":"Reinforced Body","floor":12},{"not_picked":["Reinforced Body","Time Bomb"],"picked":"Cold Snap","floor":14},{"not_picked":["Thunder Strike","Hyperbeam"],"picked":"Biased Cognition","floor":16},{"not_picked":[],"picked":"aspiration:Polymerization+1","floor":18},{"not_picked":[],"picked":"Hologram+1","floor":22},{"not_picked":[],"picked":"ReplayTheSpireMod:Calculation Training","floor":24}],"player_experience":630276,"relics_obtained":[{"floor":4,"key":"Tiny Chest"},{"floor":8,"key":"Blue Doll"},{"floor":9,"key":"Pet Ghost"},{"floor":14,"key":"Grinning Jar"},{"floor":20,"key":"Replay:Bottled Steam"},{"floor":24,"key":"Solar Panel"}],"event_choices":[{"damage_healed":0,"gold_gain":0,"player_choice":"Take Wound","damage_taken":0,"relics_obtained":["Golden Idol"],"max_hp_gain":0,"max_hp_loss":0,"event_name":"Golden Idol","floor":5,"gold_loss":0,"cards_obtained":["Injury"]},{"damage_healed":0,"gold_gain":0,"player_choice":"Searched \u00273\u0027 times","damage_taken":0,"relics_obtained":["Eternal Feather"],"max_hp_gain":0,"max_hp_loss":0,"event_name":"Dead Adventurer","floor":7,"gold_loss":0},{"damage_healed":0,"gold_gain":0,"player_choice":"Upgraded","damage_taken":0,"max_hp_gain":0,"max_hp_loss":0,"event_name":"Upgrade Shrine","floor":21,"gold_loss":0,"cards_upgraded":["Zap"]}],"is_beta":false,"boss_relics":[{"not_picked":["Honey Jar","aspiration:FutureDiary"],"picked":"Busted Crown"}],"items_purged_floors":[11],"is_endless":false,"potions_floor_spawned":[3,8,10,12,18,22],"killed_by":"Centurion and Healer","ascension_level":12}}