{"host":"r5cycnjhcbwgkpkf","time":1608417942,"event":{"mods":["2.2 Compatiblity","AchievementEnabler","BaseMod","Bestiary","Better Match","Better Note","Better Skull","Better Third Choice","BetterRewards","Colored Map","Colored Powertips","Googly Eyes","Hermit","Infinite Spire","Minty Spire (QoL Compilation)","Replay The Spire","Spicy Shops","StSLib","The Servant 0.9.4"],"gold_per_floor":[111,111,111,122,136,171,187,220,291,308,7,7,7,18,18,93,93,113,163,163,163,3,3,13,23,23,49,49,49,75,102,102,203,203,228,228,255,289,289,316,344,344,344,418,443,57,79,79,79,95],"floor_reached":51,"playtime":2026,"items_purged":["Pain"],"score":1229,"play_id":"b3568f22-7e73-4a56-ba5e-420235422e3d","local_time":"20201219144542","is_ascension_mode":true,"campfire_choices":[{"floor":12.0,"key":"REST"},{"data":"Rupture","floor":23.0,"key":"SMITH"},{"floor":28.0,"key":"REST"},{"floor":32.0,"key":"REST"},{"floor":42.0,"key":"REST"},{"floor":49.0,"key":"REST"}],"circlet_count":0,"master_deck":["AscendersBane","Strike_R","Strike_R","Strike_R","Defend_R","Defend_R","Defend_R","Bash+1","Combust","Wild Strike+1","Evolve","Cleave","Limit Break","Flex","Sword Boomerang","Brutality","Rupture+1","Madness","Headbutt","Hemokinesis","Spot Weakness","Berserk","Rampage+1","Blood for Blood","Rage","Power Through","Power Through+1"],"relics":["Burning Blood","NeowsBlessing","Bottled Tornado","Gambling Chip","Iron Hammer","Brimstone","Pen Nib","Empty Cage","Black Blood","Chemical X","ReplayTheSpireMod:Ring of Collecting","Lee\u0027s Waffle","ReplayTheSpireMod:Ring of Exchange","Blue Candle","Replay:Bandana","ReplayTheSpireMod:Ring of Addiction","White Beast Statue","Potion Belt","Garlic","ClockworkSouvenir","Darkstone Periapt","Ring of Hypnosis","Orichalcum"],"acts_visited":["Exordium","TheCity","TheBeyond"],"potions_floor_usage":[50,50,50,50],"damage_taken":[{"damage":0.0,"enemies":"Cultist","floor":1.0,"turns":1.0},{"damage":0.0,"enemies":"Small Slimes","floor":4.0,"turns":1.0},{"damage":0.0,"enemies":"infinitespire:Voidling","floor":5.0,"turns":1.0},{"damage":44.0,"enemies":"Gremlin Nob","floor":6.0,"turns":5.0},{"damage":9.0,"enemies":"2 Fungi Beasts","floor":7.0,"turns":3.0},{"damage":29.0,"enemies":"3 Sentries","floor":8.0,"turns":5.0},{"damage":29.0,"enemies":"Exordium Thugs","floor":10.0,"turns":4.0},{"damage":18.0,"enemies":"Exordium Wildlife","floor":14.0,"turns":3.0},{"damage":49.0,"enemies":"Hexaghost","floor":16.0,"turns":4.0},{"damage":44.0,"enemies":"2 Thieves","floor":18.0,"turns":3.0},{"damage":45.0,"enemies":"3 Byrds","floor":24.0,"turns":3.0},{"damage":59.0,"enemies":"Snake Plant","floor":25.0,"turns":3.0},{"damage":20.0,"enemies":"Cultist and Chosen","floor":30.0,"turns":5.0},{"damage":32.0,"enemies":"Shelled Parasite and Fungi","floor":31.0,"turns":3.0},{"damage":58.0,"enemies":"Automaton","floor":33.0,"turns":5.0},{"damage":9.0,"enemies":"3 Shapes","floor":35.0,"turns":3.0},{"damage":22.0,"enemies":"Orb Walker","floor":37.0,"turns":3.0},{"damage":54.0,"enemies":"Maw","floor":38.0,"turns":5.0},{"damage":10.0,"enemies":"Jaw Worm Horde","floor":40.0,"turns":3.0},{"damage":30.0,"enemies":"4 Shapes","floor":41.0,"turns":3.0},{"damage":42.0,"enemies":"Maw","floor":45.0,"turns":5.0},{"damage":15.0,"enemies":"3 Darklings","floor":47.0,"turns":4.0},{"damage":0.0,"enemies":"Nemesis","floor":48.0,"turns":1.0},{"damage":56,"enemies":"Time Eater","floor":50,"turns":7}],"seed_played":"7516439804430116417","potions_obtained":[{"floor":1.0,"key":"SteroidPotion"},{"floor":5.0,"key":"Milkshake"},{"floor":6.0,"key":"FairyPotion"},{"floor":10.0,"key":"Fruit Juice"},{"floor":18.0,"key":"BloodPotion"},{"floor":27.0,"key":"ElixirPotion"},{"floor":27.0,"key":"LiquidBronze"},{"floor":27.0,"key":"SkillPotion"},{"floor":30.0,"key":"Explosive Potion"},{"floor":31.0,"key":"SteroidPotion"},{"floor":33.0,"key":"SkillPotion"},{"floor":35.0,"key":"Energy Potion"},{"floor":37.0,"key":"Milkshake"},{"floor":38.0,"key":"LifebloodPotion"},{"floor":40.0,"key":"Explosive Potion"},{"floor":41.0,"key":"SmokeBomb"},{"floor":44.0,"key":"Swift Potion"},{"floor":44.0,"key":"SteroidPotion"},{"floor":45.0,"key":"Weak Potion"}],"is_trial":false,"path_per_floor":["M","?","?","M","M","E","M","E","T","M","$","R","?","M","R_BF","B",null,"M","?","AVR","?","$","R","M","M","T","T","R","T","M","M","R","B",null,"M","?","M","M","?","M","M","R","T","?","M","$","M","E","R","B",null],"character_chosen":"IRONCLAD","items_purchased":["Brimstone","Pen Nib","Flex","Lee\u0027s Waffle","Orichalcum","LifebloodPotion","Power Through+1"],"campfire_rested":5,"item_purchase_floors":[11,11,11,22,46,46,46],"current_hp_per_floor":[74,79,79,80,80,42,39,16,16,22,22,47,47,35,60,17,68,47,47,47,47,92,92,65,24,24,24,51,51,49,35,62,22,75,84,84,80,44,44,52,40,67,67,73,49,49,52,70,94,56],"gold":95,"neow_bonus":"THREE_ENEMY_KILL","is_daily":false,"chose_seed":false,"campfire_upgraded":1,"win_rate":0.0,"timestamp":1608417942,"path_taken":["M","?","?","M","?","E","M","E","T","?","$","R","?","M","R_BF","BOSS","M","?","AVR","?","$","R","?","M","T","?","R","?","M","?","R","BOSS","M","?","M","M","?","M","M","R","T","?","M","?","?","E","R","BOSS"],"items_purchased_type":["Relic","Relic","Card","Relic","Relic","Potion","Card"],"build_version":"2020-12-13","purchased_purges":1,"victory":true,"max_hp_per_floor":[75,80,80,80,80,80,80,80,80,85,85,85,85,85,85,85,85,85,85,85,85,92,92,92,92,92,92,92,92,92,92,92,92,92,92,92,90,90,90,90,90,90,90,96,94,94,94,94,94,94],"card_choices":[{"not_picked":["Body Slam","Flex","Searing Blow"],"picked":"SKIP","floor":1.0},{"not_picked":["Pommel Strike","Carnage"],"picked":"Combust","floor":4.0},{"not_picked":["Heavy Blade","True Grit"],"picked":"Wild Strike","floor":5.0},{"not_picked":["Whirlwind","Armaments"],"picked":"Evolve","floor":6.0},{"not_picked":["Battle Trance","Warcry"],"picked":"Cleave","floor":7.0},{"not_picked":["Warcry","Heavy Blade","Burning Pact"],"picked":"SKIP","floor":8.0},{"not_picked":["Dark Embrace","Uppercut"],"picked":"Limit Break","floor":10.0},{"not_picked":["Perfected Strike","Disarm"],"picked":"Sword Boomerang","floor":14.0},{"not_picked":["Demon Form","Juggernaut"],"picked":"Brutality","floor":16.0},{"not_picked":["Battle Trance+1","Havoc"],"picked":"Rupture","floor":18.0},{"not_picked":["Clash+1","Armaments"],"picked":"Headbutt","floor":24.0},{"not_picked":["Disarm","Wild Strike"],"picked":"Hemokinesis","floor":25.0},{"not_picked":["Flex","Thunderclap"],"picked":"Spot Weakness","floor":30.0},{"not_picked":["Shrug It Off","Thunderclap","Body Slam"],"picked":"SKIP","floor":31.0},{"not_picked":["Exhume","Offering"],"picked":"Berserk","floor":33.0},{"not_picked":["Clash","Body Slam"],"picked":"Rampage+1","floor":35.0},{"not_picked":["Shrug It Off","Headbutt","Clash"],"picked":"SKIP","floor":37.0},{"not_picked":["True Grit+1","Warcry"],"picked":"Blood for Blood","floor":38.0},{"not_picked":["Wild Strike","Anger+1"],"picked":"Rage","floor":40.0},{"not_picked":["Burning Pact","Clothesline+1","Second Wind"],"picked":"SKIP","floor":41.0},{"not_picked":["Thunderclap","Whirlwind"],"picked":"Power Through","floor":45.0},{"not_picked":["Clothesline","Combust+1","Headbutt+1"],"picked":"SKIP","floor":47.0}],"player_experience":407625,"relics_obtained":[{"floor":6.0,"key":"Bottled Tornado"},{"floor":8.0,"key":"Gambling Chip"},{"floor":9.0,"key":"Iron Hammer"},{"floor":21.0,"key":"ReplayTheSpireMod:Ring of Collecting"},{"floor":26.0,"key":"ReplayTheSpireMod:Ring of Exchange"},{"floor":26.0,"key":"Blue Candle"},{"floor":27.0,"key":"Replay:Bandana"},{"floor":27.0,"key":"ReplayTheSpireMod:Ring of Addiction"},{"floor":27.0,"key":"White Beast Statue"},{"floor":27.0,"key":"Potion Belt"},{"floor":29.0,"key":"Garlic"},{"floor":43.0,"key":"Darkstone Periapt"},{"floor":43.0,"key":"Ring of Hypnosis"}],"event_choices":[{"damage_healed":0.0,"max_hp_gain":5.0,"max_hp_loss":0.0,"gold_gain":0.0,"event_name":"Big Fish","player_choice":"Donut","floor":2.0,"gold_loss":0.0,"damage_taken":0.0},{"damage_healed":0.0,"max_hp_gain":0.0,"max_hp_loss":0.0,"gold_gain":0.0,"event_name":"Upgrade Shrine","player_choice":"Upgraded","floor":3.0,"gold_loss":0.0,"damage_taken":0.0,"cards_upgraded":["Bash"]},{"cards_removed":["Strike_R"],"damage_healed":0.0,"max_hp_gain":0.0,"max_hp_loss":0.0,"gold_gain":0.0,"event_name":"Purifier","player_choice":"Purged","floor":13.0,"gold_loss":0.0,"damage_taken":0.0},{"damage_healed":0.0,"max_hp_gain":0.0,"max_hp_loss":0.0,"gold_gain":50.0,"event_name":"betterThird:BetterNest","player_choice":"Steal","floor":19.0,"gold_loss":0.0,"damage_taken":0.0},{"damage_healed":0.0,"max_hp_gain":0.0,"max_hp_loss":0.0,"gold_gain":0.0,"event_name":"Mysterious Sphere","player_choice":"Ignored","floor":36.0,"gold_loss":0.0,"damage_taken":0.0}],"is_beta":false,"boss_relics":[{"not_picked":["Honey Jar","Runic Pyramid"],"picked":"Empty Cage"},{"not_picked":["ReplayTheSpireMod:CursedCoin","Ring of Chaos"],"picked":"ClockworkSouvenir"}],"items_purged_floors":[46],"is_endless":false,"potions_floor_spawned":[1,5,6,10,18,30,31,33,35,37,38,40,41,45,47,48],"ascension_level":16}}