{"host":"su73a2bh8339ktv3","time":1608383648,"event":{"mods":["AchievementEnabler","Aspiration","Bard","BaseMod","Beaked The Cultist","Better Altar","Better Match","Better Note","Better Sensory Stone","Better Skull","Better Third Choice","BetterRewards","CCEM","Clawfect","Colored Map","Conspire","Downfall","GifTheSpireLib","Googly Eyes","Halation","Hermit","Highlight Path","Hubris","Hunter ??","Infinite Spire","Jedi Mod","Jorbs\u0027s Wanderer Trilogy","Mad Scientist","Marisa????????","Mimic Mod","Minty Spire (QoL Compilation)","Permanent Neow","Replay The Spire","Shade Mod","Shop Mod","Spicy Shops","StSLib","Stuff the Spire","The Administrix","The Blackbeard","The Bug Knight","The Construct","The Cursed","The Disciple","The Gatherer","The Hierophant","The Jungle","The Mystic","The Necromancer","The Problem Sleuth","The Runesmith","The Servant 0.9.4","The Spell Scribe","The Witch","Unceasing Turn Reminder","[IsaacMod]????","everything is the same but u backflip on backflip","slay the spire mod where everything is the same but ironclad has a cowboy hat"],"gold_per_floor":[0,15,0,18,18,50,50,111,111,111,129,24,38,23,34,135,135,60,93,111,128,158,168,194,194,214,242,242,242,255,272,287,287,287],"floor_reached":33,"playtime":2069,"items_purged":[],"score":365,"play_id":"f2c9da6b-cd52-45c0-a824-d4d6b2887020","local_time":"20201220001408","is_ascension_mode":true,"campfire_choices":[{"floor":1,"key":"DIG"},{"floor":5,"key":"RECALL"},{"data":"StuffTheSpire:Rapture","floor":10,"key":"SMITH"},{"data":"ReplayTheSpireMod:??????????????????????","floor":18,"key":"SMITH"},{"floor":25,"key":"REST"}],"circlet_count":0,"master_deck":["Guardian:Strike_Guardian","Guardian:Strike_Guardian","Guardian:Strike_Guardian","Guardian:Strike_Guardian","Guardian:Defend_Guardian","Guardian:Defend_Guardian","Guardian:Defend_Guardian","Guardian:Defend_Guardian","Guardian:CurlUp","Guardian:ChargeUp","Guardian:FuturePlans","Guardian:BaubleBeam","Guardian:TwinSlam","Guardian:Planning","StuffTheSpire:Rapture+1","Guardian:SpikerProtocol","Guardian:GatlingBeam","Guardian:TimeCapacitor","Guardian:ChargeUp","Guardian:PrimingBeam","Guardian:BronzeOrb","Guardian:RevengeProtocol","hubris:Wrath","Runesmith:Fortify","Dramatic Entrance","ReplayTheSpireMod:??????????????????????+1","Guardian:Orbwalk+1","Guardian:BronzeArmor","Guardian:Reroute+1","Guardian:SentryBeam","Guardian:Clone","Guardian:Gem_Blue","Guardian:ArmoredProtocol","Guardian:RefractedBeam","Guardian:Recover"],"relics":["Guardian:ModeShifter","HushsDoor","KeepersGift","Lizard Tail","ReplayFunnel","StuffTheSpire:Mouthbags","BookOfRevelations","ReplayTheSpireMod:SealedPack","downfall:HeartBlessingRed","UnicornStump","Boot","halation:PromiseList","PrismaticShard"],"acts_visited":["Exordium","TheCity"],"potions_floor_usage":[6,8,12,16,22,22,22],"damage_taken":[{"damage":2,"enemies":"Cultist","floor":2,"turns":6},{"damage":0,"enemies":"downfall:FleeingMerchant","floor":3,"turns":4},{"damage":4,"enemies":"Jaw Worm","floor":4,"turns":5},{"damage":11,"enemies":"3 Sentries","floor":6,"turns":10},{"damage":24,"enemies":"Lagavulin Event","floor":8,"turns":7},{"damage":4,"enemies":"Small Slimes","floor":11,"turns":3},{"damage":0,"enemies":"downfall:FleeingMerchant","floor":12,"turns":4},{"damage":10,"enemies":"Large Slime","floor":13,"turns":5},{"damage":0,"enemies":"downfall:FleeingMerchant","floor":14,"turns":4},{"damage":6,"enemies":"Lots of Slimes","floor":15,"turns":3},{"damage":14,"enemies":"downfall:Silent","floor":16,"turns":6},{"damage":16,"enemies":"HollowMod:Nosk","floor":19,"turns":6},{"damage":8,"enemies":"Shell Parasite","floor":20,"turns":5},{"damage":3,"enemies":"Spheric Guardian","floor":21,"turns":3},{"damage":41,"enemies":"Slavers","floor":22,"turns":4},{"damage":9,"enemies":"Shelled Parasite and Fungi","floor":23,"turns":3},{"damage":0,"enemies":"Snecko","floor":26,"turns":4},{"damage":13,"enemies":"Gremlin Leader","floor":27,"turns":5},{"damage":12,"enemies":"Centurion and Healer","floor":30,"turns":4},{"damage":29,"enemies":"Cultist and Chosen","floor":31,"turns":6},{"damage":2,"enemies":"Snecko","floor":32,"turns":4},{"damage":35,"enemies":"downfall:Ironclad","floor":33,"turns":7}],"seed_played":"-1097496139000913704","potions_obtained":[{"floor":2,"key":"Weak Potion"},{"floor":4,"key":"construct:ShiftPotion"},{"floor":11,"key":"SkillPotion"},{"floor":15,"key":"LiquidBronze"},{"floor":16,"key":"Strength Potion"},{"floor":19,"key":"sneckomod:MuddlingPotion"},{"floor":21,"key":"SkillPotion"},{"floor":26,"key":"construct:ShiftPotion"},{"floor":31,"key":"FearPotion"}],"is_trial":false,"path_per_floor":["R_BF","M","$","M","R","E","T","?","?","R","M","$","M","$","M","B",null,"R","E","M","M","E","M","T","R","M","E","?","?","M","M","M","B"],"character_chosen":"GUARDIAN","items_purchased":["Guardian:TimeCapacitor"],"campfire_rested":1,"item_purchase_floors":[12],"current_hp_per_floor":[80,78,78,74,74,63,63,39,39,39,35,35,25,25,19,5,80,80,64,56,53,12,3,3,27,27,14,14,6,45,21,24,0,0],"gold":287,"neow_bonus":"ONE_RARE_RELIC","is_daily":false,"chose_seed":false,"campfire_upgraded":2,"win_rate":0.0,"timestamp":1608383648,"path_taken":["R_BF","M","?","M","R","E","T","?","?","R","M","$","M","$","M","BOSS","R","E","?","M","E","M","T","R","?","E","?","?","M","?","M","BOSS"],"items_purchased_type":["Card"],"build_version":"2020-12-13","purchased_purges":0,"victory":false,"max_hp_per_floor":[80,80,80,80,80,80,80,80,80,80,80,80,80,80,80,80,80,80,80,80,80,80,80,80,80,80,80,80,80,80,80,80,80,80],"card_choices":[{"not_picked":["Guardian:Reroute","Guardian:WalkerClaw"],"picked":"Guardian:ChargeUp","floor":2},{"not_picked":["Bomb","Guardian:RefractedBeam"],"picked":"Guardian:FuturePlans","floor":3},{"not_picked":["Guardian:PrimingBeam","Guardian:TemporalShield"],"picked":"Guardian:BaubleBeam","floor":4},{"not_picked":["Guardian:RollAttack","Guardian:DonusPower"],"picked":"Guardian:Gem_Yellow","floor":6},{"not_picked":["Guardian:ShieldCharger","Guardian:Emergency"],"picked":"Guardian:Planning","floor":8},{"not_picked":["StuffTheSpire:Brawn","StuffTheSpire:BrainWave"],"picked":"StuffTheSpire:Rapture","floor":9},{"not_picked":["Guardian:Gem_Cyan","Guardian:Incinerate"],"picked":"Guardian:SpikerProtocol","floor":11},{"not_picked":["Guardian:Suspension","Guardian:Planning"],"picked":"Guardian:GatlingBeam","floor":12},{"not_picked":["Guardian:RollAttack","Guardian:ShieldCharger"],"picked":"Guardian:ChargeUp","floor":13},{"not_picked":["Guardian:TimeBomb","Guardian:Gem_Green"],"picked":"Guardian:PrimingBeam","floor":14},{"not_picked":["Guardian:Gem_Cyan","Guardian:PiercingHide"],"picked":"Guardian:BronzeOrb","floor":15},{"not_picked":["Guardian:FierceBash","Guardian:BaubleBeam"],"picked":"Guardian:RevengeProtocol","floor":16},{"not_picked":["MadScienceMod:PoweredStrike","UpSweep"],"picked":"Runesmith:Fortify","floor":17},{"not_picked":["Guardian:FastForward","Guardian:RevengeProtocol"],"picked":"Guardian:Gem_Orange","floor":17},{"not_picked":["Finesse","StuffTheSpire:FreeRealEstate"],"picked":"Dramatic Entrance","floor":17},{"not_picked":["ReplayTheSpireMod:Echoes of Time","ReplayTheSpireMod:Haul"],"picked":"ReplayTheSpireMod:??????????????????????","floor":17},{"not_picked":["Guardian:ShieldSpikes","Guardian:BronzeArmor"],"picked":"Guardian:Orbwalk+1","floor":19},{"not_picked":["Guardian:RefractedBeam","Guardian:DonusPower"],"picked":"Guardian:BronzeArmor","floor":20},{"not_picked":["Guardian:DecasProtection","Guardian:Gem_Purple"],"picked":"Guardian:Reroute+1","floor":21},{"not_picked":["Guardian:SphericShield","Guardian:TemporalShield"],"picked":"Guardian:SentryBeam","floor":22},{"not_picked":["Guardian:Gem_Blue","Guardian:ArmoredProtocol"],"picked":"Guardian:Clone","floor":23},{"not_picked":["Guardian:TemporalShield+1","Guardian:DonusPower"],"picked":"Guardian:Gem_Blue","floor":26},{"not_picked":["Guardian:DecasProtection","Guardian:Reroute"],"picked":"Guardian:ArmoredProtocol","floor":27},{"not_picked":["Guardian:BronzeOrb","Guardian:Gem_Red"],"picked":"Guardian:RefractedBeam","floor":29},{"not_picked":["expansioncontent:BronzeBeam","Runesmith:Prism"],"picked":"Guardian:Recover","floor":30},{"not_picked":["MadScienceMod:FlexibleSpear","HollowMod:InfectionAssault","BoneCarving"],"picked":"SKIP","floor":31},{"not_picked":["AdministrixMod:QuietConspiracy","theScribe:Focused+1","jedi:fear"],"picked":"SKIP","floor":32}],"player_experience":121448,"relics_obtained":[{"floor":1,"key":"ReplayFunnel"},{"floor":6,"key":"StuffTheSpire:Mouthbags"},{"floor":7,"key":"BookOfRevelations"},{"floor":8,"key":"halation:AfternoonTea"},{"floor":19,"key":"UnicornStump"},{"floor":24,"key":"Boot"},{"floor":27,"key":"halation:PromiseList"},{"floor":29,"key":"PrismaticShard"}],"event_choices":[],"is_beta":false,"boss_relics":[{"not_picked":["aspiration:RunicSpoon","aspiration:RunesmithSkillbook"],"picked":"ReplayTheSpireMod:SealedPack"},{"not_picked":[]}],"items_purged_floors":[],"is_endless":false,"potions_floor_spawned":[2,4,11,15,16,19,21,26,31],"killed_by":"downfall:Ironclad","ascension_level":2}}