{"host":"o98f72bjn8jxgroo","time":1608417281,"event":{"mods":["Act Like it!","BaseMod","Dio Mod","GifTheSpireLib","Jedi Mod","Minty Spire (QoL Compilation)","Relic Stats","Spicy Shops","StSLib","TheVacant","??????REMEMod"],"gold_per_floor":[114,64,15,15,28,28,28,28,28,51,51,51,126,199,199,199,199],"floor_reached":16,"playtime":770,"items_purged":[],"score":86,"play_id":"283f83a7-9017-4a96-b6cf-1f4a23b6d653","local_time":"20201219203441","daily_mods":["Draft","Green Cards","Blue Cards","Purple Cards","Colorless Cards","Heirloom","Flight"],"is_ascension_mode":false,"campfire_choices":[{"data":"Venomology","floor":6,"key":"SMITH"},{"data":"Reprogram","floor":7,"key":"SMITH"},{"data":"Well Laid Plans","floor":8,"key":"SMITH"},{"data":"Blade Dance","floor":12,"key":"SMITH"},{"floor":15,"key":"REST"}],"circlet_count":0,"master_deck":["theVacant:Gloom","Slice","theVacant:GraveDigger","Undo+1","Reprogram+1","theVacant:Hex","Well Laid Plans+1","REME_ShortnessOfBreath","theVacant:BurdenBreak","Flying Knee","dioMod:VengefulMuda","dioMod:DarkRebirth","dioMod:FlyAway+1","Blade Dance+1","The Bomb","dioMod:Hiss","Venomology+1","jedi:pocketpoison"],"relics":["theVacant:BrassGoblet","REME_ComplimentaryCards","Thread and Needle","Golden Idol","Centennial Puzzle","War Paint"],"acts_visited":["Exordium"],"potions_floor_usage":[16],"damage_taken":[{"damage":7,"enemies":"Jaw Worm","floor":1,"turns":2},{"damage":10,"enemies":"2 Louse","floor":5,"turns":3},{"damage":0,"enemies":"Small Slimes","floor":10,"turns":3},{"damage":22,"enemies":"Gremlin Nob","floor":14,"turns":4},{"damage":19,"enemies":"The Guardian","floor":16,"turns":6}],"seed_played":"8636154429628475610","potions_obtained":[{"floor":1,"key":"Dexterity Potion"}],"is_trial":true,"path_per_floor":["M","?","$","?","M","R","R","R","T","M","$","R","?","?","R","B"],"character_chosen":"THE_VACANT","items_purchased":["dioMod:Hiss"],"campfire_rested":1,"item_purchase_floors":[3],"current_hp_per_floor":[73,73,73,53,43,43,43,43,43,43,43,43,32,10,34,15,15],"gold":199,"neow_bonus":"","is_daily":false,"chose_seed":false,"campfire_upgraded":4,"win_rate":0.0,"timestamp":1608417281,"path_taken":["M","?","$","?","M","R","R","R","T","?","$","R","?","?","R","BOSS"],"items_purchased_type":["Card"],"build_version":"2020-12-13","purchased_purges":0,"victory":false,"max_hp_per_floor":[80,80,80,80,80,80,80,80,80,80,80,80,80,80,80,80,80],"relic_stats":{"Centennial Puzzle":[6],"counters":[5,18],"Golden Idol":17,"War Paint":["Undo","dioMod:FlyAway"],"obtain_stats":[{"Centennial Puzzle":9,"theVacant:BrassGoblet":0,"Golden Idol":4,"Thread and Needle":0,"War Paint":14,"REME_ComplimentaryCards":0},{"Centennial Puzzle":2,"theVacant:BrassGoblet":0,"Golden Idol":1,"Thread and Needle":0,"War Paint":4,"REME_ComplimentaryCards":0},{"Centennial Puzzle":5,"theVacant:BrassGoblet":0,"Golden Idol":2,"Thread and Needle":0,"War Paint":12,"REME_ComplimentaryCards":0}]},"card_choices":[{"not_picked":["dioMod:SadisticLaugh","dioMod:FlyAway"],"picked":"theVacant:Gloom","floor":0},{"not_picked":["theVacant:Thoughtseize","Heatsinks"],"picked":"Slice","floor":0},{"not_picked":["Stack","theVacant:OnSecondThought"],"picked":"theVacant:GraveDigger","floor":0},{"not_picked":["Compile Driver","theVacant:Jab"],"picked":"Undo","floor":0},{"not_picked":["Trip","Sweeping Beam"],"picked":"Reprogram","floor":0},{"not_picked":["dioMod:BloodSplash","Outmaneuver"],"picked":"theVacant:Hex","floor":0},{"not_picked":["Reflex","Gash"],"picked":"Well Laid Plans","floor":0},{"not_picked":["Sucker Punch","REME_ShadowStrike"],"picked":"REME_ShortnessOfBreath","floor":0},{"not_picked":["Prepared","Swift Strike"],"picked":"theVacant:EmbraceDarkness","floor":0},{"not_picked":["dioMod:ComposedMuda","Go for the Eyes"],"picked":"theVacant:BurdenBreak","floor":0},{"not_picked":["Coolheaded","Underhanded Strike"],"picked":"Flying Knee","floor":0},{"not_picked":["Stack","theVacant:Necromancy"],"picked":"dioMod:VengefulMuda","floor":0},{"not_picked":["dioMod:BlendIn","Redo"],"picked":"dioMod:DarkRebirth","floor":0},{"not_picked":["Coolheaded","dioMod:BlendIn"],"picked":"dioMod:FlyAway","floor":0},{"not_picked":["Blur","Expertise"],"picked":"Blade Dance","floor":0},{"not_picked":["theVacant:BattleScars","Stack","dioMod:WRYYY"],"picked":"SKIP","floor":1},{"not_picked":["Flying Knee","dioMod:SecretPlan"],"picked":"Venomology","floor":5},{"not_picked":["theVacant:ShutAway","jedi:spotbugs","theVacant:OnSecondThought"],"picked":"SKIP","floor":10},{"not_picked":["theVacant:CursedBlast","theVacant:FranticBlow"],"picked":"jedi:pocketpoison","floor":14}],"player_experience":334644,"relics_obtained":[{"floor":9,"key":"Centennial Puzzle"},{"floor":14,"key":"War Paint"}],"event_choices":[{"cards_removed":["theVacant:EmbraceDarkness"],"damage_healed":0,"gold_gain":0,"player_choice":"Card Removal","damage_taken":0,"max_hp_gain":0,"max_hp_loss":0,"event_name":"The Cleric","floor":2,"gold_loss":50},{"damage_healed":0,"gold_gain":0,"player_choice":"Take Damage","damage_taken":20,"relics_obtained":["Golden Idol"],"max_hp_gain":0,"max_hp_loss":0,"event_name":"Golden Idol","floor":4,"gold_loss":0},{"damage_healed":0,"gold_gain":75,"player_choice":"Gather Gold","damage_taken":11,"max_hp_gain":0,"max_hp_loss":0,"event_name":"World of Goop","floor":13,"gold_loss":0},{"damage_healed":0,"gold_gain":30,"player_choice":"Searched \u00272\u0027 times","damage_taken":0,"max_hp_gain":0,"max_hp_loss":0,"event_name":"Dead Adventurer","floor":14,"gold_loss":0}],"is_beta":false,"boss_relics":[],"items_purged_floors":[],"is_endless":false,"potions_floor_spawned":[1,14],"killed_by":"The Guardian","ascension_level":0}}