{"host":"85dtmvttrcbdj5h5","time":1608414545,"event":{"mods":["AchievementEnabler","BaseMod","Bestiary","Colored Powertips","Filter the Spire","Highlight Path","Minty Spire (QoL Compilation)","Potion Indicator Mod","RNG Fix","Relic Stats"],"gold_per_floor":[119,119,135,155,173,173,208,271,271,271,291,326,339,339,339,441,441,451,432,531,213,247,247,274,274,323,323,338,338,364,364,364,468,468,478,172,222,236,255,290,305,305,377,377,433,442,442,466,466,466,466,466,38,80,80,80],"floor_reached":55,"playtime":4728,"items_purged":["Strike_R","Strike_R","Strike_R"],"score":793,"play_id":"4ffa3d31-f172-4d94-b5cf-2cea13273691","local_time":"20201219164905","is_ascension_mode":false,"campfire_choices":[{"data":"True Grit","floor":6.0,"key":"SMITH"},{"data":"Shockwave","floor":10.0,"key":"SMITH"},{"data":"Metallicize","floor":15.0,"key":"SMITH"},{"data":"Impervious","floor":23.0,"key":"SMITH"},{"data":"Demon Form","floor":25.0,"key":"SMITH"},{"data":"Heavy Blade","floor":29.0,"key":"SMITH"},{"data":"Whirlwind","floor":32.0,"key":"SMITH"},{"floor":42.0,"key":"RECALL"},{"data":"Juggernaut","floor":44.0,"key":"SMITH"},{"data":"Power Through","floor":47.0,"key":"SMITH"},{"data":"Brutality","floor":49.0,"key":"SMITH"},{"data":"Strike_R","floor":52.0,"key":"PURGE"}],"circlet_count":0,"master_deck":["Strike_R","Defend_R","Defend_R","Defend_R","Bash","Shockwave+1","Iron Wave","Warcry+1","Wild Strike","True Grit+1","Impervious+1","Metallicize+1","Demon Form+1","Uppercut","Bloodletting+1","Brutality+1","Feel No Pain","Spot Weakness","Shrug It Off","Whirlwind+1","Heavy Blade+1","Second Wind","Juggernaut+1","Rupture+1","Rage+1","Iron Wave+1","Power Through+1","Panache","Flame Barrier+1","Flame Barrier+1"],"relics":["Burning Blood","Singing Bowl","Juzu Bracelet","Calipers","Lantern","Velvet Choker","Toy Ornithopter","Red Mask","Letter Opener","War Paint","Eternal Feather","Omamori","Calling Bell","Smiling Mask","Molten Egg 2","Peace Pipe","Akabeko","Mango","CeramicFish","CaptainsWheel","Ornamental Fan","Strawberry"],"acts_visited":["Exordium","TheCity","TheBeyond","TheEnding"],"potions_floor_usage":[55,55],"damage_taken":[{"damage":6.0,"enemies":"Cultist","floor":1.0,"turns":4.0},{"damage":3.0,"enemies":"Jaw Worm","floor":3.0,"turns":3.0},{"damage":0.0,"enemies":"Small Slimes","floor":4.0,"turns":3.0},{"damage":4.0,"enemies":"2 Fungi Beasts","floor":5.0,"turns":4.0},{"damage":3.0,"enemies":"Gremlin Nob","floor":7.0,"turns":4.0},{"damage":19.0,"enemies":"3 Sentries","floor":8.0,"turns":9.0},{"damage":3.0,"enemies":"Large Slime","floor":11.0,"turns":6.0},{"damage":14.0,"enemies":"3 Sentries","floor":12.0,"turns":9.0},{"damage":9.0,"enemies":"Exordium Wildlife","floor":13.0,"turns":5.0},{"damage":11.0,"enemies":"The Guardian","floor":16.0,"turns":12.0},{"damage":1.0,"enemies":"Shell Parasite","floor":18.0,"turns":5.0},{"damage":0.0,"enemies":"2 Thieves","floor":19.0,"turns":4.0},{"damage":16.0,"enemies":"Masked Bandits","floor":22.0,"turns":6.0},{"damage":25.0,"enemies":"Gremlin Leader","floor":24.0,"turns":8.0},{"damage":6.0,"enemies":"Snake Plant","floor":28.0,"turns":4.0},{"damage":12.0,"enemies":"Book of Stabbing","floor":30.0,"turns":5.0},{"damage":49.0,"enemies":"Champ","floor":33.0,"turns":11.0},{"damage":12.0,"enemies":"Orb Walker","floor":35.0,"turns":5.0},{"damage":6.0,"enemies":"Mind Bloom Boss Battle","floor":37.0,"turns":7.0},{"damage":6.0,"enemies":"3 Shapes","floor":38.0,"turns":6.0},{"damage":14.0,"enemies":"Maw","floor":39.0,"turns":7.0},{"damage":6.0,"enemies":"Reptomancer","floor":40.0,"turns":7.0},{"damage":16.0,"enemies":"3 Darklings","floor":41.0,"turns":6.0},{"damage":52.0,"enemies":"2 Orb Walkers","floor":45.0,"turns":7.0},{"damage":0.0,"enemies":"Jaw Worm Horde","floor":48.0,"turns":1.0},{"damage":34.0,"enemies":"Donu and Deca","floor":50.0,"turns":8.0},{"damage":43.0,"enemies":"Shield and Spear","floor":54.0,"turns":8.0},{"damage":99,"enemies":"The Heart","floor":55,"turns":11}],"seed_played":"6298125520696384881","potions_obtained":[{"floor":1.0,"key":"DistilledChaos"},{"floor":4.0,"key":"Energy Potion"},{"floor":5.0,"key":"Energy Potion"},{"floor":13.0,"key":"PowerPotion"},{"floor":16.0,"key":"DuplicationPotion"},{"floor":22.0,"key":"Weak Potion"},{"floor":24.0,"key":"SkillPotion"},{"floor":33.0,"key":"Block Potion"},{"floor":38.0,"key":"DistilledChaos"},{"floor":40.0,"key":"LiquidBronze"},{"floor":41.0,"key":"Strength Potion"},{"floor":48.0,"key":"FearPotion"}],"is_trial":false,"path_per_floor":["M","?","M","M","M","R","E","?","T","R","M","E","M","?","R","B",null,"M","M","?","$","?","R","E","R","T","?","M","R","E","?","R","B",null,"M","$","?","M","M","E","M","R","T","R","?","?","R","M","R","B",null,"R","$","E","B"],"character_chosen":"IRONCLAD","items_purchased":["Toy Ornithopter","FearPotion","Weak Potion","Akabeko","FearPotion","Dexterity Potion","DuplicationPotion","Block Potion","Ornamental Fan"],"campfire_rested":0,"item_purchase_floors":[21,21,21,36,36,36,53,53,53],"current_hp_per_floor":[80,80,80,80,80,80,82,69,69,69,72,64,61,61,61,56,82,82,82,82,82,72,72,60,60,60,60,60,60,54,54,69,41,84,78,78,94,94,93,98,90,104,104,104,58,52,70,76,94,71,108,108,108,83,0,0],"gold":80,"neow_bonus":"THREE_CARDS","is_daily":false,"chose_seed":false,"campfire_upgraded":10,"win_rate":0.0,"timestamp":1608414545,"path_taken":["M","?","?","M","M","R","E","?","T","R","M","E","M","?","R","BOSS","M","M","?","$","?","R","E","R","T","?","M","R","E","?","R","BOSS","M","$","?","M","M","E","M","R","T","R","?","?","R","M","R","BOSS","R","$","E","BOSS"],"items_purchased_type":["Relic","Potion","Potion","Relic","Potion","Potion","Potion","Potion","Relic"],"build_version":"2020-12-13","purchased_purges":3,"victory":false,"max_hp_per_floor":[80,80,80,80,80,80,82,82,82,82,82,82,82,82,82,82,82,82,82,82,82,82,82,84,84,84,84,84,84,84,84,84,84,84,84,84,100,100,102,102,104,104,104,104,104,108,108,108,108,108,108,108,108,115,115,115],"relic_stats":{"Singing Bowl":14,"counters":[28,175],"CeramicFish":45,"Eternal Feather":65,"Juzu Bracelet":1,"Letter Opener":[115],"War Paint":["Bloodletting","Warcry"],"Smiling Mask":125,"Burning Blood":137,"Peace Pipe":1,"Ornamental Fan":[4],"obtain_stats":[{"Lantern":12,"Calipers":9,"Singing Bowl":7,"CeramicFish":40,"Velvet Choker":17,"Eternal Feather":30,"Mango":37,"Juzu Bracelet":8,"Omamori":31,"Letter Opener":24,"War Paint":26,"Smiling Mask":34,"Burning Blood":0,"Akabeko":36,"Calling Bell":34,"Peace Pipe":34,"CaptainsWheel":45,"Ornamental Fan":53,"Strawberry":54,"Molten Egg 2":34,"Red Mask":22,"Toy Ornithopter":21},{"Lantern":8,"Calipers":6,"Singing Bowl":5,"CeramicFish":22,"Velvet Choker":10,"Eternal Feather":16,"Mango":19,"Juzu Bracelet":6,"Omamori":16,"Letter Opener":14,"War Paint":14,"Smiling Mask":17,"Burning Blood":0,"Akabeko":18,"Calling Bell":17,"Peace Pipe":17,"CaptainsWheel":24,"Ornamental Fan":26,"Strawberry":27,"Molten Egg 2":17,"Red Mask":13,"Toy Ornithopter":12},{"Lantern":42,"Calipers":27,"Singing Bowl":18,"CeramicFish":134,"Velvet Choker":59,"Eternal Feather":91,"Mango":114,"Juzu Bracelet":27,"Omamori":91,"Letter Opener":82,"War Paint":82,"Smiling Mask":102,"Burning Blood":0,"Akabeko":107,"Calling Bell":102,"Peace Pipe":102,"CaptainsWheel":147,"Ornamental Fan":156,"Strawberry":164,"Molten Egg 2":102,"Red Mask":74,"Toy Ornithopter":68}],"Toy Ornithopter":50},"card_choices":[{"not_picked":["Clothesline","Headbutt"],"picked":"Shockwave","floor":0.0},{"not_picked":["Pummel","Thunderclap"],"picked":"Iron Wave","floor":1.0},{"not_picked":["Clothesline","Havoc"],"picked":"Warcry","floor":3.0},{"not_picked":["Pommel Strike","Heavy Blade"],"picked":"Wild Strike","floor":4.0},{"not_picked":["Barricade","Warcry"],"picked":"True Grit","floor":5.0},{"not_picked":["Flex","Body Slam","Sword Boomerang"],"picked":"Singing Bowl","floor":7.0},{"not_picked":["Perfected Strike","Pummel"],"picked":"Impervious","floor":8.0},{"not_picked":["Rupture","Heavy Blade"],"picked":"Metallicize","floor":11.0},{"not_picked":["Seeing Red","Headbutt"],"picked":"Demon Form","floor":12.0},{"not_picked":["Fire Breathing","Armaments"],"picked":"Uppercut","floor":13.0},{"not_picked":["Exhume","Feed"],"picked":"Brutality","floor":16.0},{"not_picked":["Clash+1","Flex"],"picked":"Feel No Pain","floor":18.0},{"not_picked":["Anger","Pommel Strike"],"picked":"Spot Weakness","floor":19.0},{"not_picked":["Anger","Wild Strike"],"picked":"Shrug It Off","floor":22.0},{"not_picked":["Pommel Strike","Shockwave+1","Metallicize"],"picked":"Singing Bowl","floor":24.0},{"not_picked":["Twin Strike","Pommel Strike"],"picked":"Heavy Blade","floor":28.0},{"not_picked":["Carnage","Clash"],"picked":"Second Wind","floor":30.0},{"not_picked":["Corruption","Bludgeon"],"picked":"Juggernaut","floor":33.0},{"not_picked":["Clothesline+1","Flex"],"picked":"Rupture+1","floor":35.0},{"not_picked":["Reckless Charge+1","Pummel+1","Perfected Strike+1"],"picked":"Singing Bowl","floor":37.0},{"not_picked":["Hemokinesis+1","Wild Strike+1"],"picked":"Rage+1","floor":38.0},{"not_picked":["Perfected Strike+1","Thunderclap+1","Seeing Red+1"],"picked":"Singing Bowl","floor":39.0},{"not_picked":["Feed+1","Cleave+1"],"picked":"Iron Wave+1","floor":40.0},{"not_picked":["Headbutt+1","Flex+1","Anger+1"],"picked":"Singing Bowl","floor":41.0},{"not_picked":["Warcry","Thunderclap+1"],"picked":"Power Through","floor":45.0},{"not_picked":["Discovery","Bandage Up","Impatience"],"picked":"Singing Bowl","floor":46.0},{"not_picked":["The Bomb","Purity","Secret Weapon"],"picked":"Singing Bowl","floor":46.0},{"not_picked":["Good Instincts","Magnetism"],"picked":"Panache","floor":46.0},{"not_picked":["Shockwave+1","Cleave+1"],"picked":"Flame Barrier+1","floor":48.0},{"not_picked":["Clash+1","Clothesline+1"],"picked":"Flame Barrier+1","floor":54.0}],"player_experience":119425,"relics_obtained":[{"floor":7.0,"key":"Singing Bowl"},{"floor":8.0,"key":"Juzu Bracelet"},{"floor":9.0,"key":"Calipers"},{"floor":12.0,"key":"Lantern"},{"floor":22.0,"key":"Red Mask"},{"floor":24.0,"key":"Letter Opener"},{"floor":26.0,"key":"War Paint"},{"floor":30.0,"key":"Eternal Feather"},{"floor":34.0,"key":"Smiling Mask"},{"floor":34.0,"key":"Molten Egg 2"},{"floor":34.0,"key":"Peace Pipe"},{"floor":37.0,"key":"Mango"},{"floor":40.0,"key":"CeramicFish"},{"floor":45.0,"key":"CaptainsWheel"},{"floor":54.0,"key":"Strawberry"}],"event_choices":[{"cards_removed":["Defend_R"],"damage_healed":0.0,"max_hp_gain":0.0,"max_hp_loss":0.0,"gold_gain":0.0,"event_name":"Living Wall","player_choice":"Forget","floor":2.0,"gold_loss":0.0,"damage_taken":0.0},{"damage_healed":0.0,"max_hp_gain":0.0,"max_hp_loss":0.0,"gold_gain":0.0,"event_name":"Dead Adventurer","player_choice":"Searched \u00272\u0027 times","floor":8.0,"gold_loss":0.0,"damage_taken":0.0},{"damage_healed":0.0,"max_hp_gain":0.0,"max_hp_loss":0.0,"gold_gain":0.0,"event_name":"Match and Keep!","player_choice":"1 cards matched","floor":14.0,"gold_loss":0.0,"damage_taken":0.0,"cards_obtained":["Bloodletting"]},{"damage_healed":0.0,"max_hp_gain":0.0,"max_hp_loss":0.0,"gold_gain":99.0,"event_name":"Nest","player_choice":"Stole From Cult","floor":20.0,"gold_loss":0.0,"damage_taken":0.0},{"damage_healed":0.0,"max_hp_gain":0.0,"max_hp_loss":0.0,"gold_gain":0.0,"event_name":"Masked Bandits","player_choice":"Fought Bandits","floor":22.0,"gold_loss":0.0,"damage_taken":0.0},{"damage_healed":0.0,"max_hp_gain":0.0,"max_hp_loss":0.0,"gold_gain":0.0,"event_name":"The Library","player_choice":"Read","floor":27.0,"gold_loss":0.0,"damage_taken":0.0,"cards_obtained":["Whirlwind"]},{"damage_healed":0.0,"max_hp_gain":0.0,"max_hp_loss":0.0,"gold_gain":0.0,"event_name":"The Mausoleum","player_choice":"Opened","floor":31.0,"gold_loss":0.0,"damage_taken":0.0,"relics_obtained":["Omamori"]},{"damage_healed":0.0,"max_hp_gain":0.0,"max_hp_loss":0.0,"gold_gain":0.0,"event_name":"MindBloom","player_choice":"Fight","floor":37.0,"gold_loss":0.0,"damage_taken":0.0},{"damage_healed":0.0,"max_hp_gain":0.0,"max_hp_loss":0.0,"gold_gain":0.0,"event_name":"Mysterious Sphere","player_choice":"Fight","floor":45.0,"gold_loss":0.0,"damage_taken":0.0},{"damage_healed":0.0,"max_hp_gain":0.0,"max_hp_loss":0.0,"gold_gain":0.0,"event_name":"SensoryStone","player_choice":"Memory 3","floor":46.0,"gold_loss":0.0,"damage_taken":10.0}],"is_beta":false,"boss_relics":[{"not_picked":["SacredBark","Ectoplasm"],"picked":"Velvet Choker"},{"not_picked":["Runic Cube","Black Blood"],"picked":"Calling Bell"}],"items_purged_floors":[21,36,53],"is_endless":false,"potions_floor_spawned":[1,4,5,13,16,22,24,33,38,40,41,48],"killed_by":"The Heart","ascension_level":0}}