{"host":"u2grshebrc5rdzdn","time":1608399144,"event":{"mods":["AchievementEnabler","BaseMod","Minty Spire (QoL Compilation)","StSLib"],"gold_per_floor":[111,111,125,125,52,96,96,96,120,120,120,120,156,169,169,294,294,315,315,2,2,21,21,21,36,36,55,55,55,55,55,55,154,154,173,173,189,207,51,51,67,67,67,67,67,67,67],"floor_reached":46,"playtime":1762,"items_purged":["Writhe"],"score":506,"play_id":"994fe6b0-ec8b-4d5e-b9a2-db9862c79915","local_time":"20201219183224","is_ascension_mode":true,"campfire_choices":[{"floor":7,"key":"REST"},{"data":"Genetic Algorithm","floor":12,"key":"SMITH"},{"data":"Zap","floor":15,"key":"SMITH"},{"data":"Go for the Eyes","floor":23,"key":"SMITH"},{"floor":28,"key":"REST"},{"data":"Echo Form","floor":30,"key":"SMITH"},{"data":"Fusion","floor":32,"key":"SMITH"},{"floor":40,"key":"REST"},{"data":"Defragment","floor":42,"key":"SMITH"}],"circlet_count":0,"master_deck":["Strike_B+1","Strike_B+1","Strike_B+1","Strike_B+1","Defend_B+1","Defend_B+1","Defend_B+1","Defend_B+1","Zap+1","Dualcast+1","Go for the Eyes+1","Sweeping Beam","Genetic Algorithm+1","Gash","Conserve Battery","Hologram","Echo Form+1","Ball Lightning","Hologram+1","Fusion+1","Gash+1","Defragment+1"],"relics":["Cracked Core","Pocketwatch","Bloody Idol","Nunchaku","WingedGreaves","Vajra","Juzu Bracelet","Happy Flower","SlaversCollar","StrikeDummy","Emotion Chip","Matryoshka","Strawberry","Philosopher\u0027s Stone","Molten Egg 2","Singing Bowl"],"acts_visited":["Exordium","TheCity","TheBeyond"],"potions_floor_usage":[33,46,46,46],"damage_taken":[{"damage":2,"enemies":"Jaw Worm","floor":1,"turns":3},{"damage":0,"enemies":"Small Slimes","floor":3,"turns":3},{"damage":24,"enemies":"Lagavulin","floor":6,"turns":7},{"damage":20,"enemies":"Gremlin Nob","floor":13,"turns":4},{"damage":0,"enemies":"2 Louse","floor":14,"turns":2},{"damage":31,"enemies":"The Guardian","floor":16,"turns":11},{"damage":33,"enemies":"3 Byrds","floor":18,"turns":4},{"damage":13,"enemies":"Shell Parasite","floor":22,"turns":4},{"damage":9,"enemies":"Centurion and Healer","floor":25,"turns":6},{"damage":1,"enemies":"3 Cultists","floor":27,"turns":5},{"damage":40,"enemies":"Collector","floor":33,"turns":10},{"damage":0,"enemies":"3 Shapes","floor":35,"turns":5},{"damage":14,"enemies":"Orb Walker","floor":37,"turns":3},{"damage":38,"enemies":"Spire Growth","floor":38,"turns":6},{"damage":18,"enemies":"4 Shapes","floor":41,"turns":4},{"damage":64,"enemies":"Awakened One","floor":46,"turns":5}],"seed_played":"3967210299999277754","potions_obtained":[{"floor":6,"key":"BlessingOfTheForge"},{"floor":16,"key":"Strength Potion"},{"floor":25,"key":"SteroidPotion"},{"floor":33,"key":"BlessingOfTheForge"},{"floor":35,"key":"SteroidPotion"},{"floor":38,"key":"Regen Potion"},{"floor":44,"key":"Explosive Potion"},{"floor":44,"key":"Swift Potion"}],"is_trial":false,"path_per_floor":["M","?","M","?","$","E","R","T","T","?","?","R","E","M","R","B",null,"M","?","$","?","M","R","?","M","T","M","R","?","R","?","R","B",null,"M","?","M","M","$","R","M","R","T","?","?","B"],"character_chosen":"DEFECT","items_purchased":["Genetic Algorithm","Emotion Chip","Defragment"],"campfire_rested":3,"item_purchase_floors":[5,20,39],"current_hp_per_floor":[52,37,37,37,37,13,33,33,33,33,56,56,36,36,36,5,69,36,36,36,36,28,28,28,24,24,28,48,55,55,55,55,20,76,76,76,67,34,34,56,43,43,43,43,43,0,0],"gold":67,"neow_bonus":"ONE_RARE_RELIC","is_daily":false,"chose_seed":false,"campfire_upgraded":6,"win_rate":0.0,"timestamp":1608399144,"path_taken":["M","?","M","?","$","E","R","?","T","?","?","R","E","M","R","BOSS","M","?","$","?","M","R","?","M","T","M","R","?","R","?","R","BOSS","M","?","M","M","$","R","M","R","T","?","?","BOSS"],"items_purchased_type":["Card","Relic","Card"],"build_version":"2020-12-13","purchased_purges":1,"victory":false,"max_hp_per_floor":[75,75,75,69,69,69,69,69,69,69,69,69,69,69,69,69,69,69,69,69,69,69,69,69,69,69,69,69,76,76,76,76,76,76,76,76,76,76,76,76,76,76,76,76,76,76,76],"card_choices":[{"not_picked":["Turbo","Conserve Battery"],"picked":"Go for the Eyes","floor":1},{"not_picked":["Rebound","Redo"],"picked":"Sweeping Beam","floor":3},{"not_picked":["Reboot","Turbo"],"picked":"Gash","floor":6},{"not_picked":["Hologram","Turbo"],"picked":"Conserve Battery","floor":13},{"not_picked":["Double Energy","Go for the Eyes"],"picked":"Hologram","floor":14},{"not_picked":["Hyperbeam","Meteor Strike"],"picked":"Echo Form","floor":16},{"not_picked":["Rebound","Barrage"],"picked":"Ball Lightning","floor":18},{"not_picked":["Cold Snap","Gash"],"picked":"Hologram+1","floor":22},{"not_picked":["Gash","Streamline","Go for the Eyes"],"picked":"SKIP","floor":25},{"not_picked":["Capacitor","Turbo","Blizzard"],"picked":"SKIP","floor":27},{"not_picked":["Turbo+1","Gash","Conserve Battery"],"picked":"SKIP","floor":35},{"not_picked":["Consume","Rebound+1","Sweeping Beam"],"picked":"SKIP","floor":37},{"not_picked":["Recycle+1","Tempest+1"],"picked":"Gash+1","floor":38},{"not_picked":["Turbo","Beam Cell+1","Force Field"],"picked":"SKIP","floor":41}],"player_experience":298674,"relics_obtained":[{"floor":6,"key":"Nunchaku"},{"floor":8,"key":"WingedGreaves"},{"floor":9,"key":"Vajra"},{"floor":13,"key":"Happy Flower"},{"floor":19,"key":"StrikeDummy"},{"floor":26,"key":"Matryoshka"},{"floor":43,"key":"Molten Egg 2"},{"floor":43,"key":"Singing Bowl"}],"event_choices":[{"damage_healed":0,"gold_gain":0,"player_choice":"Entered Light","damage_taken":15,"max_hp_gain":0,"max_hp_loss":0,"event_name":"Shining Light","floor":2,"gold_loss":0,"cards_upgraded":["Strike_B","Dualcast"]},{"damage_healed":0,"gold_gain":0,"player_choice":"Lose Max HP","damage_taken":0,"relics_obtained":["Golden Idol"],"max_hp_gain":0,"max_hp_loss":6,"event_name":"Golden Idol","floor":4,"gold_loss":0},{"damage_healed":0,"gold_gain":0,"player_choice":"Gave Potion","damage_taken":0,"relics_obtained":["Juzu Bracelet"],"max_hp_gain":0,"max_hp_loss":0,"event_name":"WeMeetAgain","floor":10,"gold_loss":0},{"damage_healed":23,"gold_gain":0,"player_choice":"Banana","damage_taken":0,"max_hp_gain":0,"max_hp_loss":0,"event_name":"Big Fish","floor":11,"gold_loss":0},{"damage_healed":0,"gold_gain":0,"player_choice":"Relic","damage_taken":0,"max_hp_gain":0,"max_hp_loss":0,"event_name":"Wheel of Change","floor":19,"gold_loss":0},{"damage_healed":0,"gold_gain":0,"player_choice":"Gave Idol","damage_taken":0,"relics_obtained":["Bloody Idol"],"max_hp_gain":0,"max_hp_loss":0,"event_name":"Forgotten Altar","floor":21,"relics_lost":["Golden Idol"],"gold_loss":0},{"damage_healed":0,"gold_gain":0,"player_choice":"Simplicity","damage_taken":0,"max_hp_gain":0,"max_hp_loss":0,"event_name":"Back to Basics","floor":24,"gold_loss":0,"cards_upgraded":["Strike_B","Strike_B","Strike_B","Defend_B","Defend_B","Defend_B","Defend_B"]},{"damage_healed":0,"gold_gain":0,"player_choice":"Opened","damage_taken":0,"relics_obtained":["Strawberry"],"max_hp_gain":0,"max_hp_loss":0,"event_name":"The Mausoleum","floor":29,"gold_loss":0,"cards_obtained":["Writhe"]},{"damage_healed":0,"gold_gain":0,"player_choice":"Read","damage_taken":0,"max_hp_gain":0,"max_hp_loss":0,"event_name":"The Library","floor":31,"gold_loss":0,"cards_obtained":["Fusion"]},{"damage_healed":0,"gold_gain":0,"player_choice":"Memory 1","damage_taken":0,"max_hp_gain":0,"max_hp_loss":0,"event_name":"SensoryStone","floor":36,"gold_loss":0},{"damage_healed":0,"gold_gain":0,"player_choice":"Got Potions","damage_taken":0,"max_hp_gain":0,"max_hp_loss":0,"event_name":"Lab","floor":44,"gold_loss":0},{"damage_healed":0,"gold_gain":0,"player_choice":"Took Portal","damage_taken":0,"max_hp_gain":0,"max_hp_loss":0,"event_name":"SecretPortal","floor":45,"gold_loss":0}],"is_beta":false,"boss_relics":[{"not_picked":["Runic Dome","Fusion Hammer"],"picked":"SlaversCollar"},{"not_picked":["SacredBark","Tiny House"],"picked":"Philosopher\u0027s Stone"}],"items_purged_floors":[39],"is_endless":false,"potions_floor_spawned":[6,16,25,33,35,38],"killed_by":"Awakened One","ascension_level":4}}