{"host":"usewcu4ohw2wtmxk","time":1608372330,"event":{"mods":["BaseMod","Minty Spire (QoL Compilation)","Permanent Neow","Quick Restart","Relic Stats"],"gold_per_floor":[119,194,194,210,210,246,246,287,313,313,313,347,380,424,424,424,424],"floor_reached":16,"playtime":355,"items_purged":[],"score":302,"play_id":"3f554047-d477-49b5-bb29-258452d0605b","local_time":"20201219180530","is_ascension_mode":true,"campfire_choices":[{"data":"Eruption","floor":7.0,"key":"SMITH"},{"floor":10.0,"key":"REST"},{"floor":15,"key":"RECALL"}],"circlet_count":0,"master_deck":["AscendersBane","Strike_P","Strike_P+1","Strike_P+1","Strike_P+1","Defend_P+1","Defend_P+1","Defend_P","Eruption+1","Vigilance+1","LessonLearned","CutThroughFate","Conclude","FlurryOfBlows+1"],"relics":["PureWater","Golden Idol","Lantern","CeramicFish","Pen Nib","Letter Opener","Molten Egg 2","Damaru"],"acts_visited":["Exordium"],"potions_floor_usage":[],"damage_taken":[{"damage":1.0,"enemies":"2 Louse","floor":1.0,"turns":3.0},{"damage":4.0,"enemies":"Small Slimes","floor":4.0,"turns":4.0},{"damage":14.0,"enemies":"Gremlin Nob","floor":6.0,"turns":3.0},{"damage":26.0,"enemies":"3 Sentries","floor":8.0,"turns":5.0},{"damage":0.0,"enemies":"Gremlin Nob","floor":12.0,"turns":2.0},{"damage":0.0,"enemies":"Cultist","floor":13.0,"turns":3.0},{"damage":8,"enemies":"Lagavulin","floor":14,"turns":6},{"damage":37,"enemies":"Hexaghost","floor":16,"turns":9}],"seed_played":"-299231430510068498","potions_obtained":[{"floor":6.0,"key":"FairyPotion"},{"floor":8.0,"key":"LiquidBronze"}],"is_trial":false,"path_per_floor":["M","?","?","M","?","E","R","E","T","R","?","E","M","E","R","B"],"character_chosen":"WATCHER","items_purchased":[],"campfire_rested":1,"item_purchase_floors":[],"current_hp_per_floor":[60,49,49,45,45,31,31,5,5,23,23,23,23,15,15,0,0],"gold":424,"neow_bonus":"ONE_RANDOM_RARE_CARD","is_daily":false,"chose_seed":false,"campfire_upgraded":1,"win_rate":0.0,"timestamp":1608372330,"path_taken":["M","?","?","M","?","E","R","E","T","R","?","E","M","E","R","BOSS"],"items_purchased_type":[],"build_version":"2020-12-13","purchased_purges":0,"victory":false,"max_hp_per_floor":[68,68,68,68,62,62,62,62,62,62,62,62,62,62,62,62,62],"relic_stats":{"counters":[8,35],"Golden Idol":51,"CeramicFish":9,"Pen Nib":[4],"Letter Opener":[0],"obtain_stats":[{"Lantern":6,"Golden Idol":5,"CeramicFish":8,"Damaru":14,"Molten Egg 2":12,"Pen Nib":9,"Letter Opener":11,"PureWater":0},{"Lantern":3,"Golden Idol":2,"CeramicFish":4,"Damaru":7,"Molten Egg 2":5,"Pen Nib":4,"Letter Opener":4,"PureWater":0},{"Lantern":10,"Golden Idol":7,"CeramicFish":15,"Damaru":26,"Molten Egg 2":17,"Pen Nib":15,"Letter Opener":15,"PureWater":0}]},"card_choices":[{"not_picked":["CrushJoints","Protect","SashWhip"],"picked":"SKIP","floor":1.0},{"not_picked":["SignatureMove","Halt"],"picked":"CutThroughFate","floor":4.0},{"not_picked":["Conclude","Prostrate","WreathOfFlame"],"picked":"SKIP","floor":6.0},{"not_picked":["Prostrate","WreathOfFlame"],"picked":"Conclude","floor":6.0},{"not_picked":["CutThroughFate","LessonLearned","Protect"],"picked":"SKIP","floor":8.0},{"not_picked":["LikeWater","FlyingSleeves+1","Perseverance"],"picked":"SKIP","floor":12.0},{"not_picked":["Indignation","Evaluate"],"picked":"FlurryOfBlows+1","floor":13.0},{"not_picked":["CrushJoints+1","WindmillStrike+1","WaveOfTheHand"],"picked":"SKIP","floor":14}],"player_experience":223688,"relics_obtained":[{"floor":6.0,"key":"Lantern"},{"floor":8.0,"key":"CeramicFish"},{"floor":9.0,"key":"Pen Nib"},{"floor":12.0,"key":"Molten Egg 2"},{"floor":14,"key":"Damaru"}],"event_choices":[{"damage_healed":0.0,"max_hp_gain":0.0,"max_hp_loss":0.0,"gold_gain":75.0,"event_name":"World of Goop","player_choice":"Gather Gold","floor":2.0,"gold_loss":0.0,"damage_taken":11.0},{"cards_removed":["Defend_P"],"damage_healed":0.0,"max_hp_gain":0.0,"max_hp_loss":0.0,"gold_gain":0.0,"event_name":"Living Wall","player_choice":"Forget","floor":3.0,"gold_loss":0.0,"damage_taken":0.0},{"damage_healed":0.0,"max_hp_gain":0.0,"max_hp_loss":6.0,"gold_gain":0.0,"event_name":"Golden Idol","player_choice":"Lose Max HP","floor":5.0,"gold_loss":0.0,"damage_taken":0.0,"relics_obtained":["Golden Idol"]},{"damage_healed":0.0,"max_hp_gain":0.0,"max_hp_loss":0.0,"gold_gain":0.0,"event_name":"Dead Adventurer","player_choice":"Searched \u00271\u0027 times","floor":11.0,"gold_loss":0.0,"damage_taken":0.0,"relics_obtained":["Letter Opener"]}],"is_beta":false,"boss_relics":[],"items_purged_floors":[],"is_endless":false,"potions_floor_spawned":[6,8,12],"killed_by":"Hexaghost","ascension_level":20}}