{"host":"6qohxdms6n72zb21","time":1608366663,"event":{"mods":["2.2 Compatiblity","Act Like it!","Ascension Reborn","BaseMod","Better Synergies","Better Third Choice","Downfall","Energized Spire","Hubris","Infinite Spire","Minty Spire (QoL Compilation)","Permanent Neow","Quick Restart","Replay The Spire","Spicy Shops","Spikes Relics","StSLib"],"gold_per_floor":[109,109,154,171,171,171,188,188,188,220,220,236,247,64,64,165,165,181,181,181,181,181,181,212,212,212,244,244,254,254,254,254,354,354,373,390,390,402,402,402,433,433,457,475,825,825,825,860,860,860,860],"floor_reached":50,"playtime":2341,"items_purged":[],"score":663,"play_id":"f6cee356-a8fe-428f-82c8-4c3e8ab9d849","local_time":"20201219033103","is_ascension_mode":true,"campfire_choices":[{"data":"Zap","floor":6,"key":"SMITH"},{"data":"Static Discharge","floor":8,"key":"SMITH"},{"data":"Dualcast","floor":11,"key":"SMITH"},{"floor":15,"key":"DIG"},{"floor":23,"key":"REST"},{"floor":25,"key":"REST"},{"floor":30,"key":"REST"},{"data":"hubris:Fate","floor":32,"key":"SMITH"},{"floor":40,"key":"REST"},{"data":"Fission","floor":42,"key":"SMITH"},{"floor":46,"key":"REST"},{"data":"Echo Form","floor":49,"key":"SMITH"}],"circlet_count":0,"master_deck":["Strike_B","Strike_B","Strike_B","Defend_B","Defend_B","Defend_B","Defend_B","Zap+1","Dualcast+1","Rip and Tear","Lockon+1","Ball Lightning","Beam Cell","Static Discharge+1","Tempest+1","Barrage","ReplaySolidLightProjector","Leap","Fission+1","hubris:PowerSurge+1","hubris:Fate+1","Go for the Eyes","ReplayTheSpireMod:Calculation Training+1","Chaos","J.A.X.","Echo Form+1","Go for the Eyes+1","ReplayRNGCard","Conserve Battery","Doom and Gloom+1","Coolheaded+1","Slimebound:Icky","hubris:Lust","BasicCrystalCard+1","Turbo+1","Barrage+1","Sweeping Beam+1","Time Bomb+1","BasicCrystalCard"],"relics":["Cracked Core","ReplayTheSpireMod:Lightbulb","RollingBoulder","FaceOfCleric","Replay:WaspNest","Happy Flower","GiantMaggot","ReplayFunnel","SacredBark","Orichalcum","hubris:KleinBottle","hubris:EvacipatedBox","Dream Catcher","Onion Ring","Molten Egg 2","Replay:Baseball","Inserter","hubris:Towel","Chameleon Ring","infinitespire:Lucky Rock","Old Coin","Torii"],"acts_visited":["Exordium","TheCity","TheBeyond"],"potions_floor_usage":[20,33,33,33],"damage_taken":[{"damage":0,"enemies":"Small Slimes","floor":1,"turns":2},{"damage":5,"enemies":"2 Louse","floor":4,"turns":2},{"damage":0,"enemies":"Cultist","floor":7,"turns":2},{"damage":14,"enemies":"Gremlin Nob","floor":10,"turns":3},{"damage":0,"enemies":"Blue Slaver","floor":12,"turns":2},{"damage":5,"enemies":"3 Louse","floor":13,"turns":2},{"damage":8,"enemies":"Fading Forest","floor":16,"turns":11},{"damage":6,"enemies":"Spheric Guardian","floor":18,"turns":3},{"damage":0,"enemies":"2 Thieves","floor":20,"turns":1},{"damage":18,"enemies":"Gremlin Leader","floor":24,"turns":3},{"damage":12,"enemies":"Book of Stabbing","floor":27,"turns":3},{"damage":1,"enemies":"Sentry and Sphere","floor":29,"turns":3},{"damage":3,"enemies":"Champ","floor":33,"turns":6},{"damage":0,"enemies":"3 Shapes","floor":35,"turns":3},{"damage":21,"enemies":"3 Darklings","floor":36,"turns":5},{"damage":25,"enemies":"4 Shapes","floor":38,"turns":3},{"damage":13,"enemies":"R_Hoarder","floor":41,"turns":7},{"damage":0,"enemies":"Maw","floor":44,"turns":3},{"damage":9,"enemies":"Mind Bloom Boss Battle","floor":45,"turns":4},{"damage":6,"enemies":"Nightmare","floor":48,"turns":7},{"damage":90,"enemies":"Awakened One","floor":50,"turns":9}],"seed_played":"-8770869593346489711","potions_obtained":[{"floor":1,"key":"SmokeBomb"},{"floor":3,"key":"EssenceOfSteel"},{"floor":3,"key":"Energy Potion"},{"floor":24,"key":"Ancient Potion"},{"floor":38,"key":"GamblersBrew"},{"floor":45,"key":"champ:CounterPotion"}],"is_trial":false,"path_per_floor":["M","?","?","M","?","R","M","R","T","E","R","M","M","$","R","B",null,"M","?","M","?","$","R","E","R","T","E","?","M","R","AVR","R","B",null,"M","M","?","M","?","R","E","R","T","M","?","R","?","NM","R","B"],"character_chosen":"DEFECT","items_purchased":["GiantMaggot","Leap","Orichalcum","hubris:KleinBottle","hubris:EvacipatedBox"],"campfire_rested":5,"item_purchase_floors":[14,14,22,22,22],"current_hp_per_floor":[75,75,75,70,70,70,71,71,71,58,58,59,55,55,55,48,80,75,75,76,76,28,52,35,59,59,48,48,48,73,73,73,71,86,87,67,67,58,58,84,72,72,72,73,65,92,92,87,87,0,0],"gold":860,"neow_bonus":"RANDOM_COMMON_RELIC","is_daily":false,"chose_seed":false,"campfire_upgraded":6,"win_rate":0.0,"timestamp":1608366663,"path_taken":["M","?","?","M","?","R","M","R","T","E","R","?","M","$","R","BOSS","M","?","M","?","?","R","E","R","T","E","?","M","R","AVR","R","BOSS","M","M","?","M","?","R","E","R","T","M","?","R","?","NM","R","BOSS"],"items_purchased_type":["Relic","Card","Relic","Relic","Relic"],"build_version":"2020-12-13","purchased_purges":0,"victory":false,"max_hp_per_floor":[75,75,75,75,75,75,76,76,76,77,77,78,79,79,79,80,80,81,81,82,82,82,82,83,83,83,84,84,85,85,85,85,86,86,87,88,88,89,89,89,90,90,90,91,92,92,92,93,93,93,93],"card_choices":[{"not_picked":["Steam","Sweeping Beam"],"picked":"Rip and Tear","floor":1},{"not_picked":["ReplayTheSpireMod:Repulse","Scrape"],"picked":"Ball Lightning","floor":3},{"not_picked":["Loop","Panic Button"],"picked":"Beam Cell","floor":4},{"not_picked":["Capacitor","DiskWipe"],"picked":"Static Discharge","floor":7},{"not_picked":["Stack","Hyperbeam"],"picked":"Tempest","floor":10},{"not_picked":["Leap","Ball Lightning"],"picked":"Barrage","floor":12},{"not_picked":["Hologram","Turbo"],"picked":"ReplaySolidLightProjector","floor":13},{"not_picked":["hubris:DoWhile","hubris:Prefetch"],"picked":"Fission","floor":16},{"not_picked":["Conserve Battery","Ball Lightning"],"picked":"hubris:PowerSurge+1","floor":18},{"not_picked":["infinitespire:Menacing","ReplayTheSpireMod:Black Plague"],"picked":"hubris:Fate","floor":22},{"not_picked":["Static Discharge","Genetic Algorithm"],"picked":"Go for the Eyes","floor":24},{"not_picked":["Leap+1","Aggregate"],"picked":"ReplayTheSpireMod:Calculation Training+1","floor":25},{"not_picked":["Lockon+1","Redo"],"picked":"Chaos","floor":27},{"not_picked":["Leap+1","hubris:Ukulele+1"],"picked":"Echo Form","floor":29},{"not_picked":["Ball Lightning+1","Compile Driver+1"],"picked":"Go for the Eyes+1","floor":30},{"not_picked":["Seek","Amplify"],"picked":"ReplayRNGCard","floor":33},{"not_picked":["Beam Cell+1","Gash+1"],"picked":"Conserve Battery","floor":35},{"not_picked":["Tempest+1","Heatsinks+1"],"picked":"Doom and Gloom+1","floor":36},{"not_picked":["Go for the Eyes+1","Hologram"],"picked":"Coolheaded+1","floor":38},{"not_picked":["infinitespire:FinalStrike","ReplayTheSpireMod:Echoes of Time"],"picked":"ReplayTheSpireMod:Black Plague","floor":39},{"not_picked":["FTL+1","Genetic Algorithm"],"picked":"BasicCrystalCard+1","floor":40},{"not_picked":["FTL+1","Compile Driver+1"],"picked":"Turbo+1","floor":41},{"not_picked":["Conserve Battery+1","Panic Button"],"picked":"Barrage+1","floor":44},{"not_picked":["Panic Button+1","Rebound+1"],"picked":"Sweeping Beam+1","floor":45},{"not_picked":["ReplayTheSpireMod:GoodbyeWorld","ReplaySolidLightProjector"],"picked":"Time Bomb+1","floor":46},{"not_picked":["Turbo","Seek"],"picked":"BasicCrystalCard","floor":48}],"player_experience":180059,"relics_obtained":[{"floor":3,"key":"RollingBoulder"},{"floor":9,"key":"Replay:WaspNest"},{"floor":10,"key":"Happy Flower"},{"floor":15,"key":"ReplayFunnel"},{"floor":24,"key":"Dream Catcher"},{"floor":26,"key":"Onion Ring"},{"floor":27,"key":"Molten Egg 2"},{"floor":41,"key":"Chameleon Ring"},{"floor":43,"key":"infinitespire:Lucky Rock"},{"floor":45,"key":"Old Coin"},{"floor":48,"key":"Torii"}],"event_choices":[{"damage_healed":0,"gold_gain":0,"player_choice":"Trade","damage_taken":0,"relics_obtained":["FaceOfCleric"],"max_hp_gain":0,"max_hp_loss":0,"event_name":"FaceTrader","floor":5,"gold_loss":0},{"damage_healed":0,"gold_gain":0,"player_choice":"Ignored","damage_taken":0,"max_hp_gain":0,"max_hp_loss":0,"event_name":"Vampires","floor":19,"gold_loss":0},{"damage_healed":0,"gold_gain":0,"player_choice":"Obtain J.A.X.","damage_taken":0,"max_hp_gain":0,"max_hp_loss":0,"event_name":"Drug Dealer","floor":28,"gold_loss":0,"cards_obtained":["J.A.X."]},{"damage_healed":0,"gold_gain":0,"player_choice":"Fight","damage_taken":0,"max_hp_gain":0,"max_hp_loss":0,"event_name":"MindBloom","floor":45,"gold_loss":0},{"cards_removed":["ReplayTheSpireMod:Black Plague"],"damage_healed":5,"gold_gain":0,"player_choice":"Offered Special","damage_taken":0,"max_hp_gain":0,"max_hp_loss":0,"event_name":"Bonfire Elementals","floor":47,"gold_loss":0}],"is_beta":false,"boss_relics":[{"not_picked":["infinitespire:Cupcake","Coffee Dripper"],"picked":"SacredBark"},{"not_picked":["Empty Cage","Fusion Hammer","Ring of Chaos"],"picked":"Inserter"}],"items_purged_floors":[],"is_endless":true,"potions_floor_spawned":[1,4,7,10,24,27,38,44,45],"killed_by":"Awakened One","ascension_level":1}}