{"host":"Teixeira","time":1608348975,"event":{"mods":["2.2 Compatiblity","Aspiration","BaseMod","Better Match","Better Note","Better Sensory Stone","Better Skull","Better Third Choice","Colored Map","Colored Powertips","Hermit","Infinite Spire","Minty Spire (QoL Compilation)","Permanent Neow","Quick Restart","Rare Cards Sparkle","Relic Filter","Replay The Spire","Spicy Shops","StSLib","SuperFastMode"],"gold_per_floor":[126,191,223,253,253,302,302,332,332,372,405,435,478,478,478,636,636,677,674,708,367,367,367,428,485,510,185,185,248,337,337,337,535,535,572,643,467,529,625,625,625,683,683,804,911,911,769,880,880,916],"floor_reached":51,"playtime":3900,"items_purged":["Defend_P","Defend_P","Replay:AtTheReady+1","Doubt"],"score":861,"play_id":"51553afd-7088-4d82-b98f-b2faef59c4d9","local_time":"20201219003615","is_ascension_mode":false,"campfire_choices":[{"data":"Vigilance","floor":7.0,"key":"SMITH"},{"data":"DevaForm","floor":15.0,"key":"SMITH"},{"data":"CrushJoints","floor":23.0,"key":"SMITH"},{"floor":28,"key":"REST"},{"data":"FlurryOfBlows","floor":32,"key":"SMITH"},{"data":"EmptyFist","floor":40,"key":"SMITH"},{"floor":46,"key":"REST"},{"floor":49,"key":"REST"}],"circlet_count":0,"master_deck":["Strike_P","Strike_P","Strike_P+1","Defend_P+1","Defend_P+1","Eruption+1","Protect+1","Crescendo+1","FearNoEvil+1","DeusExMachina+1","FlurryOfBlows+1","EmptyBody+1","PathToVictory+1","DevaForm+1","Bash+1","PathToVictory+1","Consecrate+1","CrushJoints+1","infinitespire:Gouge+1","Scrawl+1","Halt+1","Omniscience+1","Replay:Vibes+1","EmptyFist+1","Consecrate+1","DeusExMachina+1"],"relics":["Replay:Bandana","Golden Idol","Toxic Egg 2","Whetstone","Mango","Tiny Chest","Replay:M_SmolderingBlood","SlaversCollar","Membership Card","infinitespire:Lucky Rock","infinitespire:Satchel","Replay:Bandana","Nunchaku","Bag of Marbles","infinitespire:PuzzleCube","ClockworkSouvenir","Replay:Mystery Machine","Damaru","aspiration:SilentSkillbook","ReplayTheSpireMod:CursedCoin","Pen Nib","aspiration:TomeofQuesting","Pet Ghost","Replay:Wax Seal","StoneCalendar","Replay:Bottled Eggs","aspiration:ChemicalBlood","Prayer Wheel"],"acts_visited":["Exordium","TheCity","TheBeyond"],"potions_floor_usage":[33,50,50,50,50],"damage_taken":[{"damage":1.0,"enemies":"2 Louse","floor":1.0,"turns":3.0},{"damage":2.0,"enemies":"Cultist","floor":3.0,"turns":3.0},{"damage":3.0,"enemies":"Jaw Worm","floor":4.0,"turns":2.0},{"damage":37.0,"enemies":"Gremlin Nob","floor":6.0,"turns":5.0},{"damage":2.0,"enemies":"Exordium Thugs","floor":8.0,"turns":4.0},{"damage":4.0,"enemies":"Gremlin Gang","floor":10.0,"turns":5.0},{"damage":2.0,"enemies":"Blue Slaver","floor":11.0,"turns":5.0},{"damage":0.0,"enemies":"Exordium Wildlife","floor":12.0,"turns":2.0},{"damage":15.0,"enemies":"Lagavulin","floor":13.0,"turns":7.0},{"damage":3.0,"enemies":"Slime Boss","floor":16.0,"turns":7.0},{"damage":5.0,"enemies":"Chosen","floor":18.0,"turns":3.0},{"damage":22.0,"enemies":"2 Thieves","floor":19.0,"turns":5.0},{"damage":21.0,"enemies":"Snake Plant","floor":20.0,"turns":3.0},{"damage":12,"enemies":"Slavers","floor":24,"turns":4},{"damage":5,"enemies":"Snecko","floor":25,"turns":3},{"damage":0,"enemies":"Centurion and Healer","floor":29,"turns":3},{"damage":0,"enemies":"Book of Stabbing","floor":30,"turns":3},{"damage":17,"enemies":"Collector","floor":33,"turns":4},{"damage":0,"enemies":"Orb Walker","floor":35,"turns":1},{"damage":15,"enemies":"3 Shapes","floor":36,"turns":2},{"damage":0,"enemies":"3 Darklings","floor":38,"turns":1},{"damage":0,"enemies":"Maw","floor":39,"turns":2},{"damage":15,"enemies":"4 Shapes","floor":42,"turns":2},{"damage":5,"enemies":"R_Hoarder","floor":44,"turns":3},{"damage":19,"enemies":"Sphere and 2 Shapes","floor":45,"turns":3},{"damage":19,"enemies":"Nemesis","floor":48,"turns":3},{"damage":64,"enemies":"Time Eater","floor":50,"turns":9}],"seed_played":"-1250456713460624241","potions_obtained":[{"floor":4.0,"key":"Elixir"},{"floor":10.0,"key":"SpeedPotion"},{"floor":11.0,"key":"ColorlessPotion"},{"floor":13.0,"key":"Explosive Potion"},{"floor":20.0,"key":"Regen Potion"},{"floor":24,"key":"PowerPotion"},{"floor":33,"key":"Block Potion"},{"floor":38,"key":"Swift Potion"},{"floor":44,"key":"EssenceOfSteel"}],"is_trial":false,"path_per_floor":["M","?","M","M","?","E","R","M","T","M","M","M","E","?","R","B",null,"M","M","M","$","?","R","E","M","T","$","R","M","E","T","R","B",null,"M","M","$","M","M","R","AVR","M","T","E","M","R","?","E","R","B",null],"character_chosen":"WATCHER","items_purchased":["Membership Card","infinitespire:Lucky Rock","infinitespire:Satchel","CrushJoints","Halt+1","Bag of Marbles","infinitespire:PuzzleCube","ClockworkSouvenir","ReplayTheSpireMod:CursedCoin","Pen Nib","EmptyFist","aspiration:TomeofQuesting","Pet Ghost"],"campfire_rested":3,"item_purchase_floors":[21,21,21,21,27,27,27,27,37,37,37,37,37],"current_hp_per_floor":[71,71,69,66,66,29,29,27,41,37,35,35,20,20,20,17,86,81,59,38,38,38,38,26,21,21,21,46,46,46,46,46,29,86,86,71,71,71,71,71,71,56,56,51,32,57,57,38,63,14],"gold":916,"neow_bonus":"RANDOM_EVENT","is_daily":false,"chose_seed":false,"campfire_upgraded":5,"win_rate":0.0,"timestamp":1608348975,"path_taken":["M","?","M","M","?","E","R","?","T","M","?","M","E","?","R","BOSS","M","M","M","$","?","R","E","M","T","?","R","M","E","?","R","BOSS","M","M","$","M","M","R","AVR","M","T","E","M","R","?","E","R","BOSS"],"items_purchased_type":["Relic","Relic","Relic","Card","Card","Relic","Relic","Relic","Relic","Relic","Card","Relic","Relic"],"build_version":"2020-11-17","purchased_purges":4,"victory":true,"max_hp_per_floor":[72,72,72,72,72,72,72,72,86,86,86,86,86,86,86,86,86,86,86,86,86,86,86,86,86,86,86,86,86,86,86,86,86,86,86,86,86,86,86,86,86,86,86,86,86,86,86,86,86,86],"card_choices":[{"not_picked":["WindmillStrike","Replay:BluntJabs","Protect"],"picked":"SKIP","floor":1.0},{"not_picked":["EmptyFist","Replay:ManipulateFuture+1"],"picked":"Protect+1","floor":2.0},{"not_picked":["Wallop","Nirvana"],"picked":"Crescendo+1","floor":3.0},{"not_picked":["Replay:BluntJabs","Vengeance+1"],"picked":"FearNoEvil","floor":4.0},{"not_picked":["CrushJoints","Protect+1"],"picked":"DeusExMachina+1","floor":6.0},{"not_picked":["BowlingBash","Weave"],"picked":"FlurryOfBlows","floor":8.0},{"not_picked":["Replay:ManipulateFuture+1","CutThroughFate"],"picked":"EmptyBody+1","floor":10.0},{"not_picked":["FlyingSleeves","FollowUp","FearNoEvil"],"picked":"SKIP","floor":11.0},{"not_picked":["Replay:DivineShield+1","FlurryOfBlows"],"picked":"PathToVictory+1","floor":12.0},{"not_picked":["ClearTheMind+1","CrushJoints"],"picked":"DevaForm","floor":13.0},{"not_picked":["Perseverance+1","JustLucky"],"picked":"Replay:AtTheReady+1","floor":18.0},{"not_picked":["Replay:Cycle+1","LikeWater"],"picked":"PathToVictory+1","floor":19.0},{"not_picked":["WheelKick","Vengeance+1"],"picked":"Consecrate+1","floor":20.0},{"not_picked":["Fasting2+1","Swivel+1","Meditate+1"],"picked":"SKIP","floor":24},{"not_picked":["Replay:ManipulateFuture+1","JustLucky"],"picked":"Scrawl+1","floor":25},{"not_picked":["ClearTheMind+1","Study","Collect+1"],"picked":"SKIP","floor":29},{"not_picked":["BowlingBash","Replay:AllIn+1","SandsOfTime"],"picked":"SKIP","floor":30},{"not_picked":["Ragnarok","LessonLearned"],"picked":"Omniscience+1","floor":33},{"not_picked":["Crescendo+1","Prepared+1","Protect+1","ClearTheMind+1"],"picked":"SKIP","floor":35},{"not_picked":["Protect+1","Hidden Blade+1","Flying Knee+1"],"picked":"Replay:Vibes+1","floor":36},{"not_picked":["Venomology+1","Evaluate+1","Bane+1"],"picked":"Consecrate+1","floor":38},{"not_picked":["ReplayTheSpireMod:Scrap Shanks+1","Masterful Stab+1","Consecrate","Prepared+1"],"picked":"SKIP","floor":39},{"not_picked":["Backflip+1","Blade Dance+1","Poisoned Stab+1","FlyingSleeves+1"],"picked":"SKIP","floor":42},{"not_picked":["Choke","Dodge and Roll+1","Protect+1","Outmaneuver+1"],"picked":"SKIP","floor":44},{"not_picked":["Choke","Dodge and Roll+1","Protect+1","Outmaneuver+1"],"picked":"SKIP","floor":44},{"not_picked":["Skewer+1","ReplayTheSpireMod:Shiv Toss+1","Prepared+1"],"picked":"DeusExMachina+1","floor":45},{"not_picked":["Terror+1","Well Laid Plans+1","CrushJoints","Concentrate+1"],"picked":"SKIP","floor":48}],"player_experience":27374,"relics_obtained":[{"floor":2.0,"key":"Toxic Egg 2"},{"floor":6.0,"key":"Whetstone"},{"floor":9.0,"key":"Mango"},{"floor":13.0,"key":"Tiny Chest"},{"floor":24,"key":"Replay:Bandana"},{"floor":26,"key":"Nunchaku"},{"floor":30,"key":"Replay:Mystery Machine"},{"floor":31,"key":"Damaru"},{"floor":43,"key":"StoneCalendar"},{"floor":44,"key":"Replay:Bottled Eggs"},{"floor":48,"key":"Prayer Wheel"}],"event_choices":[{"damage_healed":0.0,"max_hp_gain":0.0,"max_hp_loss":0.0,"gold_gain":0.0,"event_name":"Living Wall","player_choice":"Grow","floor":0.0,"gold_loss":0.0,"damage_taken":0.0,"cards_upgraded":["Eruption"]},{"cards_removed":["Strike_P"],"damage_healed":0.0,"max_hp_gain":0.0,"max_hp_loss":0.0,"gold_gain":0.0,"event_name":"Purifier","player_choice":"Purged","floor":5.0,"gold_loss":0.0,"damage_taken":0.0},{"cards_removed":["DevaForm"],"damage_healed":0.0,"max_hp_gain":0.0,"max_hp_loss":0.0,"gold_gain":0.0,"event_name":"betterNote:BetterNote","player_choice":"Take \u0026 Give","floor":22.0,"gold_loss":0.0,"damage_taken":0.0,"cards_obtained":["infinitespire:Gouge"]},{"damage_healed":0,"gold_gain":0,"player_choice":"Paid Gold","damage_taken":0,"relics_obtained":["aspiration:ChemicalBlood"],"max_hp_gain":0,"max_hp_loss":0,"event_name":"WeMeetAgain","floor":47,"gold_loss":142}],"is_beta":true,"boss_relics":[{"not_picked":["Runic Dome","infinitespire:Cupcake"],"picked":"SlaversCollar"},{"not_picked":["Ring of Chaos","Astrolabe"],"picked":"aspiration:SilentSkillbook"}],"items_purged_floors":[21,21,27,37],"is_endless":false,"potions_floor_spawned":[4,10,11,13,20,24,29,33,38,44,48],"ascension_level":0}}