{"host":"ipcfr4ajj2jkxvg7","time":1608368569,"event":{"mods":["BaseMod","Colored Powertips","GifTheSpireLib","Marisa（F雨　魔理沙）","Minty Spire (QoL Compilation)","Quick Restart","Remilia（蕾米莉亚）","Replay The Spire","RumiaBox-露米娅的神秘盒子","StSLib"],"gold_per_floor":[109,119,44,57,57,57,57,77,77,29,57,57,57,70,70,70,70],"floor_reached":16,"playtime":332,"items_purged":["Strike_MRS"],"score":188,"play_id":"40fd85b0-4afd-4912-95c6-7e737c197c0f","local_time":"20201219170249","is_ascension_mode":true,"campfire_choices":[{"data":"PulseMagic","floor":6.0,"key":"SMITH"},{"data":"PowerUp","floor":13,"key":"SMITH"},{"floor":15,"key":"REST"}],"circlet_count":0,"master_deck":["AscendersBane","Strike_MRS","Strike_MRS","Strike_MRS","Defend_MRS","MasterSpark","UpSweep","PulseMagic+1","ManaConvection","Orbital+1","PowerUp+1","PowerUp"],"relics":["MiniHakkero","AddBug","SecretRecord","SecretRecord"],"acts_visited":["Exordium"],"potions_floor_usage":[11,11,14],"damage_taken":[{"damage":1.0,"enemies":"Cultist","floor":1.0,"turns":3.0},{"damage":7.0,"enemies":"Jaw Worm","floor":2.0,"turns":3.0},{"damage":2.0,"enemies":"Small Slimes","floor":4.0,"turns":3.0},{"damage":20.0,"enemies":"Gremlin Gang","floor":8.0,"turns":4.0},{"damage":0,"enemies":"Lagavulin","floor":11,"turns":3},{"damage":16,"enemies":"Blue Slaver","floor":14,"turns":3},{"damage":19,"enemies":"Hexaghost","floor":16,"turns":4}],"seed_played":"-5725750961590556957","potions_obtained":[{"floor":2.0,"key":"Swift Potion"},{"floor":4.0,"key":"BottledSpark"},{"floor":11,"key":"SkillPotion"}],"is_trial":false,"path_per_floor":["M","M","$","M","?","R","T","M","T","$","E","?","R","M","R","B"],"character_chosen":"MARISA","items_purchased":["PowerUp"],"campfire_rested":1,"item_purchase_floors":[10],"current_hp_per_floor":[49,42,42,40,40,40,40,20,20,20,20,20,20,4,26,7,7],"gold":70,"neow_bonus":"REMOVE_TWO","is_daily":false,"chose_seed":false,"campfire_upgraded":2,"win_rate":0.0,"timestamp":1608368569,"path_taken":["M","M","$","M","?","R","?","M","T","$","E","?","R","?","R","BOSS"],"items_purchased_type":["Card"],"build_version":"2020-12-13","purchased_purges":1,"victory":false,"max_hp_per_floor":[75,75,75,75,75,75,75,75,75,75,75,75,75,75,75,75,75],"card_choices":[{"not_picked":["MysteriousBeam","GravityBeat","IllusionStar"],"picked":"SKIP","floor":1.0},{"not_picked":["DoubleSpark","AsteroidBelt"],"picked":"PulseMagic","floor":2.0},{"not_picked":["AsteroidBelt","SporeBomb"],"picked":"ManaConvection","floor":4.0},{"not_picked":["LuminesStrike","DoubleSpark","DC"],"picked":"SKIP","floor":8.0},{"not_picked":["SatelliteIllusion","EnergyRecoil","MeteoricShower"],"picked":"SKIP","floor":11},{"not_picked":["AsteroidBelt","EventHorizon"],"picked":"PowerUp","floor":14}],"player_experience":401653,"relics_obtained":[{"floor":1.0,"key":"AddBug"},{"floor":7.0,"key":"Ccalipers"},{"floor":9.0,"key":"Gremlin Food"},{"floor":11,"key":"SecretRecord"},{"floor":11,"key":"MagicDraw3"}],"event_choices":[{"damage_healed":0,"gold_gain":0,"player_choice":"Trade","damage_taken":0,"relics_obtained":["NlothsMask"],"max_hp_gain":0,"max_hp_loss":0,"event_name":"FaceTrader","floor":12,"gold_loss":0}],"is_beta":false,"boss_relics":[],"items_purged_floors":[3],"is_endless":false,"potions_floor_spawned":[2,4,11],"killed_by":"Hexaghost","ascension_level":10}}