{"host":"fauqrvll5t0ss0vm","time":1608403803,"event":{"mods":["2.2 Compatiblity","Act Like it!","Aspiration","Bard","BaseMod","Beaked The Cultist","Better Altar","Better Match","Better Note","Better Sensory Stone","Better Skull","Better Third Choice","Better Vampires","Card Filter","Clockwork Mod","Colored Map","Conspire","Displayed Cursed Tome","Downfall","Emptier Cage","Energized Spire","Friendly Minions","GifTheSpireLib","Glutton Mod","Gremlin Mod","Gremlin Skip","Halation","Hermit","Highlight Path","Hubris","Jorbs\u0027s Wanderer Trilogy","Mad Scientist","Marked Mod","Minty Spire (QoL Compilation)","Permanent Neow","Random Character Button","Relic Filter","Reorder Act Four","Replay The Spire","Shop Mod","Somnambulant","Spikes Relics","StSLib","Stuff the Spire","SuperFastMode","The Construct","The Cursed","The Disciple","The Elementalist","The Judge","The Juggle","The Mystic","The Runesmith","The Sage","The Servant 0.9.4","The Valiant","Trackpad","Uncapped"],"gold_per_floor":[109,109,121,131,3,3,22,22,22,44,78,120,120,143,143,232,232,255,255,255,255,155,155,155,155],"floor_reached":24,"playtime":4902,"items_purged":["Defend_Br","Injury"],"score":488,"play_id":"e2c7224c-12a3-4542-ad95-ea6d9c588021","local_time":"20201219195003","is_ascension_mode":true,"campfire_choices":[{"data":"BiteCommand","floor":6.0,"key":"SMITH"},{"data":"Backlash","floor":8.0,"key":"SMITH"},{"data":"ShortSighted","floor":13.0,"key":"SMITH"},{"floor":15.0,"key":"REST"},{"data":"Break","floor":23.0,"key":"SMITH"}],"circlet_count":0,"master_deck":["AscendersBane","SecondHand","PatternShift","Backlash+1","BiteCommand+1","FormalWear","Break+1","HandsUpC","LockedMawBank","BackFourSeconds","Break","Allegro","ShortSighted+1","LockedTurtyl","OldTimer","CloudedMind","LockedMercury","Offering+1"],"relics":["Chronometer","FaceOfCleric","Odd Mushroom","hubris:SphereOfDissonance","Kintsugi","Pear"],"acts_visited":["Exordium","TheCity"],"potions_floor_usage":[],"damage_taken":[{"damage":4.0,"enemies":"Jaw Worm","floor":1.0,"turns":6.0},{"damage":6.0,"enemies":"Cultist","floor":3.0,"turns":5.0},{"damage":2.0,"enemies":"2 Louse","floor":4.0,"turns":3.0},{"damage":12.0,"enemies":"Exordium Wildlife","floor":7.0,"turns":4.0},{"damage":0.0,"enemies":"2 Fungi Beasts","floor":10.0,"turns":4.0},{"damage":15.0,"enemies":"The Mushroom Lair","floor":11.0,"turns":6.0},{"damage":28.0,"enemies":"Lagavulin","floor":12.0,"turns":7.0},{"damage":5.0,"enemies":"3 Louse","floor":14.0,"turns":4.0},{"damage":0.0,"enemies":"Slime Boss","floor":16.0,"turns":9.0},{"damage":42.0,"enemies":"Shell Parasite","floor":18.0,"turns":5.0},{"damage":0,"enemies":"Gremlin Leader","floor":24,"turns":1}],"seed_played":"4639830242578754240","potions_obtained":[{"floor":3.0,"key":"SkillPotion"},{"floor":7.0,"key":"LiquidBronze"},{"floor":10.0,"key":"Regen Potion"},{"floor":14.0,"key":"Explosive Potion"},{"floor":18.0,"key":"SpeedPotion"}],"is_trial":false,"path_per_floor":["M","?","M","M","$","R","M","R","T","M","?","E","R","M","R","B",null,"M","?","T","?","$","R","E"],"character_chosen":"CHRONO_CLASS","items_purchased":["HandsUpC"],"campfire_rested":1,"item_purchase_floors":[5],"current_hp_per_floor":[52,52,47,46,46,46,35,35,35,36,37,18,18,24,42,43,59,37,65,75,75,75,75,75,75],"gold":155,"neow_bonus":"TRANSFORM_TWO_CARDS","is_daily":false,"chose_seed":false,"campfire_upgraded":4,"win_rate":0.0,"timestamp":1608403803,"path_taken":["M","?","M","M","$","R","?","R","T","?","?","E","R","M","R","BOSS","M","?","?","?","$","R","E"],"items_purchased_type":["Card"],"build_version":"2020-12-13","purchased_purges":2,"victory":false,"max_hp_per_floor":[56,56,57,58,58,58,59,59,59,60,61,62,62,63,63,64,64,65,65,75,75,75,75,75,75],"card_choices":[{"not_picked":["LockedMedicine","FormalWear"],"picked":"BiteCommand","floor":1.0},{"not_picked":["ExoVibe","HandsUpB"],"picked":"FormalWear","floor":3.0},{"not_picked":["WindUp","Stagnate"],"picked":"Break","floor":4.0},{"not_picked":["LockedTornado","Echoward"],"picked":"LockedMawBank","floor":7.0},{"not_picked":["LockedWarPaint","LockedMedicine"],"picked":"BackFourSeconds","floor":10.0},{"not_picked":["LockedAnchor","LockedMedicine"],"picked":"Break","floor":11.0},{"not_picked":["Parity","PrimeTime"],"picked":"ShortSighted","floor":12.0},{"not_picked":["AlternateTimeline","Echoward"],"picked":"LockedTurtyl","floor":14.0},{"not_picked":["LockedLightning","BackFourSeconds"],"picked":"OldTimer","floor":16.0},{"not_picked":["BiteCommand","DaylightSavings"],"picked":"LockedMercury","floor":18.0}],"player_experience":7313273,"relics_obtained":[{"floor":11.0,"key":"Odd Mushroom"},{"floor":12.0,"key":"hubris:SphereOfDissonance"},{"floor":20.0,"key":"Pear"}],"event_choices":[{"damage_healed":0.0,"max_hp_gain":0.0,"max_hp_loss":0.0,"gold_gain":0.0,"event_name":"FaceTrader","player_choice":"Trade","floor":2.0,"gold_loss":0.0,"damage_taken":0.0,"relics_obtained":["FaceOfCleric"]},{"damage_healed":0.0,"max_hp_gain":0.0,"max_hp_loss":0.0,"gold_gain":0.0,"event_name":"Mushrooms","player_choice":"Fought Mushrooms","floor":11.0,"gold_loss":0.0,"damage_taken":0.0},{"cards_removed":["LockedOrichalcum"],"damage_healed":28.0,"max_hp_gain":0.0,"max_hp_loss":0.0,"gold_gain":0.0,"event_name":"Bonfire Elementals","player_choice":"Offered Uncommon","floor":19.0,"gold_loss":0.0,"damage_taken":0.0},{"cards_removed":["BiteCommand"],"damage_healed":0.0,"max_hp_gain":0.0,"max_hp_loss":0.0,"gold_gain":0.0,"event_name":"betterNote:BetterNote","player_choice":"Take \u0026 Give","floor":21.0,"gold_loss":0.0,"damage_taken":0.0,"cards_obtained":["Offering"]}],"is_beta":false,"boss_relics":[{"not_picked":["aspiration:SecretTechniqueScroll","hubris:RunicObelisk"],"picked":"Kintsugi"}],"items_purged_floors":[5,22],"is_endless":false,"potions_floor_spawned":[3,7,10,14,18],"killed_by":"Gremlin Leader","ascension_level":20}}