{"host":"erulnpr9qdnrfj6h","time":1608378155,"event":{"mods":["AchievementEnabler","BaseMod","Colored Map","Minty Spire (QoL Compilation)","Rare Cards Sparkle","SuperFastMode"],"gold_per_floor":[111,61,61,61,76,105,122,122,122,149,149,149,169,101,101,197,197,213,213,229,242,242,242,242,270,294,294,294],"floor_reached":27,"playtime":959,"items_purged":[],"score":409,"play_id":"523c14de-0c73-4f59-8df6-dd84fc9f2afa","local_time":"20201219204235","is_ascension_mode":true,"campfire_choices":[{"data":"Burst","floor":8.0,"key":"SMITH"},{"data":"Noxious Fumes","floor":11.0,"key":"SMITH"},{"data":"Accuracy","floor":15.0,"key":"SMITH"},{"data":"RitualDagger","floor":23,"key":"SMITH"}],"circlet_count":0,"master_deck":["AscendersBane","Survivor","Neutralize","Noxious Fumes+1","PiercingWail","Neutralize","Calculated Gamble","Burst+1","PanicButton","Cloak And Dagger","Terror","Crippling Poison","Blade Dance","Accuracy+1","Burst","Catalyst","Glass Knife","Concentrate","Wraith Form v2","Blade Dance","Noxious Fumes","Bullet Time","Catalyst","Masterful Stab","Backflip","Decay","Accuracy+1","Distraction+1","RitualDagger+1","Necronomicurse"],"relics":["Ring of the Snake","NeowsBlessing","Letter Opener","Vajra","Blue Candle","Pandora\u0027s Box","Necronomicon","Paper Crane","Art of War"],"acts_visited":["Exordium","TheCity"],"potions_floor_usage":[21,21],"damage_taken":[{"damage":0.0,"enemies":"Small Slimes","floor":1.0,"turns":1.0},{"damage":0.0,"enemies":"2 Louse","floor":5.0,"turns":1.0},{"damage":0.0,"enemies":"Gremlin Nob","floor":6.0,"turns":1.0},{"damage":0.0,"enemies":"Cultist","floor":7.0,"turns":4.0},{"damage":20.0,"enemies":"Lagavulin","floor":10.0,"turns":9.0},{"damage":2.0,"enemies":"2 Fungi Beasts","floor":13.0,"turns":4.0},{"damage":22.0,"enemies":"The Guardian","floor":16.0,"turns":7.0},{"damage":0.0,"enemies":"2 Thieves","floor":18.0,"turns":4.0},{"damage":0.0,"enemies":"Chosen","floor":20.0,"turns":3.0},{"damage":0,"enemies":"Snake Plant","floor":21,"turns":2},{"damage":26,"enemies":"Book of Stabbing","floor":25,"turns":5},{"damage":4,"enemies":"Colosseum Slavers","floor":27,"turns":4},{"damage":0,"enemies":"Colosseum Nobs","floor":27,"turns":2}],"seed_played":"1519398999996260831","potions_obtained":[{"floor":7.0,"key":"SpeedPotion"},{"floor":10.0,"key":"SteroidPotion"},{"floor":16.0,"key":"SteroidPotion"},{"floor":20.0,"key":"ColorlessPotion"}],"is_trial":false,"path_per_floor":["M","?","$","?","M","E","M","R","T","E","R","?","M","$","R","B",null,"M","?","M","M","?","R","?","E","T","?"],"character_chosen":"THE_SILENT","items_purchased":["Accuracy"],"campfire_rested":0,"item_purchase_floors":[14],"current_hp_per_floor":[63,63,63,63,63,63,63,63,63,43,43,29,27,27,27,5,54,54,54,54,54,48,48,32,6,6,2,2],"gold":294,"neow_bonus":"THREE_ENEMY_KILL","is_daily":false,"chose_seed":false,"campfire_upgraded":4,"win_rate":0.0,"timestamp":1608378155,"path_taken":["M","?","$","?","M","E","?","R","T","E","R","?","M","?","R","BOSS","M","?","?","M","?","R","?","E","T","?"],"items_purchased_type":["Card"],"build_version":"2020-12-13","purchased_purges":0,"victory":false,"max_hp_per_floor":[70,70,70,70,70,70,70,70,70,70,70,70,70,70,70,70,70,70,70,70,70,70,70,70,70,70,70,70],"card_choices":[{"not_picked":["Slice","Finisher"],"picked":"Noxious Fumes","floor":1.0},{"not_picked":["Riddle With Holes","Dodge and Roll"],"picked":"Cloak And Dagger","floor":5.0},{"not_picked":["Underhanded Strike","Well Laid Plans"],"picked":"Terror","floor":6.0},{"not_picked":["Dagger Spray","Flying Knee","Masterful Stab"],"picked":"SKIP","floor":7.0},{"not_picked":["Night Terror","Flechettes"],"picked":"Crippling Poison","floor":10.0},{"not_picked":["Setup","Cloak And Dagger"],"picked":"Blade Dance","floor":13.0},{"not_picked":["A Thousand Cuts","Doppelganger"],"picked":"Burst","floor":16.0},{"not_picked":["Deadly Poison+1","Acrobatics"],"picked":"Backflip","floor":18.0},{"not_picked":["Well Laid Plans","Acrobatics"],"picked":"Accuracy+1","floor":20.0},{"not_picked":["Masterful Stab","Bane"],"picked":"Distraction+1","floor":21},{"not_picked":["Poisoned Stab+1","Dodge and Roll","All Out Attack"],"picked":"SKIP","floor":25}],"player_experience":185232,"relics_obtained":[{"floor":6.0,"key":"Letter Opener"},{"floor":9.0,"key":"Vajra"},{"floor":10.0,"key":"Blue Candle"},{"floor":24,"key":"Necronomicon"},{"floor":25,"key":"Paper Crane"},{"floor":26,"key":"Art of War"}],"event_choices":[{"cards_removed":["Strike_G"],"damage_healed":0.0,"max_hp_gain":0.0,"max_hp_loss":0.0,"gold_gain":0.0,"event_name":"The Cleric","player_choice":"Card Removal","floor":2.0,"gold_loss":50.0,"damage_taken":0.0},{"damage_healed":0.0,"max_hp_gain":0.0,"max_hp_loss":0.0,"gold_gain":0.0,"event_name":"Match and Keep!","player_choice":"5 cards matched","floor":4.0,"gold_loss":0.0,"damage_taken":0.0,"cards_obtained":["PiercingWail","Neutralize","Calculated Gamble","Burst","PanicButton"]},{"damage_healed":0.0,"max_hp_gain":0.0,"max_hp_loss":0.0,"gold_gain":0.0,"event_name":"Shining Light","player_choice":"Entered Light","floor":12.0,"gold_loss":0.0,"damage_taken":14.0,"cards_upgraded":["Defend_G","Strike_G"]},{"damage_healed":0.0,"max_hp_gain":0.0,"max_hp_loss":0.0,"gold_gain":0.0,"event_name":"Wheel of Change","player_choice":"Cursed","floor":19.0,"gold_loss":0.0,"damage_taken":0.0,"cards_obtained":["Decay"]},{"damage_healed":0,"gold_gain":0,"player_choice":"Joined the Cult","damage_taken":6,"max_hp_gain":0,"max_hp_loss":0,"event_name":"Nest","floor":22,"gold_loss":0,"cards_obtained":["RitualDagger"]},{"damage_healed":0,"gold_gain":0,"player_choice":"Obtained Book","damage_taken":16,"max_hp_gain":0,"max_hp_loss":0,"event_name":"Cursed Tome","floor":24,"gold_loss":0},{"damage_healed":0,"gold_gain":0,"player_choice":"Fight","damage_taken":0,"max_hp_gain":0,"max_hp_loss":0,"event_name":"Colosseum","floor":27,"gold_loss":0},{"damage_healed":0,"gold_gain":0,"player_choice":"Fought Nobs","damage_taken":0,"max_hp_gain":0,"max_hp_loss":0,"event_name":"Colosseum","floor":27,"gold_loss":0}],"is_beta":false,"boss_relics":[{"not_picked":["Snecko Eye","Philosopher\u0027s Stone"],"picked":"Pandora\u0027s Box"}],"items_purged_floors":[],"is_endless":false,"potions_floor_spawned":[7,10,16,20,27],"killed_by":"Colosseum Nobs","ascension_level":11}}