{"host":"xcuflocadasoaqda","time":1608397322,"event":{"mods":["BaseMod","Bestiary","Filter the Spire","Minty Spire (QoL Compilation)","Relic Stats"],"gold_per_floor":[109,122,197,213,40,40,73,73,73,73,94,94,123,139,139,139,139],"floor_reached":16,"playtime":692,"items_purged":[],"score":266,"play_id":"5ca6b8c8-ef21-48ad-84a0-039c4a841b85","local_time":"20201219110202","is_ascension_mode":true,"campfire_choices":[{"data":"Feed","floor":6,"key":"SMITH"},{"data":"Fiend Fire","floor":8,"key":"SMITH"},{"data":"Immolate","floor":15,"key":"SMITH"}],"circlet_count":0,"master_deck":["AscendersBane","Bash","Sword Boomerang","Feel No Pain","Fiend Fire+1","Combust","Clothesline","Anger","True Grit+1","Dual Wield","Corruption","Twin Strike","Shrug It Off","Feed+1","Feel No Pain","Power Through","Immolate+1"],"relics":["Pandora\u0027s Box","Anchor","InkBottle","Odd Mushroom","HornCleat"],"acts_visited":["Exordium"],"potions_floor_usage":[13,13],"damage_taken":[{"damage":4,"enemies":"Jaw Worm","floor":1,"turns":2},{"damage":1,"enemies":"Small Slimes","floor":2,"turns":3},{"damage":2,"enemies":"2 Louse","floor":4,"turns":3},{"damage":28,"enemies":"Lagavulin","floor":7,"turns":7},{"damage":1,"enemies":"The Mushroom Lair","floor":11,"turns":4},{"damage":0,"enemies":"Gremlin Nob","floor":13,"turns":7},{"damage":1,"enemies":"Blue Slaver","floor":14,"turns":5},{"damage":32,"enemies":"Hexaghost","floor":16,"turns":8}],"seed_played":"8683376080701283953","potions_obtained":[{"floor":4,"key":"SpeedPotion"},{"floor":7,"key":"PowerPotion"},{"floor":11,"key":"EssenceOfSteel"}],"is_trial":false,"path_per_floor":["M","M","?","M","$","R","E","R","T","?","?","?","E","M","R","B"],"character_chosen":"IRONCLAD","items_purchased":["Feed"],"campfire_rested":0,"item_purchase_floors":[5],"current_hp_per_floor":[64,63,52,50,50,50,22,22,22,22,25,25,29,32,32,0,0],"gold":139,"neow_bonus":"BOSS_RELIC","is_daily":false,"chose_seed":false,"campfire_upgraded":3,"win_rate":0.0,"timestamp":1608397322,"path_taken":["M","M","?","M","$","R","E","R","T","?","?","?","E","M","R","BOSS"],"items_purchased_type":["Card"],"build_version":"2020-12-13","purchased_purges":0,"victory":false,"max_hp_per_floor":[75,75,75,75,75,75,75,75,75,75,79,79,83,87,87,87,87],"relic_stats":{"counters":[8,39],"Pandora\u0027s Box":["Sword Boomerang","Feel No Pain","Fiend Fire","Combust","Clothesline","Anger","True Grit","Dual Wield","Corruption"],"obtain_stats":[{"Anchor":7,"HornCleat":13,"Pandora\u0027s Box":0,"Odd Mushroom":11,"Burning Blood":0,"InkBottle":9},{"Anchor":4,"HornCleat":6,"Pandora\u0027s Box":0,"Odd Mushroom":5,"Burning Blood":0,"InkBottle":4},{"Anchor":15,"HornCleat":26,"Pandora\u0027s Box":0,"Odd Mushroom":19,"Burning Blood":0,"InkBottle":15}],"InkBottle":[6]},"card_choices":[{"not_picked":["Clothesline","Sword Boomerang","Warcry"],"picked":"SKIP","floor":1},{"not_picked":["Wild Strike","Havoc"],"picked":"Twin Strike","floor":2},{"not_picked":["Perfected Strike","Havoc"],"picked":"Shrug It Off","floor":4},{"not_picked":["Infernal Blade","Rampage","Havoc"],"picked":"SKIP","floor":7},{"not_picked":["Havoc","Cleave"],"picked":"Feel No Pain","floor":11},{"not_picked":["Armaments","Dropkick"],"picked":"Power Through","floor":13},{"not_picked":["Flex","Shrug It Off"],"picked":"Immolate","floor":14}],"player_experience":1751126,"relics_obtained":[{"floor":7,"key":"Anchor"},{"floor":9,"key":"InkBottle"},{"floor":11,"key":"Odd Mushroom"},{"floor":13,"key":"HornCleat"}],"event_choices":[{"damage_healed":0,"gold_gain":75,"player_choice":"Gather Gold","damage_taken":11,"max_hp_gain":0,"max_hp_loss":0,"event_name":"World of Goop","floor":3,"gold_loss":0},{"damage_healed":0,"gold_gain":0,"player_choice":"Ignored","damage_taken":0,"max_hp_gain":0,"max_hp_loss":0,"event_name":"Shining Light","floor":10,"gold_loss":0},{"damage_healed":0,"gold_gain":0,"player_choice":"Fought Mushrooms","damage_taken":0,"max_hp_gain":0,"max_hp_loss":0,"event_name":"Mushrooms","floor":11,"gold_loss":0},{"damage_healed":0,"gold_gain":0,"player_choice":"Grow","damage_taken":0,"max_hp_gain":0,"max_hp_loss":0,"event_name":"Living Wall","floor":12,"gold_loss":0,"cards_upgraded":["True Grit"]}],"is_beta":false,"boss_relics":[],"items_purged_floors":[],"is_endless":false,"potions_floor_spawned":[4,7,11],"killed_by":"Hexaghost","ascension_level":20}}