{"host":"49c2zf0lajbcs427","time":1608368334,"event":{"mods":["AchievementEnabler","BaseMod","Colored Map","Colored Powertips","Highlight Path","Minty Spire (QoL Compilation)","Relic Stats","StSLib"],"gold_per_floor":[118,53,73,73,21,53,72,72,96,96,129,129,164,222,234,318,330,354,366,378,407,419,431,478,415,415,415,445,463,492,407,407,482,482,494,200,216,261,483,483,498,523,523,5,22,22,57,72,72,72],"floor_reached":51,"playtime":2904,"items_purged":["Strike_P","Strike_P","Strike_P"],"score":1543,"play_id":"745972c7-603c-4119-a2b8-3adef64d67f0","local_time":"20201219215854","is_ascension_mode":true,"campfire_choices":[{"data":"Wallop","floor":8.0,"key":"SMITH"},{"data":"ConjureBlade","floor":12,"key":"SMITH"},{"data":"Vigilance","floor":15,"key":"SMITH"},{"floor":23,"key":"REST"},{"floor":27,"key":"REST"},{"floor":32,"key":"REST"},{"floor":40,"key":"REST"},{"data":"SandsOfTime","floor":46,"key":"SMITH"},{"floor":49,"key":"REST"}],"circlet_count":0,"master_deck":["AscendersBane","Strike_P","Defend_P","Defend_P","Defend_P","Defend_P","Eruption+1","Vigilance+1","FlyingSleeves","FollowUp","ConjureBlade+1","Wallop+1","InnerPeace","Prostrate","DeusExMachina","Wallop","CutThroughFate","Blasphemy+1","CutThroughFate","InnerPeace+1","LikeWater","SandsOfTime+1","Worship+1","CutThroughFate","Enlightenment+1","Indignation+1","TalkToTheHand","Wish+1"],"relics":["PureWater","NeowsBlessing","Art of War","Incense Burner","Boot","Juzu Bracelet","GoldenEye","MawBank","Snecko Eye","Enchiridion","Damaru","Meat on the Bone","Orichalcum","Red Mask","Toxic Egg 2","Philosopher\u0027s Stone","Membership Card","Torii","Letter Opener","Question Card","Potion Belt","OrangePellets","InkBottle","Gambling Chip"],"acts_visited":["Exordium","TheCity","TheBeyond"],"potions_floor_usage":[11,16,18,24,30,33,41,50,50,50],"damage_taken":[{"damage":0.0,"enemies":"Cultist","floor":1.0,"turns":1.0},{"damage":0.0,"enemies":"Jaw Worm","floor":3.0,"turns":1.0},{"damage":0.0,"enemies":"Lagavulin","floor":6.0,"turns":2.0},{"damage":4.0,"enemies":"Small Slimes","floor":7.0,"turns":3.0},{"damage":0,"enemies":"3 Sentries","floor":11,"turns":3},{"damage":12,"enemies":"Gremlin Nob","floor":13,"turns":3},{"damage":16,"enemies":"Lagavulin Event","floor":14,"turns":5},{"damage":16,"enemies":"The Guardian","floor":16,"turns":11},{"damage":7,"enemies":"Spheric Guardian","floor":18,"turns":4},{"damage":27,"enemies":"Shell Parasite","floor":21,"turns":4},{"damage":7,"enemies":"Book of Stabbing","floor":24,"turns":4},{"damage":22,"enemies":"Gremlin Leader","floor":28,"turns":6},{"damage":1,"enemies":"Cultist and Chosen","floor":29,"turns":4},{"damage":1,"enemies":"Masked Bandits","floor":30,"turns":3},{"damage":14,"enemies":"Automaton","floor":33,"turns":5},{"damage":0,"enemies":"Orb Walker","floor":35,"turns":3},{"damage":23,"enemies":"3 Shapes","floor":37,"turns":5},{"damage":30,"enemies":"2 Orb Walkers","floor":38,"turns":4},{"damage":18,"enemies":"Transient","floor":41,"turns":6},{"damage":0,"enemies":"Giant Head","floor":42,"turns":4},{"damage":0,"enemies":"Spire Growth","floor":45,"turns":3},{"damage":0,"enemies":"Reptomancer","floor":47,"turns":2},{"damage":0,"enemies":"Maw","floor":48,"turns":4},{"damage":30,"enemies":"Time Eater","floor":50,"turns":4}],"seed_played":"-5507931086759884193","potions_obtained":[{"floor":3.0,"key":"Explosive Potion"},{"floor":11,"key":"EssenceOfSteel"},{"floor":13,"key":"Regen Potion"},{"floor":16,"key":"Swift Potion"},{"floor":18,"key":"CultistPotion"},{"floor":21,"key":"GamblersBrew"},{"floor":29,"key":"PowerPotion"},{"floor":41,"key":"Fruit Juice"},{"floor":45,"key":"FairyPotion"}],"is_trial":false,"path_per_floor":["M","?","M","?","$","E","M","R","T","$","E","R","E","?","R","B",null,"M","?","?","M","?","R","E","$","T","R","E","M","?","?","R","B",null,"M","$","M","?","?","R","M","E","T","$","M","R","E","M","R","B",null],"character_chosen":"WATCHER","items_purchased":["FollowUp","Membership Card","InnerPeace+1","LikeWater","Enlightenment+1","Potion Belt","Ambrosia","SteroidPotion","FearPotion","OrangePellets","InkBottle"],"campfire_rested":5,"item_purchase_floors":[5,36,36,36,44,44,44,44,44,44,44],"current_hp_per_floor":[61,61,61,61,61,61,57,57,57,57,57,57,45,29,29,28,58,51,30,30,3,3,23,16,16,16,36,26,37,36,36,56,42,62,62,62,39,21,21,41,40,40,40,40,40,40,40,40,61,43],"gold":72,"neow_bonus":"THREE_ENEMY_KILL","is_daily":false,"chose_seed":false,"campfire_upgraded":4,"win_rate":0.0,"timestamp":1608368334,"path_taken":["M","?","?","?","$","E","M","R","T","$","E","R","E","?","R","BOSS","M","?","?","M","?","R","E","?","T","R","E","M","?","?","R","BOSS","M","$","M","?","?","R","M","E","T","$","M","R","E","M","R","BOSS"],"items_purchased_type":["Card","Relic","Card","Card","Card","Relic","Potion","Potion","Potion","Relic","Relic"],"build_version":"2020-12-13","purchased_purges":3,"victory":true,"max_hp_per_floor":[68,68,68,68,68,68,68,68,68,68,68,68,68,68,68,68,68,68,68,68,68,68,68,68,68,68,68,68,68,68,68,68,68,68,68,68,68,68,68,68,73,73,73,73,73,73,73,73,73,73],"relic_stats":{"Torii":4,"counters":[24,94],"Juzu Bracelet":2,"Letter Opener":[45],"Orichalcum":[30],"Boot":[36],"GoldenEye":[34],"MawBank":132,"Question Card":3,"OrangePellets":[4],"Gambling Chip":[9],"Snecko Eye":[100,111,102,99],"Art of War":[10],"obtain_stats":[{"Potion Belt":44,"NeowsBlessing":0,"Torii":38,"Enchiridion":19,"Damaru":24,"Incense Burner":6,"Juzu Bracelet":11,"Letter Opener":42,"Orichalcum":28,"Boot":9,"GoldenEye":13,"MawBank":14,"Question Card":43,"OrangePellets":44,"Gambling Chip":47,"Snecko Eye":17,"Philosopher\u0027s Stone":34,"Art of War":2,"Red Mask":30,"Membership Card":36,"PureWater":0,"Toxic Egg 2":31,"InkBottle":44,"Meat on the Bone":26},{"Potion Belt":20,"NeowsBlessing":0,"Torii":18,"Enchiridion":9,"Damaru":11,"Incense Burner":3,"Juzu Bracelet":5,"Letter Opener":20,"Orichalcum":12,"Boot":4,"GoldenEye":6,"MawBank":7,"Question Card":20,"OrangePellets":20,"Gambling Chip":22,"Snecko Eye":8,"Philosopher\u0027s Stone":15,"Art of War":1,"Red Mask":14,"Membership Card":16,"PureWater":0,"Toxic Egg 2":14,"InkBottle":20,"Meat on the Bone":11},{"Potion Belt":81,"NeowsBlessing":0,"Torii":71,"Enchiridion":33,"Damaru":41,"Incense Burner":4,"Juzu Bracelet":10,"Letter Opener":81,"Orichalcum":47,"Boot":7,"GoldenEye":13,"MawBank":18,"Question Card":81,"OrangePellets":81,"Gambling Chip":86,"Snecko Eye":29,"Philosopher\u0027s Stone":59,"Art of War":1,"Red Mask":54,"Membership Card":62,"PureWater":0,"Toxic Egg 2":54,"InkBottle":81,"Meat on the Bone":41}],"InkBottle":[6],"Meat on the Bone":60},"card_choices":[{"not_picked":["LikeWater","JustLucky"],"picked":"FlurryOfBlows","floor":1.0},{"not_picked":["LikeWater","Worship"],"picked":"FlyingSleeves","floor":3.0},{"not_picked":["Indignation","Pray"],"picked":"ConjureBlade","floor":6.0},{"not_picked":["Prostrate","Vengeance"],"picked":"Wallop","floor":7.0},{"not_picked":["FlyingSleeves","Evaluate","Crescendo"],"picked":"SKIP","floor":11},{"not_picked":["ForeignInfluence","Protect"],"picked":"InnerPeace","floor":13},{"not_picked":["JustLucky","Evaluate"],"picked":"Prostrate","floor":14},{"not_picked":["Wish","MasterReality"],"picked":"DeusExMachina","floor":16},{"not_picked":["CrushJoints","FlurryOfBlows","JustLucky"],"picked":"SKIP","floor":18},{"not_picked":["BattleHymn","CrushJoints","InnerPeace"],"picked":"SKIP","floor":21},{"not_picked":["FollowUp+1","Evaluate","Crescendo"],"picked":"SKIP","floor":24},{"not_picked":["Brilliance","FollowUp"],"picked":"CutThroughFate","floor":28},{"not_picked":["JustLucky","SandsOfTime","PathToVictory"],"picked":"SKIP","floor":29},{"not_picked":["Judgement+1","ConjureBlade+1"],"picked":"Blasphemy+1","floor":33},{"not_picked":["Crescendo+1","JustLucky"],"picked":"CutThroughFate","floor":35},{"not_picked":["FlyingSleeves","Halt+1"],"picked":"SandsOfTime","floor":37},{"not_picked":["WheelKick","WindmillStrike"],"picked":"Worship+1","floor":38},{"not_picked":["FlyingSleeves+1","Prostrate+1","PathToVictory+1"],"picked":"SKIP","floor":41},{"not_picked":["FlurryOfBlows","Consecrate"],"picked":"CutThroughFate","floor":42},{"not_picked":["SashWhip","ThirdEye+1","WaveOfTheHand+1"],"picked":"Indignation+1","floor":45},{"not_picked":["FollowUp","Consecrate","Protect+1"],"picked":"TalkToTheHand","floor":47},{"not_picked":["FollowUp","ClearTheMind+1","Protect+1"],"picked":"Wish+1","floor":48}],"player_experience":2120720,"relics_obtained":[{"floor":6.0,"key":"Incense Burner"},{"floor":9.0,"key":"Boot"},{"floor":11,"key":"Juzu Bracelet"},{"floor":13,"key":"GoldenEye"},{"floor":14,"key":"MawBank"},{"floor":19,"key":"Enchiridion"},{"floor":24,"key":"Damaru"},{"floor":26,"key":"Meat on the Bone"},{"floor":28,"key":"Orichalcum"},{"floor":30,"key":"Red Mask"},{"floor":38,"key":"Torii"},{"floor":42,"key":"Letter Opener"},{"floor":43,"key":"Question Card"},{"floor":47,"key":"Gambling Chip"}],"event_choices":[{"damage_healed":0.0,"max_hp_gain":0.0,"max_hp_loss":0.0,"gold_gain":0.0,"event_name":"WeMeetAgain","player_choice":"Paid Gold","floor":2.0,"gold_loss":65.0,"damage_taken":0.0,"relics_obtained":["Art of War"]},{"damage_healed":0.0,"max_hp_gain":0.0,"max_hp_loss":0.0,"gold_gain":0.0,"event_name":"Living Wall","player_choice":"Grow","floor":4.0,"gold_loss":0.0,"damage_taken":0.0,"cards_upgraded":["Eruption"]},{"damage_healed":0,"gold_gain":0,"player_choice":"Searched \u00271\u0027 times","damage_taken":0,"max_hp_gain":0,"max_hp_loss":0,"event_name":"Dead Adventurer","floor":14,"gold_loss":0},{"damage_healed":0,"gold_gain":0,"player_choice":"Obtained Book","damage_taken":21,"max_hp_gain":0,"max_hp_loss":0,"event_name":"Cursed Tome","floor":19,"gold_loss":0},{"damage_healed":0,"gold_gain":0,"player_choice":"Read","damage_taken":0,"max_hp_gain":0,"max_hp_loss":0,"event_name":"The Library","floor":20,"gold_loss":0,"cards_obtained":["Wallop"]},{"cards_removed":["FlurryOfBlows"],"damage_healed":0,"gold_gain":0,"player_choice":"Purged","damage_taken":0,"max_hp_gain":0,"max_hp_loss":0,"event_name":"Purifier","floor":22,"gold_loss":0},{"damage_healed":0,"gold_gain":0,"player_choice":"Fought Bandits","damage_taken":0,"max_hp_gain":0,"max_hp_loss":0,"event_name":"Masked Bandits","floor":30,"gold_loss":0},{"damage_healed":0,"gold_gain":0,"player_choice":"Obtained Relic","damage_taken":0,"relics_obtained":["Toxic Egg 2"],"max_hp_gain":0,"max_hp_loss":0,"event_name":"Addict","floor":31,"gold_loss":85},{"damage_healed":0,"gold_gain":0,"player_choice":"Fight","damage_taken":0,"max_hp_gain":0,"max_hp_loss":0,"event_name":"Mysterious Sphere","floor":38,"gold_loss":0},{"damage_healed":0,"gold_gain":222,"player_choice":"Wore Mask","damage_taken":0,"max_hp_gain":0,"max_hp_loss":0,"event_name":"Tomb of Lord Red Mask","floor":39,"gold_loss":0}],"is_beta":false,"boss_relics":[{"not_picked":["Velvet Choker","Fusion Hammer"],"picked":"Snecko Eye"},{"not_picked":["Calling Bell","Coffee Dripper"],"picked":"Philosopher\u0027s Stone"}],"items_purged_floors":[25,36,44],"is_endless":false,"potions_floor_spawned":[3,11,13,16,18,21,29,41,45,47,48],"ascension_level":17}}