{"host":"npubv26u89aif4fa","time":1608369606,"event":{"mods":["Astrologer","BaseMod","Better Vampires","Colored Powertips","GifTheSpireLib","GungeonMod","HornydragonMod","Hubris","Jedi Mod","Minty Spire (QoL Compilation)","Nova Terra(诺娃・泰拉)","Quick Restart","Remilia（蕾米莉亚）","Replay The Spire","StSLib","Td1madao Mod","The Administrix","The Alterego","The Bug Knight","The Cursed","The Dragon Tamer","The Hayseed","The Runesmith","TheWitcher","Yuri Mod","Yuyuko","【东方二次创作】八云紫mod"],"gold_per_floor":[84,84,34,109,119,119,134,153,153,183,214,226,271,299,311,419,431,456,482,512,551,563,563],"floor_reached":22,"playtime":2289,"items_purged":[],"score":198,"play_id":"a5d90b42-3dc4-40e4-b3e9-04e398586f40","local_time":"20201219172006","is_ascension_mode":false,"campfire_choices":[{"floor":6.0,"key":"RECALL"},{"floor":12.0,"key":"REST"},{"floor":15.0,"key":"REST"}],"circlet_count":0,"master_deck":["Strike_HD","Strike_HD","Strike_HD","Strike_HD","DrunkenFist+1","Defend_HD","Defend_HD","Defend_HD","Defend_HD+1","AlcoholBarrier","BreakDrink","TheCursedMod:CursedWand","BlackJackAttack","Yeast","Beer","Metabolism","AlcoholGun","Brimstone","Beer+1","Margarita","Timmie","AlcoholHeal"],"relics":["WineBottle","Ginger","MawBank","Replay:Accelerometer","SlaversCollar","Red Mask"],"acts_visited":["Exordium","TheCity"],"potions_floor_usage":[21],"damage_taken":[{"damage":0.0,"enemies":"2 Louse","floor":1.0,"turns":3.0},{"damage":0.0,"enemies":"Small Slimes","floor":5.0,"turns":2.0},{"damage":0.0,"enemies":"Jaw Worm","floor":7.0,"turns":4.0},{"damage":8.0,"enemies":"Exordium Thugs","floor":8.0,"turns":5.0},{"damage":33.0,"enemies":"Gremlin Nob","floor":10.0,"turns":5.0},{"damage":0.0,"enemies":"Large Slime","floor":11.0,"turns":3.0},{"damage":11.0,"enemies":"3 Sentries","floor":13.0,"turns":8.0},{"damage":4.0,"enemies":"Lots of Slimes","floor":14.0,"turns":3.0},{"damage":50.0,"enemies":"The Guardian","floor":16.0,"turns":14.0},{"damage":22.0,"enemies":"Shell Parasite","floor":18.0,"turns":6.0},{"damage":25.0,"enemies":"2 Thieves","floor":19.0,"turns":4.0},{"damage":29,"enemies":"Snake Plant","floor":20,"turns":5},{"damage":9,"enemies":"Masked Bandits","floor":21,"turns":3},{"damage":16,"enemies":"Sentry and Sphere","floor":22,"turns":5}],"seed_played":"-4031342564582395304","potions_obtained":[{"floor":7.0,"key":"jedi:StrikingPotion"},{"floor":8.0,"key":"Swift Potion"},{"floor":13.0,"key":"Fire Potion"},{"floor":19.0,"key":"Languid Potion"},{"floor":20,"key":"Fire Potion"}],"is_trial":false,"path_per_floor":["M","?","?","?","M","R","M","M","T","E","M","R","E","M","R","B",null,"M","M","M","?","M"],"character_chosen":"HORNYDRAGON","items_purchased":[],"campfire_rested":2,"item_purchase_floors":[],"current_hp_per_floor":[87,70,70,59,59,59,59,51,51,18,18,44,33,29,55,5,87,65,40,11,2,0,0],"gold":563,"neow_bonus":"ONE_RARE_RELIC","is_daily":false,"chose_seed":false,"campfire_upgraded":0,"win_rate":0.0,"timestamp":1608369606,"path_taken":["M","?","?","?","M","R","M","?","T","E","M","R","E","M","R","BOSS","M","M","M","?","M"],"items_purchased_type":[],"build_version":"2020-12-13","purchased_purges":0,"victory":false,"max_hp_per_floor":[87,87,87,87,87,87,87,87,87,87,87,87,87,87,87,87,87,87,87,87,87,87,87],"card_choices":[{"not_picked":["Circle","Weed"],"picked":"BlackJackAttack","floor":1.0},{"not_picked":["BunnyJump","DrunkenFist","CardReborn"],"picked":"SKIP","floor":5.0},{"not_picked":["Yeast","BreakDrink","MemeAttack"],"picked":"SKIP","floor":7.0},{"not_picked":["BreakDrink","MemeAttack"],"picked":"Yeast","floor":7.0},{"not_picked":["GetAll","Bike","AlcoholHeal"],"picked":"SKIP","floor":8.0},{"not_picked":["SexyLeg","Pigeon"],"picked":"Beer","floor":10.0},{"not_picked":["ChickenAttack","AlcoholAttack"],"picked":"Metabolism","floor":11.0},{"not_picked":["AlcoholAttack","BunnyJump"],"picked":"AlcoholGun","floor":13.0},{"not_picked":["PowerGlove","Refill","BlackJackAttack"],"picked":"SKIP","floor":14.0},{"not_picked":["PointCard0","Ie6"],"picked":"Brimstone","floor":16.0},{"not_picked":["Alcoholic","DrumStick"],"picked":"Beer+1","floor":18.0},{"not_picked":["Circle","Wtf"],"picked":"Margarita","floor":19.0},{"not_picked":["Susie+1","IceTea"],"picked":"Timmie","floor":20},{"not_picked":["LightAttack","BottleAttack"],"picked":"AlcoholHeal","floor":21}],"player_experience":123626,"relics_obtained":[{"floor":10.0,"key":"MawBank"},{"floor":13.0,"key":"Replay:Accelerometer"},{"floor":21,"key":"Red Mask"}],"event_choices":[{"damage_healed":0.0,"max_hp_gain":0.0,"max_hp_loss":0.0,"gold_gain":0.0,"event_name":"Shining Light","player_choice":"Entered Light","floor":2.0,"gold_loss":0.0,"damage_taken":17.0,"cards_upgraded":["Defend_HD","DrunkenFist"]},{"cards_removed":["astrologer:Strike"],"damage_healed":0.0,"max_hp_gain":0.0,"max_hp_loss":0.0,"gold_gain":0.0,"event_name":"The Cleric","player_choice":"Card Removal","floor":3.0,"gold_loss":50.0,"damage_taken":0.0},{"damage_healed":0.0,"max_hp_gain":0.0,"max_hp_loss":0.0,"gold_gain":75.0,"event_name":"World of Goop","player_choice":"Gather Gold","floor":4.0,"gold_loss":0.0,"damage_taken":11.0},{"damage_healed":0,"gold_gain":0,"player_choice":"Fought Bandits","damage_taken":0,"max_hp_gain":0,"max_hp_loss":0,"event_name":"Masked Bandits","floor":21,"gold_loss":0}],"is_beta":false,"boss_relics":[{"not_picked":["Philosopher\u0027s Stone","Ectoplasm"],"picked":"SlaversCollar"}],"items_purged_floors":[],"is_endless":false,"potions_floor_spawned":[7,8,13,14,19,20],"killed_by":"Sentry and Sphere","ascension_level":0}}