{"host":"msfr2axb1w9025n0","time":1608373241,"event":{"mods":["BaseMod","Colored Map","DeckTracker","Minty Spire (QoL Compilation)"],"gold_per_floor":[112,130,130,130,35,66,77,91,118,153,223,223,256,256,256,354,354,368,382,394,414,414,457,457,165,165,192,192,192,205,238,238,238,238],"floor_reached":33,"playtime":1133,"items_purged":[],"score":405,"play_id":"9f60ac06-e669-4e0f-a04b-d370788c64d5","local_time":"20201219172041","is_ascension_mode":true,"campfire_choices":[{"data":"Prostrate","floor":12.0,"key":"SMITH"},{"floor":15.0,"key":"REST"},{"floor":24,"key":"REST"},{"floor":32,"key":"REST"}],"circlet_count":0,"master_deck":["Strike_P","Strike_P+1","Strike_P+1","Strike_P","Defend_P","Defend_P","Defend_P","Defend_P","Eruption","Vigilance","FollowUp","InnerPeace","BowlingBash","Prostrate+1","TalkToTheHand+1","Perseverance","Prostrate","Conclude","Prostrate","Judgement","SignatureMove","ClearTheMind","BowlingBash+1","Prostrate+1","Crescendo","TalkToTheHand"],"relics":["PureWater","NeowsBlessing","Pen Nib","Juzu Bracelet","PreservedInsect","Kunai","Ornamental Fan","Sozu","CeramicFish","Sundial","Thread and Needle","Torii"],"acts_visited":["Exordium","TheCity"],"potions_floor_usage":[33,33],"damage_taken":[{"damage":0.0,"enemies":"2 Louse","floor":1.0,"turns":2.0},{"damage":0.0,"enemies":"Small Slimes","floor":2.0,"turns":1.0},{"damage":0.0,"enemies":"Lagavulin","floor":6.0,"turns":1.0},{"damage":0.0,"enemies":"Cultist","floor":7.0,"turns":3.0},{"damage":16.0,"enemies":"Exordium Thugs","floor":8.0,"turns":4.0},{"damage":3.0,"enemies":"3 Sentries","floor":10.0,"turns":8.0},{"damage":12.0,"enemies":"Gremlin Nob","floor":13.0,"turns":4.0},{"damage":16.0,"enemies":"The Guardian","floor":16.0,"turns":14.0},{"damage":22,"enemies":"Shell Parasite","floor":18,"turns":6},{"damage":5,"enemies":"Chosen","floor":19,"turns":3},{"damage":2,"enemies":"3 Cultists","floor":20,"turns":3},{"damage":1,"enemies":"Sentry and Sphere","floor":21,"turns":3},{"damage":25,"enemies":"Book of Stabbing","floor":23,"turns":4},{"damage":17,"enemies":"Snecko","floor":27,"turns":5},{"damage":0,"enemies":"Cultist and Chosen","floor":30,"turns":3},{"damage":5,"enemies":"Slavers","floor":31,"turns":3},{"damage":54,"enemies":"Automaton","floor":33,"turns":10}],"seed_played":"7204879798713093938","potions_obtained":[{"floor":6.0,"key":"Weak Potion"},{"floor":10.0,"key":"Fruit Juice"},{"floor":13.0,"key":"CultistPotion"}],"is_trial":false,"path_per_floor":["M","M","?","?","$","E","M","M","T","E","T","R","E","?","R","B",null,"M","M","M","M","?","E","R","$","T","M","$","?","M","E","R","B"],"character_chosen":"WATCHER","items_purchased":["BowlingBash","Prostrate","Crescendo","Sundial"],"campfire_rested":3,"item_purchase_floors":[5,5,25,25],"current_hp_per_floor":[72,72,58,58,58,58,58,42,42,39,39,39,27,27,48,32,72,50,45,43,42,42,17,38,38,38,21,21,21,21,16,37,0,0],"gold":238,"neow_bonus":"THREE_ENEMY_KILL","is_daily":false,"chose_seed":false,"campfire_upgraded":1,"win_rate":0.0,"timestamp":1608373241,"path_taken":["M","M","?","?","$","E","M","?","T","E","?","R","E","?","R","BOSS","M","M","M","M","?","E","R","$","T","M","$","?","M","E","R","BOSS"],"items_purchased_type":["Card","Card","Card","Relic"],"build_version":"2020-12-13","purchased_purges":0,"victory":false,"max_hp_per_floor":[72,72,72,72,72,72,72,72,72,72,72,72,72,72,72,72,72,72,72,72,72,72,72,72,72,72,72,72,72,72,72,72,77,77],"card_choices":[{"not_picked":["Halt","EmptyBody"],"picked":"FollowUp","floor":1.0},{"not_picked":["Halt","PathToVictory"],"picked":"Vengeance","floor":2.0},{"not_picked":["WindmillStrike","Weave"],"picked":"TalkToTheHand","floor":6.0},{"not_picked":["ThirdEye","Wireheading"],"picked":"Perseverance","floor":7.0},{"not_picked":["Sanctity","SashWhip"],"picked":"Prostrate","floor":8.0},{"not_picked":["FlyingSleeves","EmptyFist"],"picked":"Conclude","floor":10.0},{"not_picked":["BattleHymn","Evaluate"],"picked":"Prostrate","floor":13.0},{"not_picked":["DevaForm","SpiritShield"],"picked":"Judgement","floor":16.0},{"not_picked":["Study","SashWhip"],"picked":"SignatureMove","floor":18},{"not_picked":["FlurryOfBlows+1","Protect"],"picked":"ClearTheMind","floor":19},{"not_picked":["Consecrate+1","Perseverance"],"picked":"BowlingBash+1","floor":20},{"not_picked":["WheelKick","ReachHeaven","CrushJoints"],"picked":"SKIP","floor":21},{"not_picked":["ThirdEye+1","Vault"],"picked":"Prostrate+1","floor":23},{"not_picked":["Conclude","Tantrum+1"],"picked":"TalkToTheHand","floor":27},{"not_picked":["Collect","EmptyBody","EmptyMind"],"picked":"SKIP","floor":30},{"not_picked":["EmptyFist+1","JustLucky","MentalFortress"],"picked":"SKIP","floor":31}],"player_experience":250632,"relics_obtained":[{"floor":6.0,"key":"Pen Nib"},{"floor":9.0,"key":"Juzu Bracelet"},{"floor":10.0,"key":"PreservedInsect"},{"floor":11.0,"key":"Kunai"},{"floor":13.0,"key":"Ornamental Fan"},{"floor":23,"key":"CeramicFish"},{"floor":26,"key":"Thread and Needle"},{"floor":31,"key":"Torii"}],"event_choices":[{"damage_healed":0.0,"max_hp_gain":0.0,"max_hp_loss":0.0,"gold_gain":0.0,"event_name":"Shining Light","player_choice":"Entered Light","floor":3.0,"gold_loss":0.0,"damage_taken":14.0,"cards_upgraded":["Strike_P","Strike_P"]},{"damage_healed":0.0,"max_hp_gain":0.0,"max_hp_loss":0.0,"gold_gain":0.0,"cards_transformed":["Vengeance"],"event_name":"Transmorgrifier","player_choice":"Transformed","floor":4.0,"gold_loss":0.0,"damage_taken":0.0,"cards_obtained":["InnerPeace"]},{"damage_healed":0.0,"max_hp_gain":0.0,"max_hp_loss":0.0,"gold_gain":0.0,"event_name":"Liars Game","player_choice":"Ignored","floor":14.0,"gold_loss":0.0,"damage_taken":0.0},{"damage_healed":0,"gold_gain":0,"player_choice":"Upgraded","damage_taken":0,"max_hp_gain":0,"max_hp_loss":0,"event_name":"Upgrade Shrine","floor":22,"gold_loss":0,"cards_upgraded":["TalkToTheHand"]},{"damage_healed":0,"gold_gain":0,"player_choice":"Ignored","damage_taken":0,"max_hp_gain":0,"max_hp_loss":0,"event_name":"Cursed Tome","floor":29,"gold_loss":0}],"is_beta":false,"boss_relics":[{"not_picked":["Busted Crown","Ectoplasm"],"picked":"Sozu"}],"items_purged_floors":[],"is_endless":false,"potions_floor_spawned":[6,10,13,16,18,19,23,30],"killed_by":"Automaton","ascension_level":3}}