{"host":"jx3f6ezc0g3s9edc","time":1608404701,"event":{"mods":["AchievementEnabler","BaseMod","Bestiary","Colored Map","Highlight Path","Minty Spire (QoL Compilation)","StSLib"],"gold_per_floor":[99,99,99,11,11,11,11,11,11,11,11,11,11,11,11,11,11,11,11,0,0,0,0,0,0,0,0,0,0,0,0,0,0,0],"floor_reached":33,"playtime":1899,"items_purged":[],"score":356,"play_id":"9a8bf761-b630-4fa7-aefc-f8811eb229ba","local_time":"20201219140501","is_ascension_mode":true,"campfire_choices":[{"data":"Beam Cell","floor":6.0,"key":"SMITH"},{"data":"Streamline","floor":8.0,"key":"SMITH"},{"floor":12.0,"key":"REST"},{"data":"Dualcast","floor":15.0,"key":"SMITH"},{"data":"Go for the Eyes","floor":23,"key":"SMITH"},{"data":"Consume","floor":25,"key":"SMITH"},{"data":"Hologram","floor":28,"key":"SMITH"},{"floor":32,"key":"REST"}],"circlet_count":0,"master_deck":["Strike_B","Strike_B","Strike_B","Defend_B","Defend_B","Defend_B","Defend_B","Zap","Dualcast+1","Ball Lightning","Undo","Beam Cell+1","Go for the Eyes+1","Streamline+1","Cold Snap","Glacier","Hologram+1","Decay","Doom and Gloom+1","Consume+1","Redo","Glacier"],"relics":["Ectoplasm","Toy Ornithopter","Boot","Akabeko","Nuclear Battery","Omamori","Nunchaku","HornCleat","Kunai"],"acts_visited":["Exordium","TheCity"],"potions_floor_usage":[18,24,30,33,33],"damage_taken":[{"damage":3.0,"enemies":"2 Louse","floor":1.0,"turns":2.0},{"damage":1.0,"enemies":"Cultist","floor":3.0,"turns":3.0},{"damage":0.0,"enemies":"Small Slimes","floor":5.0,"turns":3.0},{"damage":27.0,"enemies":"3 Sentries","floor":7.0,"turns":6.0},{"damage":9.0,"enemies":"Red Slaver","floor":10.0,"turns":3.0},{"damage":2.0,"enemies":"Exordium Wildlife","floor":11.0,"turns":3.0},{"damage":0.0,"enemies":"Gremlin Gang","floor":14.0,"turns":4.0},{"damage":4.0,"enemies":"The Guardian","floor":16.0,"turns":11.0},{"damage":0,"enemies":"Chosen","floor":18,"turns":3},{"damage":20,"enemies":"2 Thieves","floor":20,"turns":4},{"damage":12,"enemies":"Book of Stabbing","floor":24,"turns":5},{"damage":21,"enemies":"Shelled Parasite and Fungi","floor":29,"turns":6},{"damage":29,"enemies":"Slavers","floor":30,"turns":5},{"damage":6,"enemies":"Snake Plant","floor":31,"turns":4},{"damage":69,"enemies":"Automaton","floor":33,"turns":12}],"seed_played":"-4156477240953142977","potions_obtained":[{"floor":5.0,"key":"CultistPotion"},{"floor":10.0,"key":"ColorlessPotion"},{"floor":14.0,"key":"FearPotion"},{"floor":16.0,"key":"FearPotion"},{"floor":29,"key":"Regen Potion"},{"floor":30,"key":"Ancient Potion"},{"floor":31,"key":"Swift Potion"}],"is_trial":false,"path_per_floor":["M","?","M","?","M","R","E","R","T","M","M","R","$","M","R","B",null,"M","?","M","?","$","R","E","R","T","T","R","M","E","M","R","B"],"character_chosen":"DEFECT","items_purchased":[],"campfire_rested":2,"item_purchase_floors":[],"current_hp_per_floor":[72,72,71,71,71,71,44,44,44,35,33,55,55,55,55,56,70,75,75,55,55,55,55,48,48,48,48,48,27,17,11,33,0,0],"gold":0,"neow_bonus":"BOSS_RELIC","is_daily":false,"chose_seed":false,"campfire_upgraded":6,"win_rate":0.0,"timestamp":1608404701,"path_taken":["M","?","?","?","M","R","E","R","T","M","?","R","$","M","R","BOSS","M","?","?","?","$","R","E","R","T","?","R","M","E","M","R","BOSS"],"items_purchased_type":[],"build_version":"2020-12-13","purchased_purges":0,"victory":false,"max_hp_per_floor":[75,75,75,75,75,75,75,75,75,75,75,75,75,75,75,75,75,75,75,75,75,75,75,75,75,75,75,75,75,75,75,75,75,75],"card_choices":[{"not_picked":["Tempest","Barrage"],"picked":"Ball Lightning","floor":1.0},{"not_picked":["Recycle","Compile Driver"],"picked":"Beam Cell","floor":3.0},{"not_picked":["Redo","Compile Driver"],"picked":"Go for the Eyes","floor":5.0},{"not_picked":["Chill","Rebound"],"picked":"Streamline","floor":7.0},{"not_picked":["Compile Driver","Beam Cell","Doom and Gloom"],"picked":"SKIP","floor":10.0},{"not_picked":["Conserve Battery","Double Energy"],"picked":"Cold Snap","floor":11.0},{"not_picked":["Machine Learning","Turbo"],"picked":"Glacier","floor":14.0},{"not_picked":["White Noise","Conserve Battery"],"picked":"Hologram","floor":18},{"not_picked":["Compile Driver","Turbo"],"picked":"Doom and Gloom+1","floor":20},{"not_picked":["Conserve Battery","Blizzard"],"picked":"Consume","floor":24},{"not_picked":["Reprogram","Stack","Hologram"],"picked":"SKIP","floor":29},{"not_picked":["Compile Driver","Sweeping Beam"],"picked":"Redo","floor":30},{"not_picked":["Rebound","Beam Cell"],"picked":"Glacier","floor":31}],"player_experience":690901,"relics_obtained":[{"floor":7.0,"key":"Boot"},{"floor":9.0,"key":"Akabeko"},{"floor":24,"key":"Omamori"},{"floor":26,"key":"Nunchaku"},{"floor":27,"key":"HornCleat"},{"floor":30,"key":"Kunai"}],"event_choices":[{"damage_healed":0.0,"max_hp_gain":0.0,"max_hp_loss":0.0,"gold_gain":0.0,"cards_transformed":["Strike_B"],"event_name":"Transmorgrifier","player_choice":"Transformed","floor":2.0,"gold_loss":0.0,"damage_taken":0.0,"cards_obtained":["Undo"]},{"damage_healed":0.0,"max_hp_gain":0.0,"max_hp_loss":0.0,"gold_gain":0.0,"event_name":"WeMeetAgain","player_choice":"Paid Gold","floor":4.0,"gold_loss":88.0,"damage_taken":0.0,"relics_obtained":["Toy Ornithopter"]},{"damage_healed":0,"gold_gain":0,"player_choice":"Cursed","damage_taken":0,"max_hp_gain":0,"max_hp_loss":0,"event_name":"Wheel of Change","floor":19,"gold_loss":0,"cards_obtained":["Decay"]}],"is_beta":false,"boss_relics":[{"not_picked":["Cursed Key","Tiny House"],"picked":"Nuclear Battery"}],"items_purged_floors":[],"is_endless":false,"potions_floor_spawned":[5,10,14,16,29,30,31],"killed_by":"Automaton","ascension_level":5}}