{"host":"wg33yb1rgt3nbe17","time":1608365887,"event":{"mods":["AchievementEnabler","BaseMod","Colored Map","Minty Spire (QoL Compilation)","Permanent Neow","Relic Stats","StSLib"],"gold_per_floor":[14,29,40,90,107,134,158,158,181,191,202,202,220,245,245,319,319,337,0,0,0,0,0,14,14,65,95,95,129,42,57,57,134,134,150,165,0,0,10,10,38,38,38,48,60,78,78,78,78,78],"floor_reached":51,"playtime":1319,"items_purged":[],"score":1359,"play_id":"fd02be90-b01f-4366-bce1-d8e9f9192be9","local_time":"20201219031807","is_ascension_mode":true,"campfire_choices":[{"data":"Whirlwind","floor":12.0,"key":"SMITH"},{"floor":15.0,"key":"REST"},{"data":"Uppercut","floor":23.0,"key":"SMITH"},{"data":"Shockwave","floor":25.0,"key":"SMITH"},{"data":"True Grit","floor":28.0,"key":"SMITH"},{"data":"Limit Break","floor":32.0,"key":"SMITH"},{"data":"Offering","floor":40.0,"key":"SMITH"},{"data":"Intimidate","floor":42.0,"key":"SMITH"},{"data":"Double Tap","floor":49.0,"key":"SMITH"}],"circlet_count":0,"master_deck":["AscendersBane","Strike_R","Strike_R","Defend_R","Defend_R","Bash","Headbutt","Uppercut+1","Ghostly Armor","Whirlwind+1","True Grit+1","Shockwave+1","Double Tap+1","Limit Break+1","Battle Trance","Intimidate+1","Offering+1","Flex+1","Battle Trance","Impervious","Burning Pact+1","Flex+1","Trip"],"relics":["Burning Blood","Akabeko","Bag of Preparation","Vajra","Nunchaku","StrikeDummy","Velvet Choker","Brimstone","Omamori","PreservedInsect","Smiling Mask","Oddly Smooth Stone","Happy Flower","Empty Cage","Red Mask","MealTicket","Eternal Feather"],"acts_visited":["Exordium","TheCity","TheBeyond"],"potions_floor_usage":[50,50],"damage_taken":[{"damage":5.0,"enemies":"2 Louse","floor":1.0,"turns":3.0},{"damage":6.0,"enemies":"Cultist","floor":2.0,"turns":3.0},{"damage":9.0,"enemies":"Jaw Worm","floor":3.0,"turns":2.0},{"damage":12.0,"enemies":"Blue Slaver","floor":5.0,"turns":3.0},{"damage":10.0,"enemies":"3 Sentries","floor":6.0,"turns":4.0},{"damage":11.0,"enemies":"Looter","floor":10.0,"turns":3.0},{"damage":6.0,"enemies":"Exordium Wildlife","floor":11.0,"turns":2.0},{"damage":0.0,"enemies":"3 Louse","floor":13.0,"turns":1.0},{"damage":35.0,"enemies":"Lagavulin","floor":14.0,"turns":4.0},{"damage":31.0,"enemies":"Slime Boss","floor":16.0,"turns":8.0},{"damage":11.0,"enemies":"3 Byrds","floor":18.0,"turns":3.0},{"damage":0.0,"enemies":"Chosen","floor":24.0,"turns":1.0},{"damage":20.0,"enemies":"Book of Stabbing","floor":27.0,"turns":3.0},{"damage":11.0,"enemies":"Slavers","floor":29.0,"turns":2.0},{"damage":16.0,"enemies":"Snake Plant","floor":31.0,"turns":2.0},{"damage":46.0,"enemies":"Automaton","floor":33.0,"turns":5.0},{"damage":0.0,"enemies":"3 Darklings","floor":35.0,"turns":1.0},{"damage":1.0,"enemies":"Orb Walker","floor":36.0,"turns":2.0},{"damage":14.0,"enemies":"3 Darklings","floor":39.0,"turns":3.0},{"damage":6.0,"enemies":"Nemesis","floor":41.0,"turns":3.0},{"damage":9.0,"enemies":"Spire Growth","floor":44.0,"turns":2.0},{"damage":6.0,"enemies":"Maw","floor":45.0,"turns":4.0},{"damage":10.0,"enemies":"Transient","floor":46.0,"turns":5.0},{"damage":62,"enemies":"Time Eater","floor":50,"turns":5}],"seed_played":"-5851877240766500066","potions_obtained":[{"floor":2.0,"key":"Fire Potion"},{"floor":5.0,"key":"Fire Potion"},{"floor":6.0,"key":"BloodPotion"},{"floor":13.0,"key":"SteroidPotion"},{"floor":16.0,"key":"EssenceOfSteel"},{"floor":27.0,"key":"Swift Potion"},{"floor":33.0,"key":"CultistPotion"},{"floor":38.0,"key":"DuplicationPotion"},{"floor":41.0,"key":"PowerPotion"}],"is_trial":false,"path_per_floor":["M","M","M","?","M","E","T","?","T","M","M","R","M","E","R","B",null,"M","$","?","?","T","R","M","R","T","E","R","E","$","M","R","B",null,"M","M","?","?","M","R","E","R","T","M","M","M","?","?","R","B",null],"character_chosen":"IRONCLAD","items_purchased":["Brimstone","Omamori","Battle Trance"],"campfire_rested":1,"item_purchase_floors":[19,19,30],"current_hp_per_floor":[69,69,66,66,60,56,56,45,45,40,40,40,46,17,39,14,60,55,55,55,55,55,55,61,61,61,62,62,57,57,47,47,7,58,64,69,69,69,61,61,61,61,61,58,58,54,54,54,66,10],"gold":78,"neow_bonus":"REMOVE_TWO","is_daily":false,"chose_seed":false,"campfire_upgraded":8,"win_rate":0.0,"timestamp":1608365887,"path_taken":["M","M","M","?","?","E","?","?","T","M","M","R","M","E","R","BOSS","M","$","?","?","?","R","M","R","T","E","R","E","$","?","R","BOSS","M","M","?","?","M","R","E","R","T","?","?","M","?","?","R","BOSS"],"items_purchased_type":["Relic","Relic","Card"],"build_version":"2020-12-13","purchased_purges":0,"victory":true,"max_hp_per_floor":[75,75,75,75,75,75,75,75,75,75,75,75,75,75,75,75,75,75,75,75,75,75,75,75,75,75,75,75,75,75,75,75,75,75,75,75,75,75,75,75,75,75,75,75,75,75,75,75,75,75],"relic_stats":{"Nunchaku":[8],"Happy Flower":[10],"counters":[24,74],"MealTicket":0,"Eternal Feather":12,"PreservedInsect":134,"Bag of Preparation":[38],"Smiling Mask":0,"obtain_stats":[{"Happy Flower":29,"Vajra":8,"Velvet Choker":17,"Oddly Smooth Stone":27,"Eternal Feather":43,"PreservedInsect":22,"Bag of Preparation":7,"Omamori":19,"Smiling Mask":26,"Empty Cage":34,"Burning Blood":0,"Akabeko":6,"Nunchaku":9,"Brimstone":19,"MealTicket":41,"Red Mask":37,"StrikeDummy":14},{"Happy Flower":14,"Vajra":5,"Velvet Choker":10,"Oddly Smooth Stone":13,"Eternal Feather":20,"PreservedInsect":11,"Bag of Preparation":5,"Omamori":11,"Smiling Mask":12,"Empty Cage":16,"Burning Blood":0,"Akabeko":5,"Nunchaku":5,"Brimstone":11,"MealTicket":20,"Red Mask":18,"StrikeDummy":9},{"Happy Flower":42,"Vajra":15,"Velvet Choker":33,"Oddly Smooth Stone":40,"Eternal Feather":58,"PreservedInsect":36,"Bag of Preparation":15,"Omamori":36,"Smiling Mask":37,"Empty Cage":49,"Burning Blood":0,"Akabeko":15,"Nunchaku":15,"Brimstone":36,"MealTicket":58,"Red Mask":52,"StrikeDummy":25}],"Burning Blood":144},"card_choices":[{"not_picked":["Shockwave","Thunderclap"],"picked":"Headbutt","floor":1.0},{"not_picked":["Entrench","Perfected Strike"],"picked":"Uppercut","floor":2.0},{"not_picked":["Fire Breathing","Metallicize"],"picked":"Ghostly Armor","floor":3.0},{"not_picked":["Body Slam","Heavy Blade"],"picked":"Whirlwind","floor":5.0},{"not_picked":["Sword Boomerang","Cleave","Evolve"],"picked":"SKIP","floor":6.0},{"not_picked":["Juggernaut","Dual Wield"],"picked":"True Grit","floor":10.0},{"not_picked":["Rage","Blood for Blood","Iron Wave"],"picked":"SKIP","floor":11.0},{"not_picked":["Perfected Strike","Body Slam","Pommel Strike"],"picked":"SKIP","floor":13.0},{"not_picked":["Combust","True Grit"],"picked":"Shockwave","floor":14.0},{"not_picked":["Reaper","Juggernaut"],"picked":"Double Tap","floor":16.0},{"not_picked":["Armaments+1","Thunderclap","Clash"],"picked":"SKIP","floor":18.0},{"not_picked":["Body Slam","Havoc","Clothesline"],"picked":"SKIP","floor":24.0},{"not_picked":["Second Wind","Berserk","Sword Boomerang"],"picked":"SKIP","floor":27.0},{"not_picked":["Cleave+1","Perfected Strike+1"],"picked":"Limit Break","floor":29.0},{"not_picked":["Pommel Strike","Anger","Intimidate"],"picked":"SKIP","floor":31.0},{"not_picked":["Pommel Strike","Anger"],"picked":"Intimidate","floor":31.0},{"not_picked":["Corruption","Berserk"],"picked":"Offering","floor":33.0},{"not_picked":["Sword Boomerang","Clash+1"],"picked":"Flex+1","floor":35.0},{"not_picked":["Dual Wield","Wild Strike+1"],"picked":"Battle Trance","floor":36.0},{"not_picked":["True Grit+1","Heavy Blade"],"picked":"Impervious","floor":39.0},{"not_picked":["Searing Blow","Entrench"],"picked":"Burning Pact+1","floor":41.0},{"not_picked":["Metallicize","Heavy Blade","Cleave"],"picked":"SKIP","floor":44.0},{"not_picked":["Headbutt","Warcry+1"],"picked":"Flex+1","floor":45.0},{"not_picked":["Warcry","Headbutt","Evolve"],"picked":"SKIP","floor":46.0},{"not_picked":["Impatience","Mind Blast"],"picked":"Trip","floor":47.0}],"player_experience":518118,"relics_obtained":[{"floor":6.0,"key":"Akabeko"},{"floor":7.0,"key":"Bag of Preparation"},{"floor":9.0,"key":"Nunchaku"},{"floor":14.0,"key":"StrikeDummy"},{"floor":22.0,"key":"PreservedInsect"},{"floor":26.0,"key":"Smiling Mask"},{"floor":27.0,"key":"Oddly Smooth Stone"},{"floor":29.0,"key":"Happy Flower"},{"floor":41.0,"key":"MealTicket"},{"floor":43.0,"key":"Eternal Feather"}],"event_choices":[{"damage_healed":0.0,"max_hp_gain":0.0,"max_hp_loss":0.0,"gold_gain":50.0,"event_name":"Golden Shrine","player_choice":"Pray","floor":4.0,"gold_loss":0.0,"damage_taken":0.0},{"damage_healed":0.0,"max_hp_gain":0.0,"max_hp_loss":0.0,"gold_gain":0.0,"event_name":"Scrap Ooze","player_choice":"Success","floor":8.0,"gold_loss":0.0,"damage_taken":11.0,"relics_obtained":["Vajra"]},{"damage_healed":0.0,"max_hp_gain":0.0,"max_hp_loss":0.0,"gold_gain":0.0,"event_name":"Forgotten Altar","player_choice":"Smashed Altar","floor":20.0,"gold_loss":0.0,"damage_taken":0.0,"cards_obtained":["Decay"]},{"damage_healed":0.0,"max_hp_gain":0.0,"max_hp_loss":0.0,"gold_gain":0.0,"event_name":"Ghosts","player_choice":"Ignored","floor":21.0,"gold_loss":0.0,"damage_taken":0.0},{"damage_healed":0.0,"max_hp_gain":0.0,"max_hp_loss":0.0,"gold_gain":0.0,"event_name":"Tomb of Lord Red Mask","player_choice":"Paid","floor":37.0,"gold_loss":165.0,"damage_taken":0.0,"relics_obtained":["Red Mask"]},{"damage_healed":0.0,"max_hp_gain":0.0,"max_hp_loss":0.0,"gold_gain":0.0,"event_name":"Lab","player_choice":"Got Potions","floor":38.0,"gold_loss":0.0,"damage_taken":0.0},{"damage_healed":0.0,"max_hp_gain":0.0,"max_hp_loss":0.0,"gold_gain":0.0,"event_name":"SensoryStone","player_choice":"Memory 1","floor":47.0,"gold_loss":0.0,"damage_taken":0.0},{"cards_removed":["Strike_R"],"damage_healed":0.0,"max_hp_gain":0.0,"max_hp_loss":0.0,"gold_gain":0.0,"event_name":"Falling","player_choice":"Removed Attack","floor":48.0,"gold_loss":0.0,"damage_taken":0.0}],"is_beta":false,"boss_relics":[{"not_picked":["Runic Pyramid","Pandora\u0027s Box"],"picked":"Velvet Choker"},{"not_picked":["Busted Crown","Snecko Eye"],"picked":"Empty Cage"}],"items_purged_floors":[],"is_endless":false,"potions_floor_spawned":[2,5,6,13,16,27,33,41,45],"ascension_level":16}}