{"host":"ggy1mjjy92c62u6a","time":1608364860,"event":{"mods":["BaseMod","Colored Powertips","Minty Spire (QoL Compilation)","Quick Restart","Relic Stats","Shop Mod","Spicy Shops","StSLib","The Construct","[IsaacMod]ÒÔÈö¼âËþ","¡¾ÒÅÎï¿¨ÅÆ¡¿REMEMod"],"gold_per_floor":[116,166,21,21,21,52,119,119,119,160,160,222,233,246,246,371,371,381,415,330,255,295,295,295,295,376,232,232,232],"floor_reached":28,"playtime":1036,"items_purged":["construct:Strike_Gold"],"score":239,"play_id":"a648680f-2fc5-4117-8fbb-eef06e3ff17e","local_time":"20201219160100","is_ascension_mode":false,"campfire_choices":[{"floor":8,"key":"REST"},{"data":"construct:LaserCore","floor":11,"key":"SMITH"},{"data":"construct:HardReboot","floor":15,"key":"SMITH"},{"data":"construct:Reserves","floor":23,"key":"SMITH"},{"data":"construct:ClockworkEgg","floor":25,"key":"SMITH"}],"circlet_count":0,"master_deck":["construct:Strike_Gold","construct:Strike_Gold","construct:Strike_Gold","construct:Strike_Gold+1","construct:Defend_Gold","construct:Defend_Gold","construct:Defend_Gold","construct:Defend_Gold","construct:AttackMode","construct:DefenseMode","BettingIsNotGood+1","construct:ModeShift","construct:Analyze","construct:Zapper","construct:LaserCore+1","construct:HardReboot+1","construct:Reserves+1","construct:ClockworkEgg+1","Necronomicurse"],"relics":["HushsDoor","REME_ComplimentaryCards","NeowsBlessing","GuppysPaw","Regal Pillow","REME_PuzzleBoxRelic","EdensBlessing","Coffee Dripper","GuppysTail","MerchantsRug","Necronomicon","Letter Opener","Membership Card"],"acts_visited":["Exordium","TheCity"],"potions_floor_usage":[16,16,16,16,16,16],"damage_taken":[{"damage":0,"enemies":"Small Slimes","floor":1,"turns":1},{"damage":13,"enemies":"Hiden Room Battle","floor":2,"turns":3},{"damage":6,"enemies":"Lagavulin","floor":6,"turns":1},{"damage":0,"enemies":"Cultist","floor":10,"turns":3},{"damage":6,"enemies":"Jaw Worm","floor":12,"turns":6},{"damage":11,"enemies":"3 Louse","floor":13,"turns":3},{"damage":0,"enemies":"Large Slime","floor":14,"turns":3},{"damage":31,"enemies":"The Guardian","floor":16,"turns":9},{"damage":0,"enemies":"Chosen","floor":18,"turns":3},{"damage":60,"enemies":"2 Thieves","floor":22,"turns":5},{"damage":6,"enemies":"Sentry and Sphere","floor":28,"turns":2}],"seed_played":"6015244354186637880","potions_obtained":[{"floor":1,"key":"EntropicBrew"},{"floor":6,"key":"LiquidBronze"},{"floor":12,"key":"Fire Potion"},{"floor":22,"key":"Swift Potion"}],"is_trial":false,"path_per_floor":["M","?","$","$","?","E","?","R","T","M","R","M","M","M","R","B",null,"M","$","?","?","M","R","?","R","T","$","M"],"character_chosen":"THE_CONSTRUCT_MOD","items_purchased":["REME_PuzzleBoxRelic","construct:ClockworkEgg","GuppysTail","MerchantsRug","Membership Card"],"campfire_rested":1,"item_purchase_floors":[3,17,17,19,27],"current_hp_per_floor":[85,57,57,57,40,34,19,59,59,59,59,53,52,52,52,21,71,71,71,78,78,18,18,2,2,2,2,0,0],"gold":232,"neow_bonus":"THREE_ENEMY_KILL","is_daily":false,"chose_seed":false,"campfire_upgraded":4,"win_rate":0.0,"timestamp":1608364860,"path_taken":["M","?","?","$","?","E","?","R","T","M","R","M","M","M","R","BOSS","M","$","?","?","M","R","?","R","T","$","M"],"items_purchased_type":["Relic","Card","Relic","Relic","Relic"],"build_version":"2020-12-13","purchased_purges":1,"victory":false,"max_hp_per_floor":[85,85,85,85,85,85,85,85,85,85,85,85,85,85,85,85,71,71,71,78,78,78,78,78,78,78,78,78,78],"relic_stats":{"Regal Pillow":15,"counters":[11,39],"Necronomicon":[0],"Letter Opener":[5],"obtain_stats":[{"KeepersGift":0,"GuppysTail":17,"MerchantsRug":19,"Regal Pillow":2,"NeowsBlessing":0,"GuppysPaw":0,"GnawedLeaf":2,"Letter Opener":26,"TheBean":6,"construct:Cogwheel":0,"Strawberry":20,"Coffee Dripper":17,"Necronomicon":24,"Membership Card":27,"REME_PuzzleBoxRelic":3,"EdensBlessing":9,"HushsDoor":0,"REME_ComplimentaryCards":0},{"KeepersGift":0,"GuppysTail":8,"MerchantsRug":9,"Regal Pillow":2,"NeowsBlessing":0,"GuppysPaw":0,"GnawedLeaf":2,"Letter Opener":10,"TheBean":3,"construct:Cogwheel":0,"Strawberry":9,"Coffee Dripper":8,"Necronomicon":10,"Membership Card":10,"REME_PuzzleBoxRelic":2,"EdensBlessing":3,"HushsDoor":0,"REME_ComplimentaryCards":0},{"KeepersGift":0,"GuppysTail":29,"MerchantsRug":32,"Regal Pillow":4,"NeowsBlessing":0,"GuppysPaw":0,"GnawedLeaf":4,"Letter Opener":37,"TheBean":5,"construct:Cogwheel":0,"Strawberry":32,"Coffee Dripper":29,"Necronomicon":37,"Membership Card":37,"REME_PuzzleBoxRelic":4,"EdensBlessing":5,"HushsDoor":0,"REME_ComplimentaryCards":0}]},"card_choices":[{"not_picked":[],"picked":"BettingIsNotGood","floor":0},{"not_picked":["Bomb","construct:Zapper"],"picked":"construct:ModeShift","floor":1},{"not_picked":["construct:ScrapCannon","construct:HeavyBolt"],"picked":"construct:Analyze","floor":2},{"not_picked":["construct:SaveState","construct:ClusterMines"],"picked":"construct:Zapper","floor":6},{"not_picked":["construct:QuickAttack","construct:Forcefield"],"picked":"construct:LaserCore","floor":10},{"not_picked":["construct:LaserCore","construct:CriticalHit"],"picked":"construct:HardReboot","floor":12},{"not_picked":["construct:Boost","construct:FierceBash","construct:Autoturret"],"picked":"SKIP","floor":13},{"not_picked":["construct:SuppressiveFire","construct:HastyRepair","construct:Analyze"],"picked":"SKIP","floor":14},{"not_picked":["construct:MemoryTap","construct:SpinDrive"],"picked":"construct:Reserves","floor":16},{"not_picked":["construct:ClusterMines","construct:Disrupt+1","construct:OmegaCannon"],"picked":"SKIP","floor":18},{"not_picked":["construct:Reinforce","construct:Anticipate","construct:SweepLaser"],"picked":"SKIP","floor":22}],"player_experience":41653,"relics_obtained":[{"floor":2,"key":"GnawedLeaf"},{"floor":2,"key":"Regal Pillow"},{"floor":6,"key":"TheBean"},{"floor":9,"key":"EdensBlessing"},{"floor":24,"key":"Necronomicon"},{"floor":26,"key":"Letter Opener"}],"event_choices":[{"damage_healed":0,"gold_gain":0,"player_choice":"Fight","damage_taken":0,"max_hp_gain":0,"max_hp_loss":0,"event_name":"HidenRoomEvent","floor":2,"gold_loss":0},{"damage_healed":0,"gold_gain":0,"player_choice":"Entered Light","damage_taken":17,"max_hp_gain":0,"max_hp_loss":0,"event_name":"Shining Light","floor":5,"gold_loss":0,"cards_upgraded":["construct:Strike_Gold","BettingIsNotGood"]},{"damage_healed":0,"gold_gain":0,"player_choice":"Obtained Relic","damage_taken":0,"relics_obtained":["Strawberry"],"max_hp_gain":0,"max_hp_loss":0,"event_name":"Addict","floor":20,"gold_loss":85},{"cards_removed":["construct:Defend_Gold"],"damage_healed":0,"gold_gain":0,"player_choice":"Gave Gold","damage_taken":0,"max_hp_gain":0,"max_hp_loss":0,"event_name":"Beggar","floor":21,"gold_loss":75},{"damage_healed":0,"gold_gain":0,"player_choice":"Obtained Book","damage_taken":16,"max_hp_gain":0,"max_hp_loss":0,"event_name":"Cursed Tome","floor":24,"gold_loss":0}],"is_beta":false,"boss_relics":[{"not_picked":["Calling Bell","Pandora\u0027s Box"],"picked":"Coffee Dripper"},{"not_picked":[]}],"items_purged_floors":[27],"is_endless":false,"potions_floor_spawned":[1,6,12,13,22],"killed_by":"Sentry and Sphere","ascension_level":0}}