{"host":"ewe4oe702q4ujr6i","time":1608387368,"event":{"mods":["BaseMod","Colored Map","Colored Powertips","DeckTracker","Minty Spire (QoL Compilation)","SuperFastMode"],"gold_per_floor":[110,122,122,134,58,93,93,111,111,111,143,243,243,263,263,358,358,369,383,383,383,383,383,383],"floor_reached":23,"playtime":990,"items_purged":[],"score":269,"play_id":"b88f09e6-3474-4e9f-b88e-ed2c9cf6ce1d","local_time":"20201219231608","is_ascension_mode":true,"campfire_choices":[{"data":"Zap","floor":7,"key":"SMITH"},{"data":"Coolheaded","floor":10,"key":"SMITH"},{"floor":13,"key":"REST"},{"data":"Coolheaded","floor":15,"key":"SMITH"}],"circlet_count":0,"master_deck":["Strike_B","Strike_B","Defend_B","Defend_B+1","Defend_B+1","Defend_B","Zap+1","Dualcast+1","Gash","Defragment","Sweeping Beam","Gash","Coolheaded+1","FTL","Streamline","Coolheaded+1","CurseOfTheBell","Defragment","Hologram","Melter"],"relics":["Cracked Core","Strawberry","Toy Ornithopter","Question Card","Calling Bell","War Paint","Sundial","Girya"],"acts_visited":["Exordium","TheCity"],"potions_floor_usage":[6,19,23],"damage_taken":[{"damage":0,"enemies":"2 Louse","floor":1,"turns":2},{"damage":1,"enemies":"Cultist","floor":2,"turns":4},{"damage":5,"enemies":"Small Slimes","floor":4,"turns":3},{"damage":22,"enemies":"Gremlin Nob","floor":6,"turns":4},{"damage":3,"enemies":"Looter","floor":8,"turns":2},{"damage":24,"enemies":"Lagavulin","floor":11,"turns":5},{"damage":12,"enemies":"Gremlin Gang","floor":14,"turns":4},{"damage":12,"enemies":"Slime Boss","floor":16,"turns":9},{"damage":8,"enemies":"Chosen","floor":18,"turns":4},{"damage":21,"enemies":"2 Thieves","floor":19,"turns":4},{"damage":60,"enemies":"Slavers","floor":23,"turns":3}],"seed_played":"1498481399023067540","potions_obtained":[{"floor":3,"key":"DuplicationPotion"},{"floor":3,"key":"LiquidBronze"},{"floor":3,"key":"Regen Potion"},{"floor":4,"key":"EssenceOfSteel"},{"floor":6,"key":"EssenceOfSteel"}],"is_trial":false,"path_per_floor":["M","M","?","M","$","E","R","M","T","R","E","?","R","M","R","B",null,"M","M","?","?","?","E"],"character_chosen":"DEFECT","items_purchased":["Gash","Coolheaded"],"campfire_rested":1,"item_purchase_floors":[5,5],"current_hp_per_floor":[68,67,67,62,62,47,47,44,44,44,20,20,44,32,32,20,67,59,43,43,43,43,0,0],"gold":383,"neow_bonus":"UPGRADE_CARD","is_daily":false,"chose_seed":false,"campfire_upgraded":3,"win_rate":0.0,"timestamp":1608387368,"path_taken":["M","M","?","M","?","E","R","?","T","R","E","?","R","M","R","BOSS","M","?","?","?","?","E"],"items_purchased_type":["Card","Card"],"build_version":"2020-12-13","purchased_purges":0,"victory":false,"max_hp_per_floor":[75,75,75,75,75,82,82,82,82,82,82,82,82,82,82,82,82,82,82,82,82,82,82,82],"card_choices":[{"not_picked":["Barrage","Capacitor"],"picked":"Gash","floor":1},{"not_picked":["Auto Shields","Sweeping Beam"],"picked":"Defragment","floor":2},{"not_picked":["Chill","Steam"],"picked":"Sweeping Beam","floor":4},{"not_picked":["Barrage","Auto Shields"],"picked":"FTL","floor":6},{"not_picked":["Recycle","Stack","Storm"],"picked":"SKIP","floor":8},{"not_picked":["Recycle","Stack"],"picked":"Streamline","floor":11},{"not_picked":["Cold Snap","Biased Cognition","Go for the Eyes"],"picked":"Coolheaded","floor":14},{"not_picked":["Cold Snap","Streamline+1","Echo Form"],"picked":"Defragment","floor":18},{"not_picked":["Coolheaded","Fusion","Cold Snap+1"],"picked":"Hologram","floor":19}],"player_experience":174070,"relics_obtained":[{"floor":6,"key":"Strawberry"},{"floor":9,"key":"Toy Ornithopter"},{"floor":11,"key":"Question Card"},{"floor":17,"key":"War Paint"},{"floor":17,"key":"Sundial"},{"floor":17,"key":"Girya"}],"event_choices":[{"damage_healed":0,"gold_gain":0,"player_choice":"Got Potions","damage_taken":0,"max_hp_gain":0,"max_hp_loss":0,"event_name":"Lab","floor":3,"gold_loss":0},{"damage_healed":0,"gold_gain":100,"player_choice":"Pray","damage_taken":0,"max_hp_gain":0,"max_hp_loss":0,"event_name":"Golden Shrine","floor":12,"gold_loss":0},{"cards_removed":["Strike_B"],"damage_healed":0,"gold_gain":0,"player_choice":"Elegance","damage_taken":0,"max_hp_gain":0,"max_hp_loss":0,"event_name":"Back to Basics","floor":20,"gold_loss":0},{"damage_healed":0,"gold_gain":0,"player_choice":"Ignored","damage_taken":0,"max_hp_gain":0,"max_hp_loss":0,"event_name":"Vampires","floor":21,"gold_loss":0},{"damage_healed":0,"gold_gain":0,"cards_transformed":["Strike_B"],"player_choice":"Transformed","damage_taken":0,"max_hp_gain":0,"max_hp_loss":0,"event_name":"Transmorgrifier","floor":22,"gold_loss":0,"cards_obtained":["Melter"]}],"is_beta":false,"boss_relics":[{"not_picked":["Sozu","Runic Dome"],"picked":"Calling Bell"}],"items_purged_floors":[],"is_endless":false,"potions_floor_spawned":[4,6,11],"killed_by":"Slavers","ascension_level":7}}