{"host":"gxmig9bwvxt5mpcx","time":1608339617,"event":{"mods":["AchievementEnabler","Bard","BaseMod","Beaked The Cultist","Better Match","Better Note","Better Sensory Stone","Better Skull","Block Reminder","CatGirl Mod","Colored Powertips","Conspire","Dio Mod","Downfall","Energized Spire","Friendly Minions","Hermit","Highlight Path","Hubris","Minty Spire (QoL Compilation)","Permanent Neow","Replay The Spire","StSLib","The Cursed","The Jungle","The Mystic","The Runesmith","The Servant 0.9.4","The Spell Scribe","TheArtist","TheBandit","TheVacant","Uncapped","vexMod"],"gold_per_floor":[117,307,307,307,307,307,334,345,345,364,364,464,73,73,73,73,73],"floor_reached":16,"playtime":883,"items_purged":[],"score":96,"play_id":"178e1187-6309-412d-acec-3e394a6ed5a0","local_time":"20201218200017","is_ascension_mode":false,"campfire_choices":[{"data":"dioMod:ComboFever","floor":6,"key":"SMITH"},{"data":"Bite","floor":11,"key":"SMITH"},{"data":"dioMod:Defend","floor":15,"key":"SMITH"}],"circlet_count":0,"master_deck":["dioMod:Strike+1","dioMod:Strike","dioMod:Strike","dioMod:Strike","Bite+1","dioMod:Defend","dioMod:Defend","dioMod:Defend","dioMod:Defend+1","dioMod:DisarmingVoice","dioMod:ComboFever+1","dioMod:VengefulMuda+1","dioMod:DisarmingVoice"],"relics":["energizedSpire:MagnifyingGlass","Juzu Bracelet","hubris:Reverence","Pantograph","conspire:TreasureMap","Whetstone","FossilizedHelix"],"acts_visited":["Exordium"],"potions_floor_usage":[13],"damage_taken":[{"damage":0,"enemies":"conspire:RoseBush","floor":1,"turns":4},{"damage":16,"enemies":"Replay:BlueRogue","floor":7,"turns":11},{"damage":0,"enemies":"2 Louse","floor":8,"turns":3},{"damage":0,"enemies":"Small Slimes","floor":10,"turns":5},{"damage":110,"enemies":"Fading Forest","floor":16,"turns":10}],"seed_played":"4440299726498379335","potions_obtained":[{"floor":1,"key":"FairyPotion"}],"is_trial":false,"path_per_floor":["M","?","?","?","?","R","E","M","T","M","R","?","$","T","R","B"],"character_chosen":"THE_DEFAULT","items_purchased":["conspire:TreasureMap","Whetstone","Fruit Juice"],"campfire_rested":0,"item_purchase_floors":[13,13,13],"current_hp_per_floor":[75,45,52,52,52,52,46,48,48,52,52,52,57,57,57,24,24],"gold":73,"neow_bonus":"BOSS_RELIC","is_daily":false,"chose_seed":false,"campfire_upgraded":3,"win_rate":0.0,"timestamp":1608339617,"path_taken":["M","?","?","?","?","R","E","M","T","M","R","?","$","?","R","BOSS"],"items_purchased_type":["Relic","Relic","Potion"],"build_version":"2020-12-13","purchased_purges":0,"victory":false,"max_hp_per_floor":[75,75,75,75,75,75,75,75,75,75,75,75,80,80,80,80,80],"card_choices":[{"not_picked":["dioMod:CoffinBath","dioMod:LaserVision","dioMod:DaggerToss"],"picked":"SKIP","floor":1},{"not_picked":["dioMod:SecretPlan","dioMod:FlyAway"],"picked":"dioMod:DisarmingVoice","floor":2},{"not_picked":["dioMod:DaggerToss","dioMod:Roundabout"],"picked":"dioMod:VengefulMuda","floor":7},{"not_picked":["dioMod:StreetSign","dioMod:LaserVision"],"picked":"dioMod:DisarmingVoice","floor":8},{"not_picked":["dioMod:TripleThreat","dioMod:CautiousMuda","dioMod:VengefulMuda"],"picked":"SKIP","floor":10}],"player_experience":25692,"relics_obtained":[{"floor":5,"key":"Juzu Bracelet"},{"floor":7,"key":"hubris:Reverence"},{"floor":9,"key":"Pantograph"},{"floor":14,"key":"FossilizedHelix"}],"event_choices":[{"damage_healed":0,"gold_gain":0,"player_choice":"Relic","damage_taken":0,"max_hp_gain":0,"max_hp_loss":0,"event_name":"Wheel of Change","floor":5,"gold_loss":0},{"damage_healed":0,"gold_gain":100,"player_choice":"Pray","damage_taken":0,"max_hp_gain":0,"max_hp_loss":0,"event_name":"Golden Shrine","floor":12,"gold_loss":0}],"is_beta":false,"boss_relics":[],"items_purged_floors":[],"is_endless":false,"potions_floor_spawned":[1],"killed_by":"Fading Forest","ascension_level":0}}