{"host":"llpusn9usp8rznkj","time":1608352363,"event":{"mods":["2.2 Compatiblity","BaseMod","Colored Map","Colored Powertips","Conspire","Downfall","Hubris","Minty Spire (QoL Compilation)","Rare Cards Sparkle","Replay The Spire","StSLib","The Cursed"],"gold_per_floor":[118,118,130,43,43,43,60,76,100,132,132,132,132,6,6,79,79,96,66,66,18,18,18],"floor_reached":22,"playtime":801,"items_purged":["CommonCold"],"score":564,"play_id":"386adab3-f657-4391-afa9-f670baf2eb93","local_time":"20201218233243","is_ascension_mode":true,"campfire_choices":[{"data":"Noxious Fumes","floor":6,"key":"SMITH"},{"data":"Deadly Poison","floor":12,"key":"SMITH"},{"data":"Neutralize","floor":15,"key":"SMITH"}],"circlet_count":0,"master_deck":["AscendersBane","Strike_G","Strike_G","Strike_G","Strike_G","Strike_G","Defend_G","Defend_G","Defend_G","Defend_G","Defend_G","Survivor","Neutralize+1","Poisoned Stab","Dagger Spray","PiercingWail","Noxious Fumes+1","Flying Knee","Deadly Poison+1","Leg Sweep","Prepared","After Image","Shame","TheCursedMod:Dregs","Overencumbered","ReplayTheSpireMod:Scrap Shanks+1","Poisoned Stab+1","Overencumbered","ReplayTheSpireMod:Scrap Shanks+1"],"relics":["Ring of the Snake","NeowsBlessing","Bag of Marbles","Happy Flower","ReplayTheSpireMod:Lightbulb","ReplayTheSpireMod:Ring of Addiction","Potion Belt","White Beast Statue","Ring of Peace","Replay:Ancient Bell","Blue Doll","Mirror","Tough Bandages","Replay:Baseball"],"acts_visited":["Exordium","TheCity"],"potions_floor_usage":[16,16,16,16,18,19,22],"damage_taken":[{"damage":0,"enemies":"Cultist","floor":1,"turns":1},{"damage":0,"enemies":"2 Louse","floor":3,"turns":1},{"damage":0,"enemies":"Small Slimes","floor":7,"turns":1},{"damage":1,"enemies":"Looter","floor":8,"turns":4},{"damage":29,"enemies":"Gremlin Nob","floor":10,"turns":4},{"damage":0,"enemies":"The Guardian","floor":16,"turns":8},{"damage":20,"enemies":"Chosen","floor":18,"turns":5},{"damage":0,"enemies":"2 Thieves","floor":19,"turns":4},{"damage":51,"enemies":"Cultist and Chosen","floor":22,"turns":6}],"seed_played":"-7380993780470405261","potions_obtained":[{"floor":1,"key":"Explosive Potion"},{"floor":10,"key":"SteroidPotion"},{"floor":11,"key":"Venom Potion"},{"floor":11,"key":"ColorlessPotion"},{"floor":11,"key":"Venom Potion"},{"floor":16,"key":"Swift Potion"},{"floor":18,"key":"GamblersBrew"},{"floor":19,"key":"BlessingOfTheForge"}],"is_trial":false,"path_per_floor":["M","?","M","$","?","R","M","M","T","E","?","R","?","$","R_BF","B",null,"M","M","?","$","M"],"character_chosen":"THE_SILENT","items_purchased":["Noxious Fumes","Prepared","ReplayTheSpireMod:Scrap Shanks+1"],"campfire_rested":0,"item_purchase_floors":[4,14,21],"current_hp_per_floor":[59,59,59,59,59,59,59,58,58,29,29,29,29,29,29,29,55,35,35,35,35,0,0],"gold":18,"neow_bonus":"THREE_ENEMY_KILL","is_daily":false,"chose_seed":false,"campfire_upgraded":3,"win_rate":0.0,"timestamp":1608352363,"path_taken":["M","?","?","$","?","R","M","?","T","E","?","R","?","$","R_BF","BOSS","M","M","?","$","?"],"items_purchased_type":["Card","Card","Card"],"build_version":"2020-12-13","purchased_purges":1,"victory":false,"max_hp_per_floor":[66,66,66,66,66,66,66,66,66,66,66,66,66,66,64,64,64,64,64,64,64,64,64],"card_choices":[{"not_picked":["Riddle With Holes","Bane"],"picked":"Poisoned Stab","floor":1},{"not_picked":["Replay:Poison Smokescreen","Outmaneuver"],"picked":"PiercingWail","floor":3},{"not_picked":["Sucker Punch","Masterful Stab"],"picked":"Flying Knee","floor":7},{"not_picked":["Acrobatics","All Out Attack"],"picked":"Deadly Poison","floor":8},{"not_picked":["All Out Attack","Backflip"],"picked":"Leg Sweep","floor":10},{"not_picked":["Wraith Form v2","Night Terror"],"picked":"After Image","floor":16},{"not_picked":["sneckomod:Bewildered","hexamod:Haunted"],"picked":"Shame","floor":17},{"not_picked":["hubris:Lust","conspire:NecroticWound"],"picked":"TheCursedMod:Dregs","floor":17},{"not_picked":["ReplayTheSpireMod:IOU","Parasite"],"picked":"Overencumbered","floor":17},{"not_picked":["Deflect","Deadly Poison+1"],"picked":"ReplayTheSpireMod:Scrap Shanks+1","floor":18},{"not_picked":["Night Terror","Outmaneuver"],"picked":"Poisoned Stab+1","floor":19}],"player_experience":1087707,"relics_obtained":[{"floor":9,"key":"Happy Flower"},{"floor":10,"key":"ReplayTheSpireMod:Lightbulb"},{"floor":11,"key":"ReplayTheSpireMod:Ring of Addiction"},{"floor":11,"key":"Potion Belt"},{"floor":11,"key":"White Beast Statue"},{"floor":11,"key":"Ring of Peace"}],"event_choices":[{"damage_healed":0,"gold_gain":0,"player_choice":"1 cards matched","damage_taken":0,"max_hp_gain":0,"max_hp_loss":0,"event_name":"Match and Keep!","floor":2,"gold_loss":0,"cards_obtained":["Dagger Spray"]},{"damage_healed":0,"gold_gain":0,"player_choice":"Gave Potion","damage_taken":0,"relics_obtained":["Bag of Marbles"],"max_hp_gain":0,"max_hp_loss":0,"event_name":"WeMeetAgain","floor":5,"gold_loss":0},{"damage_healed":0,"gold_gain":0,"player_choice":"Ignored","damage_taken":0,"max_hp_gain":0,"max_hp_loss":0,"event_name":"Liars Game","floor":13,"gold_loss":0}],"is_beta":false,"boss_relics":[{"not_picked":["Abe\u0027s Treasure","Painkiller Herb"],"picked":"Replay:Ancient Bell"},{"not_picked":["Art of War","Akabeko"],"picked":"Blue Doll"},{"not_picked":["Paper Crane","InkBottle"],"picked":"Mirror"},{"not_picked":["Girya","Du-Vu Doll"],"picked":"Tough Bandages"}],"items_purged_floors":[14],"is_endless":false,"potions_floor_spawned":[1,10,16,18,19],"killed_by":"Cultist and Chosen","ascension_level":20}}