{"host":"svab9sudlrudptws","time":1608375675,"event":{"mods":["BaseMod","Colored Powertips","Minty Spire (QoL Compilation)","Robot Space Explorer","Shade Mod","StSLib","The Blackbeard","The Mystic","The Necromancer","The Poker Player","The Servant 0.9.4"],"gold_per_floor":[363,363,57,71,71,71,101,114,114,140,140,170,180,199,199,296,296,307,307,307,326,174,174,208,226,252,265,275,304,304,321,321,426,426,444,444,454,205,205,242,242,267,276,323,323,344,376,387,387,387,387,387,16,50,50],"floor_reached":56,"playtime":4207,"items_purged":[],"score":1471,"play_id":"0bd47666-32e8-4f9a-bada-8f89d40e77ff","local_time":"20201219130115","is_ascension_mode":true,"campfire_choices":[{"data":"Shade:AnimateDead","floor":6,"key":"SMITH"},{"data":"1","floor":11,"key":"LIFT"},{"data":"2","floor":15,"key":"LIFT"},{"data":"3","floor":23,"key":"LIFT"},{"floor":30,"key":"REST"},{"data":"Shade:TouchOfTheGrave","floor":32,"key":"SMITH"},{"data":"Panacea","floor":41,"key":"SMITH"},{"floor":45,"key":"RECALL"},{"data":"Shade:UnbarTheGrave","floor":49,"key":"SMITH"},{"data":"Shade:Bonestorm","floor":52,"key":"SMITH"}],"circlet_count":0,"master_deck":["Shade:Strike_Shade","Shade:Defend_Shade","Shade:Defend_Shade","Shade:Defend_Shade","Shade:Defend_Shade","Shade:AnimateDead+1","Shade:CarefulCut","Shade:Bite_Shade","Shade:PotionOfRestlessness+1","Shade:FeralStrike","Shade:DangerousRitual","Shade:SensePrey","Shade:Bonestorm+1","Shade:Coordination","Shade:Carnophage+1","Shade:TouchOfTheGrave+1","Shade:GraveStillness+1","Shade:AuraOfUnlife","Shade:CallWraith","Shade:UnbarTheGrave+1","Shade:OfferingToTheBeyond+1","Shade:UnbarTheGrave+1","Shade:FleshLikeOak+1","Panacea+1","Flash of Steel","Shade:FuneraryArmor+1","Shade:AncientSpear","Clumsy","Shade:PotionOfRestlessness+1","Shade:Tombstone"],"relics":["Shade:YorickSkull","StrikeDummy","Orichalcum","OrangePellets","Omamori","Girya","Bronze Scales","Cursed Key","CaptainsWheel","PreservedInsect","Blue Candle","Bag of Preparation","Pen Nib","Astrolabe","Mummified Hand","CeramicFish","Ancient Tea Set","Ornamental Fan","Ice Cream","Nunchaku","Oddly Smooth Stone","Vajra","TungstenRod"],"acts_visited":["Exordium","TheCity","TheBeyond","TheEnding"],"potions_floor_usage":[24,25,50,50,55],"damage_taken":[{"damage":0,"enemies":"Jaw Worm","floor":1,"turns":3},{"damage":0,"enemies":"2 Louse","floor":4,"turns":2},{"damage":0,"enemies":"3 Sentries","floor":7,"turns":5},{"damage":0,"enemies":"Cultist","floor":8,"turns":2},{"damage":0,"enemies":"Gremlin Nob","floor":10,"turns":3},{"damage":18,"enemies":"Lagavulin","floor":12,"turns":6},{"damage":0,"enemies":"Gremlin Gang","floor":13,"turns":1},{"damage":0,"enemies":"Exordium Wildlife","floor":14,"turns":3},{"damage":6,"enemies":"Hexaghost","floor":16,"turns":5},{"damage":6,"enemies":"Shell Parasite","floor":18,"turns":3},{"damage":0,"enemies":"Chosen","floor":21,"turns":3},{"damage":26,"enemies":"Book of Stabbing","floor":24,"turns":3},{"damage":20,"enemies":"Snake Plant","floor":25,"turns":3},{"damage":0,"enemies":"Cultist and Chosen","floor":27,"turns":3},{"damage":0,"enemies":"Snecko","floor":28,"turns":3},{"damage":0,"enemies":"Gremlin Leader","floor":29,"turns":3},{"damage":9,"enemies":"Snake Plant","floor":31,"turns":4},{"damage":11,"enemies":"Champ","floor":33,"turns":9},{"damage":0,"enemies":"3 Shapes","floor":35,"turns":3},{"damage":4,"enemies":"3 Darklings","floor":37,"turns":4},{"damage":3,"enemies":"Nemesis","floor":40,"turns":4},{"damage":4,"enemies":"2 Orb Walkers","floor":44,"turns":3},{"damage":0,"enemies":"4 Shapes","floor":46,"turns":1},{"damage":0,"enemies":"Reptomancer","floor":47,"turns":3},{"damage":0,"enemies":"Jaw Worm Horde","floor":48,"turns":3},{"damage":33,"enemies":"Awakened One","floor":50,"turns":11},{"damage":16,"enemies":"Shield and Spear","floor":54,"turns":3},{"damage":28,"enemies":"The Heart","floor":55,"turns":8}],"seed_played":"3762691531164266438","potions_obtained":[{"floor":1,"key":"SkillPotion"},{"floor":7,"key":"FairyPotion"},{"floor":14,"key":"PowerPotion"},{"floor":24,"key":"FearPotion"},{"floor":27,"key":"PowerPotion"},{"floor":44,"key":"Weak Potion"}],"is_trial":false,"path_per_floor":["M","?","$","M","?","R","E","M","T","E","R","E","M","M","R","B",null,"M","?","?","M","$","R","E","M","T","M","M","E","R","M","R","B",null,"M","?","M","$","?","E","R","T","T","?","R","M","E","M","R","B",null,"R","$","E","B",null],"character_chosen":"SHADE","items_purchased":["Orichalcum","OrangePellets","PreservedInsect","Mummified Hand","Oddly Smooth Stone","Vajra","DistilledChaos"],"campfire_rested":1,"item_purchase_floors":[3,3,22,38,53,53,53],"current_hp_per_floor":[59,52,52,54,54,54,58,59,59,59,59,43,43,45,45,41,59,53,48,48,50,50,50,26,8,8,8,10,12,29,22,22,15,59,59,49,45,45,45,42,42,42,42,40,40,40,42,44,44,15,59,59,59,43,17],"gold":50,"neow_bonus":"TWO_FIFTY_GOLD","is_daily":false,"chose_seed":false,"campfire_upgraded":5,"win_rate":0.0,"timestamp":1608375675,"path_taken":["M","?","$","M","?","R","E","M","T","E","R","E","M","M","R","BOSS","M","?","?","M","$","R","E","M","T","?","M","E","R","?","R","BOSS","M","?","M","$","?","E","R","?","T","?","R","?","E","M","R","BOSS","R","$","E","BOSS"],"items_purchased_type":["Relic","Relic","Relic","Relic","Relic","Relic","Potion"],"build_version":"2020-12-13","purchased_purges":0,"victory":true,"max_hp_per_floor":[59,59,59,59,59,59,59,59,59,59,59,59,59,59,59,59,59,59,59,59,59,59,59,59,59,59,59,59,59,59,59,59,59,59,59,59,59,59,59,59,59,59,59,59,59,59,59,59,59,59,59,59,59,59,59],"card_choices":[{"not_picked":["Shade:CommandSoldier","Shade:Trample"],"picked":"Shade:Bite_Shade","floor":1},{"not_picked":["Shade:FreshBones","Shade:Premonition"],"picked":"Shade:PotionOfRestlessness","floor":4},{"not_picked":["Shade:Asphyxiate","Shade:SkeletonHug","Shade:LyeBath"],"picked":"SKIP","floor":7},{"not_picked":["Shade:FingerOfDeath","Shade:Excise"],"picked":"Shade:FuneraryJewels","floor":8},{"not_picked":["Shade:WallOfFlesh","Shade:RavenousHorde"],"picked":"Shade:FeralStrike","floor":10},{"not_picked":["Shade:FleshOffering","Shade:Haruspicy"],"picked":"Shade:DangerousRitual","floor":12},{"not_picked":["Shade:Haruspicy","Shade:Premonition"],"picked":"Shade:SensePrey","floor":13},{"not_picked":["Shade:BoneShards","Shade:LoseControl"],"picked":"Shade:Bonestorm","floor":14},{"not_picked":["Shade:Tombstone","Shade:LoseControl"],"picked":"Shade:Coordination","floor":16},{"not_picked":["Shade:CommandSoldier","Shade:Premonition+1","Shade:WallOfFlesh"],"picked":"SKIP","floor":18},{"not_picked":["Shade:FreshBones","Shade:SkeletonHug"],"picked":"Shade:Carnophage+1","floor":21},{"not_picked":["Shade:AncientSpear","Shade:SanguineRitual","Shade:SkeletonHug"],"picked":"SKIP","floor":24},{"not_picked":["Shade:FleshOffering","Shade:Premonition+1"],"picked":"Shade:TouchOfTheGrave","floor":25},{"not_picked":["Shade:Trample","Shade:Doomsay"],"picked":"Shade:GraveStillness+1","floor":27},{"not_picked":["Shade:SoulToxin","Shade:ClawBack"],"picked":"Shade:AuraOfUnlife","floor":28},{"not_picked":["Shade:Trample","Shade:GreaterAnimation"],"picked":"Shade:CallWraith","floor":29},{"not_picked":["Shade:Brains+1","Shade:CommandSoldier","Shade:GreyBargain+1"],"picked":"SKIP","floor":31},{"not_picked":["Shade:SoulPierce","Shade:SelfBurial"],"picked":"Shade:UnbarTheGrave","floor":33},{"not_picked":["Shade:SkeletonHug+1","Shade:Frenzy","Shade:BoneShards"],"picked":"SKIP","floor":35},{"not_picked":["Madness","Finesse"],"picked":"Panacea","floor":36},{"not_picked":["Forethought","Enlightenment"],"picked":"Flash of Steel","floor":36},{"not_picked":["Shade:Trample+1","Shade:ClawBack"],"picked":"Shade:FuneraryArmor+1","floor":37},{"not_picked":["Shade:Carnophage","Shade:FuneraryArmor"],"picked":"Shade:AncientSpear","floor":40},{"not_picked":["Shade:FleshOffering","Shade:GraveStillness"],"picked":"Shade:PotionOfRestlessness+1","floor":46},{"not_picked":["Shade:GreaterAnimation","Shade:SkeletonHug+1","Shade:OfferingToTheBeyond"],"picked":"SKIP","floor":47},{"not_picked":["Shade:GreyBargain+1","Shade:Frenzy","Shade:CommandSoldier"],"picked":"SKIP","floor":48},{"not_picked":["Shade:Bite_Shade","Shade:SkeletonArmy"],"picked":"Shade:Tombstone","floor":54}],"player_experience":1605701,"relics_obtained":[{"floor":7,"key":"Omamori"},{"floor":10,"key":"Girya"},{"floor":12,"key":"Bronze Scales"},{"floor":24,"key":"Blue Candle"},{"floor":26,"key":"Bag of Preparation"},{"floor":29,"key":"Pen Nib"},{"floor":40,"key":"CeramicFish"},{"floor":42,"key":"Ancient Tea Set"},{"floor":43,"key":"Ornamental Fan"},{"floor":44,"key":"Ice Cream"},{"floor":47,"key":"Nunchaku"},{"floor":54,"key":"TungstenRod"}],"event_choices":[{"damage_healed":0,"gold_gain":0,"player_choice":"Success","damage_taken":7,"relics_obtained":["StrikeDummy"],"max_hp_gain":0,"max_hp_loss":0,"event_name":"Scrap Ooze","floor":2,"gold_loss":0},{"damage_healed":0,"gold_gain":0,"player_choice":"Grow","damage_taken":0,"max_hp_gain":0,"max_hp_loss":0,"event_name":"Living Wall","floor":5,"gold_loss":0,"cards_upgraded":["Shade:PotionOfRestlessness"]},{"damage_healed":0,"gold_gain":0,"player_choice":"CaptainsWheel","damage_taken":0,"relics_obtained":["CaptainsWheel"],"max_hp_gain":0,"max_hp_loss":0,"event_name":"blackbeard:ShipwreckEvent","floor":19,"gold_loss":0},{"cards_removed":["Shade:FuneraryJewels"],"damage_healed":0,"gold_gain":0,"player_choice":"Purged","damage_taken":0,"max_hp_gain":0,"max_hp_loss":0,"event_name":"Purifier","floor":20,"gold_loss":0},{"damage_healed":0,"gold_gain":0,"player_choice":"Memory 3","damage_taken":10,"max_hp_gain":0,"max_hp_loss":0,"event_name":"SensoryStone","floor":36,"gold_loss":0},{"damage_healed":0,"gold_gain":0,"player_choice":"Ignored","damage_taken":0,"max_hp_gain":0,"max_hp_loss":0,"event_name":"Tomb of Lord Red Mask","floor":39,"gold_loss":0},{"damage_healed":0,"gold_gain":0,"player_choice":"Fight","damage_taken":0,"max_hp_gain":0,"max_hp_loss":0,"event_name":"Mysterious Sphere","floor":44,"gold_loss":0}],"is_beta":false,"boss_relics":[{"not_picked":["Sozu","Coffee Dripper"],"picked":"Cursed Key"},{"not_picked":["Empty Cage","Philosopher\u0027s Stone"],"picked":"Astrolabe"}],"items_purged_floors":[],"is_endless":false,"potions_floor_spawned":[1,7,14,18,24,27,28,40,44,48],"ascension_level":3}}