{"host":"jolg1n27y0xvdyb4","time":1608406694,"event":{"mods":["2.2 Compatiblity","AchievementEnabler","Act Like it!","BaseMod","Better Altar","Better Match","Better Note","Better Sensory Stone","Better Skull","Better Third Choice","Better Vampires","Block Reminder","Colored Map","Downfall","Gremlin Mod","Hermit","Jorbs\u0027s Wanderer Trilogy","Minty Spire (QoL Compilation)","SIMod","StSLib","The Blackbeard","The Blue Laboratory","The Bug Knight","The Hierophant","The Jungle","The Necromancer","The Wild Card"],"gold_per_floor":[12,12,23,40,55,90,90,119,119,119,119,137,62,76,76,173,173,185,199,199,218,24,40,40,140,194,194,194],"floor_reached":27,"playtime":2179,"items_purged":["HollowMod:WraithStrike","HollowMod:NailStrikeStart"],"score":275,"play_id":"bb0dce3e-b90e-4d78-952a-1c10426f075f","local_time":"20201219133814","is_ascension_mode":false,"campfire_choices":[{"data":"HollowMod:PureNailStrike","floor":10.0,"key":"SMITH"},{"data":"HollowMod:SoulEater","floor":15.0,"key":"SMITH"}],"circlet_count":0,"master_deck":["HollowMod:NailStrikeStart","HollowMod:NailStrikeStart","HollowMod:QuickDashStart","HollowMod:QuickDashStart","HollowMod:QuickDashStart","HollowMod:FocusHealStart","HollowMod:PogoStrike","HollowMod:PureNailStrike+1","HollowMod:DashSlash","HollowMod:SoulEater+1","HollowMod:MantisMark","HollowMod:SiblingsSouls"],"relics":["HollowMod:VesselMask","Boot","Shuriken","Gremlin Horn","Pear","Runic Pyramid","Omamori"],"acts_visited":["Exordium","TheCity"],"potions_floor_usage":[23,27],"damage_taken":[{"damage":3.0,"enemies":"Jaw Worm","floor":1.0,"turns":4.0},{"damage":1.0,"enemies":"Cultist","floor":3.0,"turns":3.0},{"damage":0.0,"enemies":"2 Louse","floor":4.0,"turns":2.0},{"damage":0.0,"enemies":"Red Slaver","floor":5.0,"turns":1.0},{"damage":11.0,"enemies":"Gremlin Nob","floor":6.0,"turns":4.0},{"damage":18.0,"enemies":"Lagavulin","floor":8.0,"turns":5.0},{"damage":22.0,"enemies":"Large Slime","floor":12.0,"turns":5.0},{"damage":2.0,"enemies":"Exordium Wildlife","floor":14.0,"turns":2.0},{"damage":0.0,"enemies":"Slime Boss","floor":16.0,"turns":6.0},{"damage":11.0,"enemies":"HollowMod:HuskSentry","floor":18.0,"turns":5.0},{"damage":17.0,"enemies":"2 Thieves","floor":19.0,"turns":3.0},{"damage":8.0,"enemies":"Centurion and Healer","floor":21.0,"turns":5.0},{"damage":38,"enemies":"Snecko","floor":23,"turns":7},{"damage":13,"enemies":"Snake Plant","floor":27,"turns":3}],"seed_played":"-8992253943196114045","potions_obtained":[{"floor":2.0,"key":"Weak Potion"},{"floor":2.0,"key":"blueLaboratory:AbyssPotion"},{"floor":2.0,"key":"DistilledChaos"},{"floor":6.0,"key":"blueLaboratory:PhilterOfMotion"},{"floor":14.0,"key":"SkillPotion"},{"floor":16.0,"key":"SpeedPotion"},{"floor":19.0,"key":"BlessingOfTheForge"},{"floor":23,"key":"DuplicationPotion"}],"is_trial":false,"path_per_floor":["M","?","M","M","M","E","?","E","T","R","?","M","$","M","R","B",null,"M","M","?","M","$","M","?","?","T","M"],"character_chosen":"THE_BUGKNIGHT","items_purchased":["Block Potion","HollowMod:SiblingsSouls"],"campfire_rested":0,"item_purchase_floors":[22,22],"current_hp_per_floor":[72,72,71,71,71,64,64,52,52,52,62,40,40,38,38,38,85,74,57,57,49,49,11,11,11,11,0,0],"gold":194,"neow_bonus":"REMOVE_TWO","is_daily":false,"chose_seed":false,"campfire_upgraded":2,"win_rate":0.0,"timestamp":1608406694,"path_taken":["M","?","?","M","M","E","?","E","T","R","?","M","$","?","R","BOSS","M","M","?","?","$","M","?","?","T","M"],"items_purchased_type":["Potion","Card"],"build_version":"2020-12-13","purchased_purges":2,"victory":false,"max_hp_per_floor":[75,75,75,75,75,75,75,75,75,75,85,85,85,85,85,85,85,85,85,85,85,85,85,85,85,85,85,85],"card_choices":[{"not_picked":["HollowMod:NewJinnsSoul","HollowMod:RecoilStrike"],"picked":"HollowMod:PureNailStrike","floor":1.0},{"not_picked":["HollowMod:VengefulVoid","HollowMod:SoulSplash"],"picked":"HollowMod:DashSlash","floor":3.0},{"not_picked":["HollowMod:ElderbugsWisdom","HollowMod:DungDefenderAura","HollowMod:SharpenedNail"],"picked":"SKIP","floor":4.0},{"not_picked":["HollowMod:GreatSlash","HollowMod:InfectedAttack"],"picked":"HollowMod:WraithStrike","floor":5.0},{"not_picked":["HollowMod:WraithStrike","HollowMod:SharpenedNail","HollowMod:SiblingsSouls"],"picked":"SKIP","floor":6.0},{"not_picked":["HollowMod:MidwifesHunger","HollowMod:FallenFury","HollowMod:DungDefenderAura"],"picked":"SKIP","floor":8.0},{"not_picked":["HollowMod:ChannelNail","HollowMod:SoulSplash"],"picked":"HollowMod:SoulEater","floor":12.0},{"not_picked":["HollowMod:WraithStrike","HollowMod:RecoilStrike"],"picked":"HollowMod:MantisMark","floor":14.0},{"not_picked":["HollowMod:MonomonsArchive+1","HollowMod:PureNailStrike","HollowMod:SoulSplash+1"],"picked":"SKIP","floor":18.0},{"not_picked":["HollowMod:VengefulVoid","HollowMod:SoulSplash","HollowMod:CycloneSlash"],"picked":"SKIP","floor":19.0},{"not_picked":["HollowMod:CloakDash","HollowMod:LifebloodCocoon+1","HollowMod:SoulSplash"],"picked":"SKIP","floor":21.0},{"not_picked":["HollowMod:DoubleDash","HollowMod:GrimmsGift","HollowMod:HuntersJournal"],"picked":"SKIP","floor":23}],"player_experience":423332,"relics_obtained":[{"floor":6.0,"key":"Boot"},{"floor":8.0,"key":"Shuriken"},{"floor":9.0,"key":"Gremlin Horn"},{"floor":26,"key":"Omamori"}],"event_choices":[{"damage_healed":0.0,"max_hp_gain":0.0,"max_hp_loss":0.0,"gold_gain":0.0,"event_name":"Lab","player_choice":"Got Potions","floor":2.0,"gold_loss":0.0,"damage_taken":0.0},{"damage_healed":0.0,"max_hp_gain":0.0,"max_hp_loss":0.0,"gold_gain":0.0,"event_name":"WeMeetAgain","player_choice":"Gave Potion","floor":11.0,"gold_loss":0.0,"damage_taken":0.0,"relics_obtained":["Pear"]},{"damage_healed":0.0,"max_hp_gain":0.0,"max_hp_loss":0.0,"gold_gain":0.0,"event_name":"betterNote:BetterNote","player_choice":"Ignored","floor":20.0,"gold_loss":0.0,"damage_taken":0.0,"cards_obtained":["Corpse Explosion"]},{"damage_healed":0,"gold_gain":0,"player_choice":"Ignored","damage_taken":0,"max_hp_gain":0,"max_hp_loss":0,"event_name":"Cursed Tome","floor":24,"gold_loss":0},{"damage_healed":0,"gold_gain":100,"player_choice":"Pray","damage_taken":0,"max_hp_gain":0,"max_hp_loss":0,"event_name":"Golden Shrine","floor":25,"gold_loss":0}],"is_beta":false,"boss_relics":[{"not_picked":["Pandora\u0027s Box","Astrolabe"],"picked":"Runic Pyramid"}],"items_purged_floors":[13,22],"is_endless":false,"potions_floor_spawned":[3,6,14,16,19,23],"killed_by":"Snake Plant","ascension_level":0}}