{"host":"d7fd5aa1my0gmokc","time":1608366017,"event":{"mods":["AchievementEnabler","BaseMod","DeckTracker","Minty Spire (QoL Compilation)","Prisma Mod","Relic Stats","StSLib","SuperFastMode","everything is the same but u backflip on backflip"],"gold_per_floor":[116,134,134,59,59,77,77,109,181,200,200,200,215,72,72,72,72],"floor_reached":16,"playtime":577,"items_purged":["Strike_R"],"score":100,"play_id":"7b31383b-9019-4f90-a471-713bd0fb4311","local_time":"20201219172017","is_ascension_mode":false,"campfire_choices":[{"data":"Body Slam","floor":11.0,"key":"SMITH"},{"floor":15.0,"key":"REST"}],"circlet_count":0,"master_deck":["Strike_R","Strike_R","Strike_R+1","Defend_R","Defend_R","Defend_R","Defend_R","Bash+1","Body Slam","Entrench","Body Slam+1","Flame Barrier"],"relics":["Burning Blood","Ancient Tea Set","Whetstone"],"acts_visited":["Exordium"],"potions_floor_usage":[],"damage_taken":[{"damage":1.0,"enemies":"Jaw Worm","floor":1.0,"turns":5.0},{"damage":3.0,"enemies":"Small Slimes","floor":2.0,"turns":4.0},{"damage":1.0,"enemies":"Cultist","floor":6.0,"turns":5.0},{"damage":36.0,"enemies":"Lagavulin","floor":8.0,"turns":8.0},{"damage":10.0,"enemies":"3 Louse","floor":10.0,"turns":6.0},{"damage":9.0,"enemies":"Gremlin Gang","floor":13.0,"turns":7.0},{"damage":46,"enemies":"Slime Boss","floor":16,"turns":10}],"seed_played":"-5962874582861106775","potions_obtained":[{"floor":2.0,"key":"DistilledChaos"},{"floor":13.0,"key":"SmokeBomb"}],"is_trial":false,"path_per_floor":["M","M","?","$","?","M","$","E","T","M","R","?","M","$","R","B"],"character_chosen":"IRONCLAD","items_purchased":["Whetstone"],"campfire_rested":1,"item_purchase_floors":[14],"current_hp_per_floor":[61,64,64,64,64,69,69,39,39,35,35,35,32,32,56,10,10],"gold":72,"neow_bonus":"RANDOM_COLORLESS_2","is_daily":false,"chose_seed":false,"campfire_upgraded":1,"win_rate":0.0,"timestamp":1608366017,"path_taken":["M","M","?","$","?","M","$","E","T","?","R","?","M","$","R","BOSS"],"items_purchased_type":["Relic"],"build_version":"2020-12-13","purchased_purges":1,"victory":false,"max_hp_per_floor":[80,80,80,80,80,80,80,80,80,80,80,80,80,80,80,80,80],"relic_stats":{"counters":[7,45],"Whetstone":["Bash","Strike_R"],"obtain_stats":[{"Whetstone":14,"Ancient Tea Set":8,"Burning Blood":0},{"Whetstone":6,"Ancient Tea Set":4,"Burning Blood":0},{"Whetstone":35,"Ancient Tea Set":22,"Burning Blood":0}],"Burning Blood":36},"card_choices":[{"not_picked":["Secret Weapon","Transmutation"],"picked":"Mayhem","floor":0.0},{"not_picked":["Headbutt","Sever Soul"],"picked":"Body Slam","floor":1.0},{"not_picked":["Clash","Burning Pact"],"picked":"Entrench","floor":2.0},{"not_picked":["Fire Breathing","Intimidate"],"picked":"Body Slam","floor":6.0},{"not_picked":["Fire Breathing","Feel No Pain","Warcry"],"picked":"SKIP","floor":8.0},{"not_picked":["Clothesline","Carnage","Wild Strike"],"picked":"SKIP","floor":10.0},{"not_picked":["Perfected Strike","Twin Strike"],"picked":"Flame Barrier","floor":13.0}],"player_experience":162404,"relics_obtained":[{"floor":8.0,"key":"Ancient Tea Set"}],"event_choices":[{"damage_healed":0.0,"max_hp_gain":0.0,"max_hp_loss":0.0,"gold_gain":0.0,"event_name":"The Cleric","player_choice":"Leave","floor":3.0,"gold_loss":0.0,"damage_taken":0.0},{"cards_removed":["Strike_R"],"damage_healed":0.0,"max_hp_gain":0.0,"max_hp_loss":0.0,"gold_gain":0.0,"event_name":"Purifier","player_choice":"Purged","floor":5.0,"gold_loss":0.0,"damage_taken":0.0},{"cards_removed":["Mayhem"],"damage_healed":0.0,"max_hp_gain":0.0,"max_hp_loss":0.0,"gold_gain":0.0,"event_name":"Purifier","player_choice":"Purged","floor":12.0,"gold_loss":0.0,"damage_taken":0.0}],"is_beta":false,"boss_relics":[],"items_purged_floors":[4],"is_endless":false,"potions_floor_spawned":[2,13],"killed_by":"Slime Boss","ascension_level":0}}