{"host":"1ewc6jxpaqi263j3","time":1608390705,"event":{"mods":["Act Like it!","BaseMod","Better Vampires","Better-Laid Plans","BetterRewards","Card Forge","Colored Map","Elementarium","Gensokyo","Hallownest","HololiveMod","Luminous","Menagerie","Minty Spire (QoL Compilation)","Quick Restart","Rare Cards Sparkle","Shop Mod","StSLib","The Animator","The Bug Knight","UnlockEverythingMod"],"gold_per_floor":[109,127,44,56,70,104,104,123,150,150,161,11,25,40,40,137,137,157,157,171,574,584,584,37,51,77,77,77,112,128,145,145,241,241,257,107,187,201,79,90,102,131,131,131,51,65,94,94,94,189],"floor_reached":51,"playtime":3206,"items_purged":["Shame"],"score":808,"play_id":"4c625392-ab9d-4c64-8d41-b517fd3e8c09","local_time":"20201219231145","is_ascension_mode":false,"campfire_choices":[{"floor":10.0,"key":"REST"},{"floor":15.0,"key":"REST"},{"data":"HollowMod:BlackTendrils","floor":23.0,"key":"SMITH"},{"floor":28.0,"key":"REST"},{"floor":32.0,"key":"REST"},{"data":"HollowMod:SiblingsShadow","floor":44.0,"key":"SMITH"},{"floor":49.0,"key":"REST"}],"circlet_count":0,"master_deck":["HollowMod:NailStrikeStart","HollowMod:NailStrikeStart","HollowMod:NailStrikeStart","HollowMod:NailStrikeStart","HollowMod:QuickDashStart","HollowMod:QuickDashStart","HollowMod:QuickDashStart","HollowMod:QuickDashStart","HollowMod:PogoStrike","HollowMod:DescendingDark","HollowMod:ShadowDash","HollowMod:DescendingDark","Flash of Steel","HollowMod:ZotesMagnificence","HollowMod:SharpenedShadows","HollowMod:DescendingDark","HollowMod:SiblingsShadow+1","HollowMod:DescendingDark","HollowMod:AbyssShriek","HollowMod:Hiveblood","HollowMod:BlackTendrils+1","HollowMod:HuntersJournal","HollowMod:DescendingDark+1","Master of Strategy+1","HollowMod:SiblingsSouls+1","HollowMod:WraithStrike+1","HollowMod:AbyssShriek","HollowMod:VengefulVoid+1","HollowMod:VengefulVoid","CurseOfTheBell","HollowMod:ShadowDash+1","HollowMod:BlackTendrils+1","HollowMod:VengefulVoid+1","Hallownest:attackMasterDashSlash","HollowMod:VoidDash"],"relics":["Hammer of Thor","Seething Fire","Anvil of the Gods","Dream Catcher","Hallownest:DreamNailRelic","Toy Ornithopter","HollowMod:StagPassRelic","Sozu","Mango","Blood Vial","Question Card","Orichalcum","Calling Bell","Oddly Smooth Stone","Meat on the Bone","Gambling Chip","HollowMod:LifeEnderRelic","Bag of Preparation","TungstenRod"],"acts_visited":["Exordium","Hallownest:Greenpath","Hallownest:CityofTears"],"potions_floor_usage":[],"damage_taken":[{"damage":9.0,"enemies":"Hallownest:monsterHuskGuard","floor":1.0,"turns":3.0},{"damage":9.0,"enemies":"Hallownest:2_Baldur","floor":2.0,"turns":2.0},{"damage":5.0,"enemies":"Hallownest:monsterHuskWarrior","floor":4.0,"turns":2.0},{"damage":9.0,"enemies":"Hallownest:Guard_and_Warrior","floor":5.0,"turns":4.0},{"damage":38.0,"enemies":"Hallownest:eliteCrystalGuardian","floor":6.0,"turns":6.0},{"damage":0.0,"enemies":"Hallownest:monsterAspidMother","floor":8.0,"turns":3.0},{"damage":0.0,"enemies":"Hallownest:monsterFoolEater","floor":11.0,"turns":3.0},{"damage":16.0,"enemies":"Hallownest:Guard_and_Warrior","floor":13.0,"turns":3.0},{"damage":1.0,"enemies":"Hallownest:monsterMossCharger","floor":14.0,"turns":3.0},{"damage":22.0,"enemies":"Hallownest:BossFalseKnight","floor":16.0,"turns":9.0},{"damage":4.0,"enemies":"Hallownest:2_Mistakes","floor":18.0,"turns":3.0},{"damage":10.0,"enemies":"Hallownest:Guard_and_Sentry","floor":20.0,"turns":2.0},{"damage":31.0,"enemies":"Hallownest:2_Husk_Sentries","floor":22.0,"turns":3.0},{"damage":27.0,"enemies":"Hallownest:Master_and_Novice","floor":25.0,"turns":3.0},{"damage":39.0,"enemies":"Hallownest:Nosk","floor":29.0,"turns":6.0},{"damage":22.0,"enemies":"Hallownest:monsterMisterMushroom","floor":30.0,"turns":5.0},{"damage":17.0,"enemies":"Hallownest:3_Mistakes","floor":31.0,"turns":3.0},{"damage":56.0,"enemies":"Hallownest:BossGrimm","floor":33.0,"turns":7.0},{"damage":14.0,"enemies":"Hallownest:2_Littles","floor":35.0,"turns":3.0},{"damage":0.0,"enemies":"","floor":37.0,"turns":2.0},{"damage":0.0,"enemies":"","floor":37.0,"turns":2.0},{"damage":6.0,"enemies":"Hallownest:Shield_Heavy","floor":38.0,"turns":2.0},{"damage":7.0,"enemies":"Hallownest:2_Great","floor":40.0,"turns":2.0},{"damage":74.0,"enemies":"Hallownest:monsterPrimalAspid","floor":41.0,"turns":4.0},{"damage":19.0,"enemies":"Hallownest:eliteCollector","floor":42.0,"turns":4.0},{"damage":34.0,"enemies":"Hallownest:Slobbering_and_Violent","floor":46.0,"turns":5.0},{"damage":42.0,"enemies":"Hallownest:eliteHiveKnight","floor":47.0,"turns":5.0},{"damage":124,"enemies":"Hallownest:BossHollowKnight","floor":50,"turns":13}],"seed_played":"1894200428856026830","potions_obtained":[{"floor":2.0,"key":"Ancient Potion"},{"floor":8.0,"key":"Block Potion"},{"floor":11.0,"key":"LiquidMemories"}],"is_trial":false,"path_per_floor":["M","M","$","M","M","E","?","M","T","R","M","?","M","M","R","B",null,"M","?","M","?","M","R","$","M","T","?","R","E","M","M","R","B",null,"M","?","?","M","$","M","M","E","T","R","?","M","E","$","R","B",null],"character_chosen":"THE_BUGKNIGHT","items_purchased":["Flash of Steel","HollowMod:DescendingDark","Mango","Master of Strategy","HollowMod:SiblingsSouls","HollowMod:VengefulVoid"],"campfire_rested":5,"item_purchase_floors":[3,24,24,24,24,39],"current_hp_per_floor":[66,57,57,52,43,5,5,5,5,27,27,27,11,10,32,20,75,71,67,57,57,41,41,55,28,28,28,54,34,32,42,68,25,89,83,83,89,89,89,87,36,55,55,55,55,54,51,51,77,15],"gold":189,"neow_bonus":"THREE_CARDS","is_daily":false,"chose_seed":false,"campfire_upgraded":2,"win_rate":0.0,"timestamp":1608390705,"path_taken":["M","M","$","M","M","E","?","?","T","R","?","?","M","M","R","BOSS","M","?","?","?","M","R","$","M","T","?","R","E","M","M","R","BOSS","M","?","?","M","$","M","M","E","T","R","?","M","E","$","R","BOSS"],"items_purchased_type":["Card","Card","Relic","Card","Card","Card"],"build_version":"2020-12-13","purchased_purges":1,"victory":true,"max_hp_per_floor":[75,75,75,75,75,75,75,75,75,75,75,75,75,75,75,75,75,75,75,75,75,75,75,89,89,89,89,89,89,89,89,89,89,89,89,89,89,89,89,89,89,89,89,89,89,89,89,89,89,89],"card_choices":[{"not_picked":["HollowMod:FastStrike","HollowMod:WraithStrike"],"picked":"HollowMod:DescendingDark","floor":0.0},{"not_picked":["HollowMod:InfectedCysts","HollowMod:DreamGate"],"picked":"HollowMod:ShadowDash","floor":1.0},{"not_picked":["HollowMod:SiblingsSouls","HollowMod:SharpenedNail"],"picked":"HollowMod:DescendingDark","floor":2.0},{"not_picked":["HollowMod:SiblingsSouls","HollowMod:NewJinnsSoul"],"picked":"HollowMod:ZotesMagnificence","floor":4.0},{"not_picked":["HollowMod:DoubleDash","HollowMod:HowlingWraiths"],"picked":"HollowMod:SharpenedShadows","floor":5.0},{"not_picked":["HollowMod:DoubleDash","HollowMod:PerfectDash"],"picked":"HollowMod:DescendingDark","floor":6.0},{"not_picked":["HollowMod:HowlingWraiths","HollowMod:DescendingDark"],"picked":"HollowMod:SiblingsShadow","floor":8.0},{"not_picked":["HollowMod:VengefulSpirit","HollowMod:HeavyBlow"],"picked":"HollowMod:DescendingDark","floor":11.0},{"not_picked":["HollowMod:TaintedHusks","HollowMod:DungDefenderAura","HollowMod:LifebloodCocoon"],"picked":"SKIP","floor":13.0},{"not_picked":["HollowMod:CrystalDash","HollowMod:CornifersMapStart","HollowMod:ShadowDash"],"picked":"SKIP","floor":14.0},{"not_picked":["HollowMod:VengefulSpirit","HollowMod:DreamGate"],"picked":"HollowMod:AbyssShriek","floor":15.0},{"not_picked":["HollowMod:PureVessel","HollowMod:LifebloodCore"],"picked":"HollowMod:Hiveblood","floor":16.0},{"not_picked":["HollowMod:SoulStrike","HollowMod:DungDefenderAura","HollowMod:HeavyBlow+1"],"picked":"SKIP","floor":18.0},{"not_picked":["HollowMod:GoodIntentions","HollowMod:MantisMark"],"picked":"HollowMod:BlackTendrils","floor":20.0},{"not_picked":["HollowMod:HowlingWraiths","HollowMod:SharpenedNail+1"],"picked":"HollowMod:HuntersJournal","floor":22.0},{"not_picked":["HollowMod:DoubleDash","HollowMod:SoulVessel"],"picked":"HollowMod:WraithStrike+1","floor":25.0},{"not_picked":["HollowMod:CornifersMapStart+1","HollowMod:GoodIntentions","HollowMod:InfectedCysts"],"picked":"HollowMod:AbyssShriek","floor":28.0},{"not_picked":["HollowMod:ElderbugsWisdom","HollowMod:DoubleDash","HollowMod:BaldurShell"],"picked":"HollowMod:VengefulVoid+1","floor":29.0},{"not_picked":["HollowMod:LifebloodCocoon+1","HollowMod:SharpenedNail","HollowMod:InfectedAttack","HollowMod:GoodIntentions"],"picked":"SKIP","floor":30.0},{"not_picked":["HollowMod:MantisMark","HollowMod:FastStrike","HollowMod:GoodIntentions+1"],"picked":"HollowMod:VengefulVoid","floor":31.0},{"not_picked":["HollowMod:DesolateDive","HollowMod:NewLittleFool","HollowMod:SoulStrike+1"],"picked":"HollowMod:ShadowDash+1","floor":35.0},{"not_picked":["HollowMod:LifebloodCocoon+1","HollowMod:ChannelNail","HollowMod:FastStrike"],"picked":"HollowMod:BlackTendrils+1","floor":38.0},{"not_picked":["HollowMod:CornifersMapStart+1","HollowMod:PerfectDash+1","HollowMod:SoulEater","HollowMod:MawleksShell"],"picked":"SKIP","floor":40.0},{"not_picked":["HollowMod:DungDefenderAura+1","HollowMod:AwokenDreamNail","HollowMod:HowlingWraiths+1","HollowMod:DoubleDash"],"picked":"SKIP","floor":41.0},{"not_picked":["HollowMod:DoubleDash","HollowMod:LordofShades","HollowMod:RecoilStrike+1","HollowMod:SoulStrike"],"picked":"SKIP","floor":42.0},{"not_picked":["HollowMod:NewGlowingWomb+1","HollowMod:BlackTendrils","HollowMod:DescendingDark","HollowMod:MonarchWings"],"picked":"SKIP","floor":46.0},{"not_picked":["HollowMod:GoodIntentions+1","HollowMod:SoulVessel+1","HollowMod:NewJinnsSoul","HollowMod:InfectedAttack"],"picked":"SKIP","floor":47.0},{"not_picked":["HollowMod:HerrahsAnger","HollowMod:LordofShades","HollowMod:SoulMaster"],"picked":"HollowMod:VoidDash","floor":50}],"player_experience":223335,"relics_obtained":[{"floor":6.0,"key":"Dream Catcher"},{"floor":9.0,"key":"Toy Ornithopter"},{"floor":26.0,"key":"Blood Vial"},{"floor":29.0,"key":"Orichalcum"},{"floor":34.0,"key":"Oddly Smooth Stone"},{"floor":34.0,"key":"Meat on the Bone"},{"floor":34.0,"key":"Gambling Chip"},{"floor":42.0,"key":"Bag of Preparation"},{"floor":47.0,"key":"TungstenRod"}],"event_choices":[],"is_beta":false,"boss_relics":[{"not_picked":["Runic Pyramid","Ectoplasm"],"picked":"Sozu"},{"not_picked":["Runic Dome","Hololive_TopUpMoneyS"],"picked":"Calling Bell"}],"items_purged_floors":[39],"is_endless":false,"potions_floor_spawned":[2,8,11,13,14,20,29,30,35,42,46,47],"ascension_level":0}}