{"host":"qcjfperppaz4o5r6","time":1608337114,"event":{"mods":["AchievementEnabler","BaseMod","BetterRewards","Colored Map","Colored Powertips","Downfall","Duelist Mod","Friendly Minions","Gremlin Mod","Marisa????????","Minty Spire (QoL Compilation)","Prisma Mod","Relic Stats","Replay The Spire","Shop Mod","StSLib","The Animator","The Bladedancer","The Construct","The Cursed","The Gatherer","The Hierophant","The Mystic","The Necromancer","The Poker Player","The Senshi","The Servant 0.9.4","The Wild Card","Waifu the Spire","Yohane!","everything is the same but u backflip on backflip"],"gold_per_floor":[118,118,118,133,96,123,133,152,152,170,170,199,18,37,37,135,135,154,22,39,50,67,67,100,12,12,12,27,27,27,47,47,47,47],"floor_reached":33,"playtime":3117,"items_purged":[],"score":304,"play_id":"9ffdb2cc-d154-4d5f-ba69-567bd86453f5","local_time":"20201218191834","is_ascension_mode":false,"metric_token":2002,"campfire_choices":[{"floor":11,"key":"REST"},{"floor":15,"key":"REST"},{"data":"PokerPlayerMod:Raise","floor":23,"key":"SMITH"},{"data":"ReplayTheSpireMod:Private Reserves","floor":29,"key":"SMITH"},{"data":"PokerPlayerMod:Extraction","floor":32,"key":"SMITH"}],"circlet_count":0,"master_deck":["PokerPlayerMod:Diamond1","PokerPlayerMod:Diamond2","PokerPlayerMod:Diamond3","PokerPlayerMod:Diamond4","PokerPlayerMod:Diamond5","PokerPlayerMod:Spade1","PokerPlayerMod:Spade2","PokerPlayerMod:Spade3","PokerPlayerMod:Spade4","PokerPlayerMod:Club1","PokerPlayerMod:Club2","PokerPlayerMod:Heart4","PokerPlayerMod:TrumpStrike+1","PokerPlayerMod:BadJoker","PokerPlayerMod:Mulligan+1","PokerPlayerMod:ClubsClub","PokerPlayerMod:ClubShade","PokerPlayerMod:Diamond3","PokerPlayerMod:Extraction+1","PokerPlayerMod:RiskyBet","PokerPlayerMod:Heart2","PokerPlayerMod:HotShotCut+1","PokerPlayerMod:Heart8","PokerPlayerMod:Raise+1","PokerPlayerMod:Diamond10+","PokerPlayerMod:DiamondStrike+1","PokerPlayerMod:Club6","PokerPlayerMod:Sharpen","PokerPlayerMod:Heart3","PokerPlayerMod:Diamond4","ReplayTheSpireMod:Private Reserves+1","PokerPlayerMod:Diamond5","PokerPlayerMod:Diamond6"],"relics":["PokerPlayerMod:DeckCase","NeowsBlessing","Onion Ring","Gremlin Food","CaptainsWheel","Painkiller Herb","Replay:Kaleidoscope","Replay:Wax Seal","Chameleon Ring"],"acts_visited":["Exordium","TheCity"],"potions_floor_usage":[14,20,24,33],"damage_taken":[{"damage":0,"enemies":"Cultist","floor":1,"turns":1},{"damage":0,"enemies":"Small Slimes","floor":4,"turns":1},{"damage":0,"enemies":"Replay:BlueRogue","floor":6,"turns":1},{"damage":0,"enemies":"2 Louse","floor":7,"turns":1},{"damage":9,"enemies":"2 Fungi Beasts","floor":8,"turns":2},{"damage":30,"enemies":"Lots of Slimes","floor":10,"turns":5},{"damage":27,"enemies":"Gremlin Nob","floor":12,"turns":5},{"damage":0,"enemies":"Blue Slaver","floor":14,"turns":1},{"damage":2,"enemies":"Fading Forest","floor":16,"turns":11},{"damage":6,"enemies":"Chosen","floor":18,"turns":4},{"damage":10,"enemies":"Shell Parasite","floor":20,"turns":4},{"damage":11,"enemies":"Snecko","floor":21,"turns":5},{"damage":0,"enemies":"3 Cultists","floor":22,"turns":4},{"damage":26,"enemies":"Gremlin Leader","floor":24,"turns":6},{"damage":23,"enemies":"Sentry and Sphere","floor":28,"turns":5},{"damage":23,"enemies":"Cultist and Chosen","floor":31,"turns":5},{"damage":60,"enemies":"Pondfish","floor":33,"turns":16}],"seed_played":"-3186251412595321354","potions_obtained":[{"floor":6,"key":"Milkshake"},{"floor":7,"key":"AttackPotion"},{"floor":10,"key":"SpeedPotion"},{"floor":16,"key":"SkillPotion"},{"floor":21,"key":"Energy Potion"},{"floor":24,"key":"BlessingOfTheForge"},{"floor":31,"key":"PowerPotion"}],"is_trial":false,"path_per_floor":["M","?","?","M","$","E","M","M","T","M","R","E","$","M","R","B",null,"?","T","?","?","?","T","E","T","T","?","?","T","T","?","T","B"],"character_chosen":"THE_POKER_PLAYER","items_purchased":["PokerPlayerMod:ClubShade","PokerPlayerMod:HotShotCut+1","PokerPlayerMod:Heart8","PokerPlayerMod:Club6","PokerPlayerMod:Sharpen","ReplayTheSpireMod:Private Reserves"],"campfire_rested":2,"item_purchase_floors":[5,13,13,19,19,25],"current_hp_per_floor":[52,52,52,52,52,52,52,43,43,15,30,6,6,6,21,46,52,51,51,52,41,49,49,34,34,34,34,27,27,27,31,31,0,0],"gold":47,"neow_bonus":"THREE_ENEMY_KILL","is_daily":false,"chose_seed":false,"campfire_upgraded":3,"win_rate":0.0,"timestamp":1608337114,"path_taken":["M","?","?","M","$","E","M","?","T","M","R","E","$","M","R","BOSS","?","T","?","?","?","T","E","T","T","?","?","T","T","?","T","BOSS"],"items_purchased_type":["Card","Card","Card","Card","Card","Card"],"build_version":"2020-12-13","purchased_purges":0,"victory":false,"max_hp_per_floor":[52,52,52,52,52,52,52,52,52,52,52,52,52,52,52,52,52,52,52,52,52,52,52,52,52,52,52,52,52,52,52,52,52,52],"relic_stats":{"counters":[17,77],"obtain_stats":[{"Gremlin Food":9,"PokerPlayerMod:DeckCase":0,"CaptainsWheel":12,"Chameleon Ring":27,"NeowsBlessing":0,"Onion Ring":6,"Painkiller Herb":17,"Replay:Kaleidoscope":24,"Replay:Wax Seal":26},{"Gremlin Food":5,"PokerPlayerMod:DeckCase":0,"CaptainsWheel":7,"Chameleon Ring":14,"NeowsBlessing":0,"Onion Ring":3,"Painkiller Herb":9,"Replay:Kaleidoscope":14,"Replay:Wax Seal":14},{"Gremlin Food":6,"PokerPlayerMod:DeckCase":0,"CaptainsWheel":16,"Chameleon Ring":51,"NeowsBlessing":0,"Onion Ring":3,"Painkiller Herb":28,"Replay:Kaleidoscope":51,"Replay:Wax Seal":51}]},"card_choices":[{"not_picked":["PokerPlayerMod:Diamond3","PokerPlayerMod:Diamond2"],"picked":"PokerPlayerMod:ClubsClub","floor":1},{"not_picked":["PokerPlayerMod:SpadeStrike","PokerPlayerMod:Spade3","PokerPlayerMod:Trickery"],"picked":"SKIP","floor":4},{"not_picked":["PokerPlayerMod:Diamond5","PokerPlayerMod:Club2","PokerPlayerMod:Spade1"],"picked":"SKIP","floor":6},{"not_picked":["PokerPlayerMod:Spade2","PokerPlayerMod:Trickery"],"picked":"PokerPlayerMod:Diamond3","floor":7},{"not_picked":["PokerPlayerMod:Club5","PokerPlayerMod:Spade3"],"picked":"PokerPlayerMod:Extraction","floor":8},{"not_picked":["PokerPlayerMod:Configure","PokerPlayerMod:Spade1"],"picked":"PokerPlayerMod:RiskyBet","floor":10},{"not_picked":["PokerPlayerMod:Spade1","PokerPlayerMod:Fold"],"picked":"PokerPlayerMod:Heart2","floor":12},{"not_picked":["PokerPlayerMod:PoorCopy","PokerPlayerMod:SpadeStrike"],"picked":"PokerPlayerMod:Raise","floor":14},{"not_picked":["PokerPlayerMod:Diamond9","PokerPlayerMod:Diamond8"],"picked":"PokerPlayerMod:Diamond10+","floor":16},{"not_picked":["PokerPlayerMod:ClubsClub","PokerPlayerMod:DartThrow"],"picked":"PokerPlayerMod:DiamondStrike+1","floor":18},{"not_picked":["PokerPlayerMod:Spade2","PokerPlayerMod:Trickery","PokerPlayerMod:Fold"],"picked":"SKIP","floor":20},{"not_picked":["PokerPlayerMod:FlyingCard","PokerPlayerMod:Harden","PokerPlayerMod:Club1"],"picked":"SKIP","floor":21},{"not_picked":["PokerPlayerMod:Extraction+1","PokerPlayerMod:Diamond1"],"picked":"PokerPlayerMod:Heart3","floor":22},{"not_picked":["PokerPlayerMod:SecondChance","PokerPlayerMod:Spade4"],"picked":"PokerPlayerMod:Diamond4","floor":24},{"not_picked":["PokerPlayerMod:SpadeStrike","PokerPlayerMod:CardBurn"],"picked":"PokerPlayerMod:Diamond5","floor":28},{"not_picked":["PokerPlayerMod:MagicTrick","PokerPlayerMod:Configure+1"],"picked":"PokerPlayerMod:Diamond6","floor":31}],"player_experience":30029,"relics_obtained":[{"floor":6,"key":"Onion Ring"},{"floor":9,"key":"Gremlin Food"},{"floor":12,"key":"CaptainsWheel"},{"floor":24,"key":"Replay:Kaleidoscope"},{"floor":26,"key":"Replay:Wax Seal"}],"event_choices":[{"damage_healed":0,"gold_gain":0,"player_choice":"Grow","damage_taken":0,"max_hp_gain":0,"max_hp_loss":0,"event_name":"Living Wall","floor":2,"gold_loss":0,"cards_upgraded":["PokerPlayerMod:Mulligan"]},{"damage_healed":0,"gold_gain":0,"player_choice":"Forge","damage_taken":0,"max_hp_gain":0,"max_hp_loss":0,"event_name":"Accursed Blacksmith","floor":3,"gold_loss":0,"cards_upgraded":["PokerPlayerMod:TrumpStrike"]}],"is_beta":false,"boss_relics":[{"not_picked":["Honey Jar","Ectoplasm"],"picked":"Painkiller Herb"}],"items_purged_floors":[],"is_endless":false,"potions_floor_spawned":[6,7,10,16,21,24,31],"killed_by":"Pondfish","ascension_level":0}}