{"host":"e6oyrm1qxoctfokz","time":1608418241,"event":{"mods":["Aspiration","BaseMod","Clawfect","Colored Powertips","Defuse TimeMaze Blight","Energized Spire","Halation","Highlight Path","Hubris","Infinite Spire","Minty Spire (QoL Compilation)","Permanent Neow","Quick Restart","Relic Sorter","Replay The Spire","StSLib","Trackpad","vexMod"],"gold_per_floor":[211,211,231,244,258,258,275,287,311,311,311,343,359,373,373,474,1140,1140],"floor_reached":17,"playtime":1454,"items_purged":[],"score":236,"play_id":"9c230f59-5382-41ab-8788-94d658ca291c","local_time":"20201219205041","is_ascension_mode":false,"campfire_choices":[{"data":"Reboot","floor":6,"key":"SMITH"},{"floor":10,"key":"REST"},{"floor":15,"key":"REST"}],"circlet_count":0,"master_deck":["Gash","Gash","Gash","Gash","Defend_B","Defend_B","Defend_B","Defend_B","Defend_B","FTL","Reboot+1","Clawfect:Clawrage","Clawfect:ScrapingClaw"],"relics":["Replay:Wanted Poster","halation:TwoAmDonut","infinitespire:Freezer","halation:WeightlessCrab","Replay:Grab Bag","hubris:CrackedHourglass","vexMod:RockOfEvil","aspiration:Stellarator","Ring of Chaos"],"acts_visited":["Exordium","TheCity"],"potions_floor_usage":[5],"damage_taken":[{"damage":4,"enemies":"Jaw Worm","floor":1,"turns":4},{"damage":2,"enemies":"Cultist","floor":3,"turns":5},{"damage":10,"enemies":"infinitespire:Voidling","floor":4,"turns":5},{"damage":11,"enemies":"Exordium Thugs","floor":5,"turns":6},{"damage":27,"enemies":"Large Slime","floor":7,"turns":7},{"damage":5,"enemies":"Looter","floor":8,"turns":3},{"damage":2,"enemies":"Replay:BlueRogue","floor":12,"turns":5},{"damage":5,"enemies":"2 Fungi Beasts","floor":13,"turns":3},{"damage":0,"enemies":"Exordium Wildlife","floor":14,"turns":3},{"damage":8,"enemies":"Fading Forest","floor":16,"turns":11}],"seed_played":"-8118455816639632241","potions_obtained":[{"floor":4,"key":"SkillPotion"},{"floor":7,"key":"ColorlessPotion"},{"floor":8,"key":"Toxic Potion"},{"floor":16,"key":"Reflective Coating"}],"is_trial":false,"path_per_floor":["M","?","M","M","M","R","M","M","T","R","T","E","M","M","R","B",null],"character_chosen":"DEFECT","items_purchased":[],"campfire_rested":2,"item_purchase_floors":[],"current_hp_per_floor":[71,71,69,63,52,52,25,20,20,42,42,40,35,35,57,49,75,75],"gold":1140,"neow_bonus":"BOSS_RELIC","is_daily":false,"chose_seed":false,"campfire_upgraded":1,"win_rate":0.0,"timestamp":1608418241,"path_taken":["M","?","M","M","?","R","?","M","T","R","?","E","M","M","R","BOSS"],"items_purchased_type":[],"build_version":"2020-12-13","purchased_purges":0,"victory":false,"max_hp_per_floor":[75,75,75,75,75,75,75,75,75,75,75,75,75,75,75,75,75,75],"card_choices":[{"not_picked":["Clawfect:ClawpileDriver","Panic Button","Gash"],"picked":"SKIP","floor":1},{"not_picked":["Self Repair","Turbo","Chill"],"picked":"SKIP","floor":3},{"not_picked":["Clawfect:Clawter","Coolheaded"],"picked":"FTL","floor":4},{"not_picked":["Clawfect:ClawForTheEyes","Leap"],"picked":"Reboot","floor":5},{"not_picked":["Reprogram","Hello World","BasicCrystalCard"],"picked":"SKIP","floor":7},{"not_picked":["BootSequence","ReplaySort"],"picked":"Clawfect:Clawrage","floor":8},{"not_picked":["Reinforced Body","Clawfect:ClawingBeam","Clawfect:Clawline"],"picked":"SKIP","floor":12},{"not_picked":["BasicCrystalCard","Turbo","hubris:DoWhile"],"picked":"SKIP","floor":13},{"not_picked":["Clawfect:ClawForTheEyes","ReplayTheSpireMod:Calculation Training"],"picked":"Clawfect:ScrapingClaw","floor":14}],"player_experience":372446,"relics_obtained":[{"floor":9,"key":"infinitespire:Freezer"},{"floor":12,"key":"halation:WeightlessCrab"}],"event_choices":[{"cards_removed":["Gash"],"damage_healed":0,"gold_gain":0,"player_choice":"Gave Card","damage_taken":0,"relics_obtained":["halation:TwoAmDonut"],"max_hp_gain":0,"max_hp_loss":0,"event_name":"WeMeetAgain","floor":2,"gold_loss":0}],"is_beta":false,"boss_relics":[{"not_picked":["energizedSpire:UnstableMolecules","hubris:GrandSneckoEye"],"picked":"Replay:Grab Bag"},{"not_picked":["hubris:VirtuousBlindfold","energizedSpire:StickyHand"],"picked":"hubris:CrackedHourglass"},{"not_picked":["energizedSpire:HugeHouse","vexMod:DeviousBotling"],"picked":"vexMod:RockOfEvil"},{"not_picked":["halation:HeavySnake","halation:MonkeysPaw"],"picked":"aspiration:Stellarator"},{"not_picked":["SlaversCollar","trackpad:NeutrinoGenerator"],"picked":"Ring of Chaos"}],"items_purged_floors":[],"is_endless":false,"potions_floor_spawned":[4,7,8,16],"ascension_level":0}}