{"host":"9tzam4717zt8ei1o","time":1608371815,"event":{"mods":["BaseMod","Colored Map","Keyboard Shortcuts","Minty Spire (QoL Compilation)","Quick Restart","StSLib","SuperFastMode"],"gold_per_floor":[114,130,55,69,69,69,79,79,79,79,99,124,143,68,68,68,68],"floor_reached":16,"playtime":248,"items_purged":["Strike_G"],"score":254,"play_id":"7c08758d-35cd-427b-b7fb-43ff5484db90","local_time":"20201219185655","is_ascension_mode":true,"campfire_choices":[{"data":"Dagger Throw","floor":6,"key":"SMITH"},{"data":"Deadly Poison","floor":8,"key":"SMITH"},{"data":"Neutralize","floor":10,"key":"SMITH"},{"data":"All Out Attack","floor":15,"key":"SMITH"}],"circlet_count":0,"master_deck":["AscendersBane","Strike_G","Strike_G","Strike_G","Defend_G","Defend_G","Defend_G","Defend_G","Defend_G","Survivor","Neutralize+1","Well Laid Plans","Dagger Throw+1","Deadly Poison+1","All Out Attack+1","Dagger Spray"],"relics":["Ring of the Snake","NeowsBlessing","Mercury Hourglass","Ornamental Fan"],"acts_visited":["Exordium"],"potions_floor_usage":[12,12,16],"damage_taken":[{"damage":0,"enemies":"Jaw Worm","floor":1,"turns":1},{"damage":0,"enemies":"2 Louse","floor":2,"turns":1},{"damage":0,"enemies":"Small Slimes","floor":4,"turns":1},{"damage":15,"enemies":"3 Louse","floor":7,"turns":4},{"damage":14,"enemies":"Exordium Wildlife","floor":11,"turns":5},{"damage":0,"enemies":"Gremlin Nob","floor":12,"turns":3},{"damage":0,"enemies":"Large Slime","floor":13,"turns":3},{"damage":30,"enemies":"Slime Boss","floor":16,"turns":8}],"seed_played":"1158897954044936887","potions_obtained":[{"floor":1,"key":"GamblersBrew"},{"floor":2,"key":"CunningPotion"},{"floor":13,"key":"Explosive Potion"}],"is_trial":false,"path_per_floor":["M","M","?","M","$","R","M","R","T","R","M","E","M","$","R","B"],"character_chosen":"THE_SILENT","items_purchased":[],"campfire_rested":0,"item_purchase_floors":[],"current_hp_per_floor":[59,59,59,59,59,59,44,44,44,44,30,30,30,30,30,0,0],"gold":68,"neow_bonus":"THREE_ENEMY_KILL","is_daily":false,"chose_seed":false,"campfire_upgraded":4,"win_rate":0.0,"timestamp":1608371815,"path_taken":["M","M","?","M","$","R","M","R","T","R","M","E","M","$","R","BOSS"],"items_purchased_type":[],"build_version":"2020-12-13","purchased_purges":1,"victory":false,"max_hp_per_floor":[66,66,66,66,66,66,66,66,66,66,66,66,66,66,66,66,66],"card_choices":[{"not_picked":["Heel Hook","Dash"],"picked":"Well Laid Plans","floor":1},{"not_picked":["Acrobatics","Deadly Poison"],"picked":"Dagger Throw","floor":2},{"not_picked":["Acrobatics","Terror","Outmaneuver"],"picked":"SKIP","floor":4},{"not_picked":["Skewer","Underhanded Strike"],"picked":"Deadly Poison","floor":7},{"not_picked":["Setup","Prepared"],"picked":"All Out Attack","floor":11},{"not_picked":["Accuracy","Dagger Throw"],"picked":"Dagger Spray","floor":12},{"not_picked":["Prepared","Slice","Setup"],"picked":"SKIP","floor":13}],"player_experience":92103,"relics_obtained":[{"floor":9,"key":"Mercury Hourglass"},{"floor":12,"key":"Ornamental Fan"}],"event_choices":[{"cards_removed":["Strike_G"],"damage_healed":0,"gold_gain":0,"player_choice":"Card Removal","damage_taken":0,"max_hp_gain":0,"max_hp_loss":0,"event_name":"The Cleric","floor":3,"gold_loss":75}],"is_beta":false,"boss_relics":[],"items_purged_floors":[14],"is_endless":false,"potions_floor_spawned":[1,2,13],"killed_by":"Slime Boss","ascension_level":20}}