{"host":"vumwfieg2b2mnrfl","time":1608412354,"event":{"mods":["AchievementEnabler","BaseMod","Minty Spire (QoL Compilation)","Rare Cards Sparkle","Relic Stats"],"gold_per_floor":[115,80,97,114,114,142,158,174,174,174,174],"floor_reached":10,"playtime":246,"items_purged":[],"score":95,"play_id":"3916e688-1440-419a-b2fe-f4ef959d9e8b","local_time":"20201219151234","is_ascension_mode":true,"campfire_choices":[],"circlet_count":0,"master_deck":["Strike_B","Strike_B","Strike_B","Defend_B","Defend_B","Defend_B","Defend_B","Zap","Dualcast","Hyperbeam","Conserve Battery","Ball Lightning","Cold Snap","Multi-Cast"],"relics":["Cracked Core","Pen Nib","Pantograph"],"acts_visited":["Exordium"],"potions_floor_usage":[10],"damage_taken":[{"damage":0,"enemies":"Small Slimes","floor":1,"turns":2},{"damage":0,"enemies":"2 Louse","floor":3,"turns":2},{"damage":1,"enemies":"Cultist","floor":4,"turns":3},{"damage":25,"enemies":"3 Sentries","floor":6,"turns":5},{"damage":6,"enemies":"Blue Slaver","floor":7,"turns":3},{"damage":21,"enemies":"Exordium Wildlife","floor":8,"turns":4},{"damage":16,"enemies":"Gremlin Nob","floor":10,"turns":2}],"seed_played":"5132296166053083198","potions_obtained":[{"floor":3,"key":"Explosive Potion"},{"floor":4,"key":"SteroidPotion"},{"floor":7,"key":"PowerPotion"}],"is_trial":false,"path_per_floor":["M","?","M","M","?","E","M","M","T","E"],"character_chosen":"DEFECT","items_purchased":[],"campfire_rested":0,"item_purchase_floors":[],"current_hp_per_floor":[50,68,68,67,67,42,36,15,15,0,0],"gold":174,"neow_bonus":"THREE_RARE_CARDS","is_daily":false,"chose_seed":false,"campfire_upgraded":0,"win_rate":0.0,"timestamp":1608412354,"path_taken":["M","?","M","M","?","E","M","M","T","E"],"items_purchased_type":[],"build_version":"2020-12-13","purchased_purges":0,"victory":false,"max_hp_per_floor":[75,75,75,75,75,75,75,75,75,75,75],"relic_stats":{"counters":[7,21],"Pantograph":0,"Pen Nib":[1],"obtain_stats":[{"Pantograph":9,"Pen Nib":6,"Cracked Core":0},{"Pantograph":6,"Pen Nib":4,"Cracked Core":0},{"Pantograph":19,"Pen Nib":12,"Cracked Core":0}]},"card_choices":[{"not_picked":["Meteor Strike","Creative AI"],"picked":"Hyperbeam","floor":0},{"not_picked":["Fusion","Compile Driver"],"picked":"Conserve Battery","floor":1},{"not_picked":["Force Field","Aggregate","Reprogram"],"picked":"SKIP","floor":3},{"not_picked":["Rebound","Compile Driver"],"picked":"Ball Lightning","floor":4},{"not_picked":["Redo","Coolheaded"],"picked":"Cold Snap","floor":6},{"not_picked":["Beam Cell","Go for the Eyes"],"picked":"Multi-Cast","floor":7},{"not_picked":["Turbo","Double Energy","Gash"],"picked":"SKIP","floor":8}],"player_experience":257027,"relics_obtained":[{"floor":6,"key":"Pen Nib"},{"floor":9,"key":"Pantograph"}],"event_choices":[{"damage_healed":18,"gold_gain":0,"player_choice":"Healed","damage_taken":0,"max_hp_gain":0,"max_hp_loss":0,"event_name":"The Cleric","floor":2,"gold_loss":35},{"cards_removed":["Strike_B"],"damage_healed":0,"gold_gain":0,"player_choice":"Offered Basic","damage_taken":0,"max_hp_gain":0,"max_hp_loss":0,"event_name":"Bonfire Elementals","floor":5,"gold_loss":0}],"is_beta":false,"boss_relics":[],"items_purged_floors":[],"is_endless":false,"potions_floor_spawned":[3,4,7,8],"killed_by":"Gremlin Nob","ascension_level":7}}