{"host":"ztzlp7ovjrp60tl1","time":1608413909,"event":{"mods":["2.2 Compatiblity","A Magickal Journey","AchievementEnabler","Aspiration","BaseMod","Better Altar","Better Match","Better Note","Better Sensory Stone","Better Skull","Better Third Choice","Better Vampires","BetterRewards","Block Reminder","Card Forge","CatGirl Mod","Challenge The Spire","Colored Map","Colored Powertips","Conspire","Decade(???)","Dio Mod","Downfall","Energized Spire","Fiend Mod","GungeonMod","Hubris","Hyrulean Relics","Luminous","Marked Mod","Minty Spire (QoL Compilation)","Permanent Neow","Quick Restart","Railgun Mod","Rare Cards Sparkle","Replay The Spire","SOS???????","Shade Mod","Shop Mod","Spicy Shops","Spikes Relics","StSLib","SuperFastMode","Synergy Search","The Administrix","The Alterego","The Animator","The Bladedancer","The Bug Knight","The Dragon Tamer","The Factory","The Jungle","The Mystic","The Problem Sleuth","The Senshi","The Servant 0.9.4","The Valiant","TheHero","TheSwordswoman","TheVelvet"],"gold_per_floor":[113,123,123,123,140,170,183,212,284,301,330,330,347,375,375,470,470,488,506,506,522,522,522,533,585,585,585,602,616,634,934,934,1029,1029,1041,1057,1057,1067,1067,1082,1108,1108,1131,1146,1146,1146,1146,1156,1156,1156,1156,1156],"floor_reached":53,"playtime":25802,"items_purged":[],"score":1038,"play_id":"53e201b5-d3a5-4b90-8d12-5895a4692f5a","local_time":"20201219153829","is_ascension_mode":false,"campfire_choices":[{"floor":15,"key":"DIG"},{"floor":23,"key":"RECALL"},{"data":"dioMod:LaserVision","floor":32,"key":"SMITH"},{"floor":49,"key":"REST"},{"floor":51,"key":"REST"}],"circlet_count":0,"master_deck":["dioMod:Strike+1","dioMod:Strike+1","Bite+1","dioMod:Defend+1","dioMod:Defend+1","Cold Snap+1","dioMod:FlyAway+1","dioMod:BloodSplash+1","dioMod:LaserVision+1","dioMod:DaggerToss+1","dioMod:CautiousMuda+1","dioMod:LaserVision+1","Choke+1","conspire:PoisonWeapons+1","dioMod:TripleThreat+1","dioMod:Pluck+1","dioMod:Muda+1","dioMod:ComposedMuda+1","dioMod:DaggerToss+1","dioMod:TheWalk+1","dioMod:TheWalk+1","dioMod:SecretPlan+1","dioMod:Pluck+1","dioMod:LaserVision+1","dioMod:StreetSign+1","dioMod:DisarmingVoice+1","dioMod:MudaMudaMuda+1","Chrysalis+1","dioMod:SevenPageMuda+1","dioMod:TripleThreat+1","dioMod:DoubleTime+1","dioMod:DaggerSpree+1","dioMod:Minions+1","dioMod:KonoDioDa+1","dioMod:DominatingPresence+1","dioMod:Muda+1"],"relics":["dioMod:VampireBlood","Hammer of Thor","Seething Fire","Anvil of the Gods","aspiration:Nostalgia","Iron Core","aspiration:BabyByrd","Iron Hammer","Odd Mushroom","LugNut","Lantern","Boot","DemoMod:RingOfEthereal","hubris:VirtuousBlindfold","DemoMod:MonsterBlood","Nloth\u0027s Gift","hubris:NiceRug","ReplayTheSpireMod:Lightbulb","Magic Flower","Toolbox","PreservedInsect","Bag of Preparation","Guide Book","DemoMod:GlassGuonStoneRelic","energizedSpire:OgreHead","hubris:Icosahedron","Replay:Bottled Eggs","Akabeko"],"acts_visited":["Exordium","TheCity","TheBeyond"],"potions_floor_usage":[11,18,24,24,31,31,41,41],"damage_taken":[{"damage":3,"enemies":"conspire:RoseBush","floor":1,"turns":4},{"damage":5,"enemies":"2 Louse","floor":2,"turns":4},{"damage":0,"enemies":"Small Slimes","floor":5,"turns":3},{"damage":15,"enemies":"HollowMod:MossKnight","floor":6,"turns":21},{"damage":1,"enemies":"conspire:2 RoseBushes","floor":7,"turns":4},{"damage":14,"enemies":"The Mushroom Lair","floor":8,"turns":4},{"damage":2,"enemies":"Looter","floor":10,"turns":3},{"damage":10,"enemies":"Gremlin Nob","floor":11,"turns":5},{"damage":3,"enemies":"Gremlin Gang","floor":13,"turns":2},{"damage":2,"enemies":"HollowMod:MossKnight","floor":14,"turns":3},{"damage":1,"enemies":"Slime Boss","floor":16,"turns":6},{"damage":2,"enemies":"conspire:FuzzyDice","floor":18,"turns":2},{"damage":9,"enemies":"Chosen","floor":19,"turns":2},{"damage":0,"enemies":"Snecko","floor":21,"turns":5},{"damage":0,"enemies":"Shelled Parasite and Fungi","floor":24,"turns":2},{"damage":11,"enemies":"Snake Plant","floor":28,"turns":2},{"damage":0,"enemies":"Centurion and Healer","floor":29,"turns":2},{"damage":2,"enemies":"Cultist and Chosen","floor":30,"turns":2},{"damage":5,"enemies":"hubris:Merchant","floor":31,"turns":4},{"damage":0,"enemies":"StardustCrusaders","floor":33,"turns":3},{"damage":4,"enemies":"3 Shapes","floor":35,"turns":2},{"damage":0,"enemies":"3 Darklings","floor":36,"turns":1},{"damage":3,"enemies":"Sphere and 2 Shapes","floor":38,"turns":3},{"damage":0,"enemies":"Jaw Worm Horde","floor":40,"turns":1},{"damage":2,"enemies":"Nemesis","floor":41,"turns":3},{"damage":10,"enemies":"4 Shapes","floor":44,"turns":2},{"damage":1,"enemies":"Writhing Mass","floor":48,"turns":2},{"damage":1,"enemies":"hubris:GrandSnecko","floor":52,"turns":3}],"seed_played":"6619289585059934561","potions_obtained":[{"floor":5,"key":"AttackPotion"},{"floor":7,"key":"Swift Potion"},{"floor":10,"key":"Weak Potion"},{"floor":14,"key":"Block Potion"},{"floor":19,"key":"ColorlessPotion"},{"floor":28,"key":"Elixir"},{"floor":30,"key":"LiquidMemories"},{"floor":31,"key":"Regen Potion"},{"floor":31,"key":"FearPotion"},{"floor":36,"key":"Venom Potion"},{"floor":41,"key":"conspire:TimeTravelPotion"}],"is_trial":false,"path_per_floor":["M","M","?","?","M","E","M","?","T","M","E","?","M","E","R_BF","B",null,"M","M","?","M","?","R","M","T","T","?","M","M","M","$","R","B",null,"M","M","?","M","?","M","E","$","T","M","PTL","PTL","?","M","R","$","R","B",null],"character_chosen":"THE_DEFAULT","items_purchased":[],"campfire_rested":2,"item_purchase_floors":[],"current_hp_per_floor":[75,75,75,75,75,75,75,70,70,74,71,71,75,75,75,75,75,75,69,69,75,75,75,75,82,82,82,74,82,82,82,82,82,82,82,82,82,82,82,82,82,82,82,77,77,77,77,81,82,82,82,82],"gold":1156,"neow_bonus":"NOSTALGIA","is_daily":false,"chose_seed":false,"campfire_upgraded":1,"win_rate":0.0,"timestamp":1608413909,"path_taken":["M","M","?","?","M","E","M","?","T","M","E","?","M","E","R_BF","BOSS","M","M","?","M","?","R","M","?","T","?","?","M","M","?","R","BOSS","M","M","?","M","?","M","E","$","T","M","PTL","PTL","?","M","R","?","R","BOSS"],"items_purchased_type":[],"build_version":"2020-12-13","purchased_purges":0,"victory":true,"max_hp_per_floor":[75,75,75,75,75,75,75,75,75,75,75,75,75,75,75,75,75,75,75,75,75,75,75,75,82,82,82,82,82,82,82,82,82,82,82,82,82,82,82,82,82,82,82,82,82,82,82,82,82,82,82,82],"card_choices":[{"not_picked":["dioMod:DaggerToss","Rebound"],"picked":"Cold Snap","floor":1},{"not_picked":["dioMod:BloodSplash","Rip and Tear"],"picked":"dioMod:FlyAway","floor":2},{"not_picked":["Beam Cell","Force Field"],"picked":"dioMod:BloodSplash","floor":5},{"not_picked":["Force Field","Beam Cell"],"picked":"dioMod:LaserVision","floor":6},{"not_picked":["dioMod:GoodbyeJojo","ReplayTheSpireMod:System Scan"],"picked":"dioMod:VengefulMuda","floor":7},{"not_picked":["Double Tap","Capacitor"],"picked":"dioMod:DaggerToss","floor":8},{"not_picked":["Rebound","Heavy Blade"],"picked":"dioMod:CautiousMuda","floor":10},{"not_picked":["Beam Cell","Firewall"],"picked":"dioMod:LaserVision","floor":11},{"not_picked":["ReplayTheSpireMod:System Scan","Body Slam"],"picked":"dioMod:WRYYY","floor":13},{"not_picked":["dioMod:WRYYY","Iron Wave"],"picked":"dioMod:TripleThreat","floor":14},{"not_picked":["dioMod:Regeneration","Limit Break"],"picked":"dioMod:Pluck","floor":16},{"not_picked":["dioMod:BlendIn","dioMod:ComposedMuda"],"picked":"dioMod:Muda","floor":18},{"not_picked":["dioMod:BloodSplash+1","dioMod:Donut"],"picked":"dioMod:ComposedMuda+1","floor":19},{"not_picked":["dioMod:Freeze+1","dioMod:FlyAway"],"picked":"dioMod:DaggerToss","floor":21},{"not_picked":["dioMod:SadisticLaugh+1","dioMod:DominatingPresence"],"picked":"dioMod:TheWalk","floor":24},{"not_picked":["dioMod:Hiss","dioMod:DoubleTime"],"picked":"dioMod:TheWalk","floor":28},{"not_picked":["dioMod:CautiousMuda","dioMod:LaserVision"],"picked":"dioMod:SecretPlan","floor":29},{"not_picked":["dioMod:BloodShield","dioMod:Freeze+1"],"picked":"dioMod:Pluck","floor":30},{"not_picked":[],"picked":"dioMod:LaserVision","floor":31},{"not_picked":[],"picked":"dioMod:StreetSign","floor":31},{"not_picked":[],"picked":"dioMod:DisarmingVoice+1","floor":31},{"not_picked":[],"picked":"dioMod:WRYYY","floor":31},{"not_picked":[],"picked":"dioMod:MudaMudaMuda","floor":31},{"not_picked":[],"picked":"Replay:Sssssssssshield","floor":31},{"not_picked":[],"picked":"Chrysalis","floor":31},{"not_picked":["dioMod:TheWalk","dioMod:Pluck"],"picked":"dioMod:SevenPageMuda","floor":33},{"not_picked":["dioMod:SlashThroughTime","dioMod:VengefulMuda+1"],"picked":"dioMod:TripleThreat","floor":35},{"not_picked":["dioMod:TripleThreat+1","dioMod:BloodSplash+1"],"picked":"dioMod:DoubleTime+1","floor":36},{"not_picked":["dioMod:ComboFever","dioMod:CutDeep"],"picked":"dioMod:DaggerSpree","floor":38},{"not_picked":["dioMod:Hiss+1","dioMod:BloodSuck"],"picked":"dioMod:Minions","floor":40},{"not_picked":["dioMod:TripleThreat+1","dioMod:DaggerToss+1"],"picked":"dioMod:KonoDioDa","floor":41},{"not_picked":["dioMod:CoffinBath+1","dioMod:Hiss"],"picked":"dioMod:DominatingPresence","floor":44},{"not_picked":["dioMod:BloodSplash","dioMod:TheWalk"],"picked":"dioMod:Muda","floor":48}],"player_experience":132984,"relics_obtained":[{"floor":6,"key":"Iron Hammer"},{"floor":8,"key":"Odd Mushroom"},{"floor":9,"key":"LugNut"},{"floor":11,"key":"Lantern"},{"floor":14,"key":"Boot"},{"floor":15,"key":"DemoMod:RingOfEthereal"},{"floor":25,"key":"DemoMod:MonsterBlood"},{"floor":26,"key":"theSenshi:SuperSailorFukuRelic"},{"floor":31,"key":"ReplayTheSpireMod:Lightbulb"},{"floor":31,"key":"Magic Flower"},{"floor":31,"key":"Toolbox"},{"floor":31,"key":"PreservedInsect"},{"floor":31,"key":"Bag of Preparation"},{"floor":31,"key":"Guide Book"},{"floor":41,"key":"Replay:Bottled Eggs"},{"floor":43,"key":"Akabeko"}],"event_choices":[{"damage_healed":0,"gold_gain":0,"player_choice":"Ignored","damage_taken":0,"max_hp_gain":0,"max_hp_loss":0,"event_name":"Golden Wing","floor":4,"gold_loss":0},{"damage_healed":0,"gold_gain":0,"player_choice":"Fought Mushrooms","damage_taken":0,"max_hp_gain":0,"max_hp_loss":0,"event_name":"Mushrooms","floor":8,"gold_loss":0},{"cards_removed":["dioMod:WRYYY"],"damage_healed":0,"gold_gain":0,"player_choice":"Purged","damage_taken":0,"max_hp_gain":0,"max_hp_loss":0,"event_name":"Purifier","floor":20,"gold_loss":0},{"damage_healed":0,"gold_gain":0,"player_choice":"Bought 0 Potions","damage_taken":0,"max_hp_gain":0,"max_hp_loss":0,"event_name":"The Woman in Blue","floor":22,"gold_loss":0},{"damage_healed":0,"gold_gain":0,"player_choice":"Traded Relic","damage_taken":0,"relics_obtained":["Nloth\u0027s Gift"],"max_hp_gain":0,"max_hp_loss":0,"event_name":"N\u0027loth","floor":27,"relics_lost":["theSenshi:SuperSailorFukuRelic"],"gold_loss":0},{"damage_healed":0,"gold_gain":0,"player_choice":"Ignored","damage_taken":0,"max_hp_gain":0,"max_hp_loss":0,"event_name":"Tomb of Lord Red Mask","floor":39,"gold_loss":0},{"cards_removed":["dioMod:VengefulMuda"],"damage_healed":0,"gold_gain":0,"player_choice":"Removed Attack","damage_taken":0,"max_hp_gain":0,"max_hp_loss":0,"event_name":"Falling","floor":47,"gold_loss":0}],"is_beta":false,"boss_relics":[{"not_picked":["SlaversCollar","conspire:SpecialSausage"],"picked":"hubris:VirtuousBlindfold"},{"not_picked":["Honey Jar","aspiration:FutureDiary"],"picked":"energizedSpire:OgreHead"}],"items_purged_floors":[],"is_endless":false,"potions_floor_spawned":[5,7,10,14,16,19,21,28,30,36,41],"ascension_level":0}}