{"host":"mal0jdk4f6ubgyb8","time":1608363457,"event":{"mods":["BaseMod","KinomotoSakuraMod(木之本樱)","Koishi","LagranYue(拉格朗・月)","Luminous","Marisa（F雨　魔理沙）","Minty Spire (QoL Compilation)","Quick Restart","Reimu（博丽灵梦）","Relic Stats","Remilia（蕾米莉亚）","StSLib","The Senshi","TheWitcher","WarShipGirlsR/战舰少女R mod","Youmu（魂魄妖梦）","Yuri Mod","Yuyuko","【东方二次创作】八云紫mod"],"gold_per_floor":[119,130,144,144,144,169,179,202,202,202,202,220,495,510,510,606,606,623,328,346,346,95,124,124,124,149,172,172,202,202,262,262,357,357,367,66,164,214,231,265,265,35,62,140,184,213,248,361,373,383,395,407,6,40,37],"floor_reached":56,"playtime":2328,"items_purged":["Strike_MRS","Defend_MRS","Defend_MRS"],"score":1727,"play_id":"9ade54c7-65d4-48a3-8e00-f5e542ea4ce9","local_time":"20201219153737","is_ascension_mode":true,"campfire_choices":[{"data":"UnstableBomb","floor":11.0,"key":"SMITH"},{"data":"StarBarrage","floor":15.0,"key":"SMITH"},{"data":"Apotheosis","floor":24.0,"key":"SMITH"},{"floor":28.0,"key":"RECALL"},{"data":"EarthLightRay","floor":30.0,"key":"SMITH"},{"data":"UnstableBomb","floor":32.0,"key":"SMITH"},{"data":"MilkyWay","floor":41.0,"key":"SMITH"},{"data":"PulseMagic","floor":49.0,"key":"SMITH"},{"data":"Singularity","floor":52.0,"key":"SMITH"}],"circlet_count":0,"master_deck":["Strike_MRS","Strike_MRS","Strike_MRS","Defend_MRS","Defend_MRS","MasterSpark","UpSweep+1","PowerUp","MilkyWay+1","UnstableBomb+1","PowerUp","Singularity+1","6A","UnstableBomb+1","StarBarrage+1","CasketOfStar+1","SuperPerseids","Singularity+1","Singularity+1","Apotheosis+1","PowerUp","GrandCross+1","EarthLightRay+1","PulseMagic+1","MillisecondPulsars+1","PropBag","UnstableBomb+1","JA+1","Acceleration+1","6A","MachineGunSpark+1"],"relics":["MiniHakkero","LagranYue:RandomDrawCardRelic","NeowsBlessing","YidongShenshe:ReiMu","Bottled Flame","Omamori","Frozen Egg 2","Coffee Dripper","HandDrill","Centennial Puzzle","Happy Flower","SsserpentHead","Oddly Smooth Stone","Kunai","Akabeko","Philosopher\u0027s Stone","PureWhite:ReiMu","Lizard Tail","theSenshi:SailorFukuRelic","Membership Card","LagranYue:GuidanceLightRelic","MawBank","Vajra","Whetstone","CatCart","SnafuTest:BearRelic","Chemical X","CrazyTorch:ReiMu","Lantern"],"acts_visited":["Exordium","TheCity","TheBeyond","TheEnding"],"potions_floor_usage":[55],"damage_taken":[{"damage":0.0,"enemies":"2 Louse","floor":1.0,"turns":1.0},{"damage":0.0,"enemies":"Jaw Worm","floor":2.0,"turns":1.0},{"damage":0.0,"enemies":"Small Slimes","floor":3.0,"turns":1.0},{"damage":5.0,"enemies":"3 Sentries","floor":6.0,"turns":8.0},{"damage":7.0,"enemies":"2 Fungi Beasts","floor":7.0,"turns":2.0},{"damage":0.0,"enemies":"Gremlin Nob","floor":8.0,"turns":2.0},{"damage":0.0,"enemies":"Red Slaver","floor":12.0,"turns":2.0},{"damage":0.0,"enemies":"Gremlin Gang","floor":14.0,"turns":4.0},{"damage":0.0,"enemies":"Slime Boss","floor":16.0,"turns":7.0},{"damage":0.0,"enemies":"2 Thieves","floor":18.0,"turns":2.0},{"damage":2.0,"enemies":"Chosen","floor":20.0,"turns":4.0},{"damage":26.0,"enemies":"Slavers","floor":23.0,"turns":4.0},{"damage":0.0,"enemies":"Gremlin Leader","floor":27.0,"turns":4.0},{"damage":0.0,"enemies":"Slavers","floor":29.0,"turns":2.0},{"damage":3.0,"enemies":"Sentry and Sphere","floor":31.0,"turns":3.0},{"damage":0.0,"enemies":"Automaton","floor":33.0,"turns":5.0},{"damage":0.0,"enemies":"Orb Walker","floor":35.0,"turns":2.0},{"damage":42.0,"enemies":"2 Orb Walkers","floor":37.0,"turns":4.0},{"damage":0.0,"enemies":"3 Darklings","floor":39.0,"turns":2.0},{"damage":10.0,"enemies":"Giant Head","floor":40.0,"turns":5.0},{"damage":7.0,"enemies":"Writhing Mass","floor":44.0,"turns":3.0},{"damage":3.0,"enemies":"Reptomancer","floor":45.0,"turns":2.0},{"damage":2.0,"enemies":"Jaw Worm Horde","floor":46.0,"turns":3.0},{"damage":3.0,"enemies":"Giant Head","floor":47.0,"turns":3.0},{"damage":7.0,"enemies":"Orin","floor":48.0,"turns":5.0},{"damage":59.0,"enemies":"Awakened One","floor":50.0,"turns":7.0},{"damage":14.0,"enemies":"Shield and Spear","floor":54.0,"turns":4.0},{"damage":99,"enemies":"The Heart","floor":55,"turns":5}],"seed_played":"2798695651851818153","potions_obtained":[{"floor":2.0,"key":"Dexterity Potion"},{"floor":7.0,"key":"Fire Potion"},{"floor":12.0,"key":"Explosive Potion"},{"floor":16.0,"key":"DuplicationPotion"},{"floor":20.0,"key":"Energy Potion"},{"floor":27.0,"key":"BottledSpark"},{"floor":29.0,"key":"BottledSpark"},{"floor":38.0,"key":"Weak Potion"},{"floor":38.0,"key":"Weak Potion"},{"floor":38.0,"key":"EssenceOfSteel"},{"floor":40.0,"key":"ShroomBrew"},{"floor":44.0,"key":"MagicPotion:ReiMu"},{"floor":45.0,"key":"SteroidPotion"},{"floor":46.0,"key":"Ancient Potion"},{"floor":47.0,"key":"ColorlessPotion"}],"is_trial":false,"path_per_floor":["M","M","M","?","?","E","M","E","T","?","R","M","?","M","R","B",null,"M","$","M","?","$","E","R","?","T","E","R","E","R","M","R","B",null,"M","$","?","?","M","E","R","$","T","M","E","M","E","?","R","B",null,"R","$","E","B",null],"character_chosen":"MARISA","items_purchased":["Singularity+1","HandDrill","Centennial Puzzle","PureWhite:ReiMu","Membership Card","LagranYue:GuidanceLightRelic","Strength Potion","SnafuTest:BearRelic","Chemical X","CrazyTorch:ReiMu"],"campfire_rested":0,"item_purchase_floors":[19,19,22,36,42,42,53,53,53,53],"current_hp_per_floor":[75,75,75,75,68,63,56,56,56,56,56,56,56,56,56,56,75,75,75,73,73,73,47,47,47,47,47,47,47,47,50,50,56,75,75,75,39,39,45,41,41,41,41,40,37,35,38,37,37,37,75,75,75,61,24],"gold":37,"neow_bonus":"THREE_ENEMY_KILL","is_daily":false,"chose_seed":false,"campfire_upgraded":8,"win_rate":0.0,"timestamp":1608363457,"path_taken":["M","M","M","?","?","E","M","E","T","?","R","M","?","M","R","BOSS","M","$","M","?","$","E","R","?","T","E","R","E","R","?","R","BOSS","M","$","?","?","M","E","R","$","T","?","E","M","E","?","R","BOSS","R","$","E","BOSS"],"items_purchased_type":["Card","Relic","Relic","Relic","Relic","Relic","Potion","Relic","Relic","Relic"],"build_version":"2020-12-13","purchased_purges":3,"victory":true,"max_hp_per_floor":[75,75,75,75,75,75,75,75,75,75,75,75,75,75,75,75,75,75,75,75,75,75,75,75,75,75,75,75,75,75,75,75,75,75,75,75,75,75,75,75,75,75,75,75,75,75,75,75,75,75,75,75,75,75,75],"relic_stats":{"SsserpentHead":250,"Centennial Puzzle":[12],"Lizard Tail":37,"Happy Flower":[19],"counters":[28,97],"HandDrill":[26],"Kunai":[39],"Whetstone":["JA","UpSweep"],"Chemical X":[1],"MawBank":120,"obtain_stats":[{"Lantern":54,"LagranYue:RandomDrawCardRelic":0,"Gremlin Horn":45,"Vajra":45,"Whetstone":47,"SsserpentHead":25,"Centennial Puzzle":22,"Lizard Tail":37,"Sundial":37,"Mummified Hand":40,"Philosopher\u0027s Stone":34,"HandDrill":19,"Kunai":27,"Chemical X":53,"theSenshi:SailorFukuRelic":40,"SnafuTest:BearRelic":53,"NeowsBlessing":0,"Happy Flower":23,"Oddly Smooth Stone":26,"Omamori":8,"Frozen Egg 2":10,"MawBank":43,"Akabeko":29,"LagranYue:GuidanceLightRelic":42,"Bottled Flame":6,"PureWhite:ReiMu":36,"Ornamental Fan":47,"CrazyTorch:ReiMu":53,"YidongShenshe:ReiMu":4,"Coffee Dripper":17,"MiniHakkero":0,"Membership Card":42,"CatCart":48,"Meat on the Bone":44},{"Lantern":27,"LagranYue:RandomDrawCardRelic":0,"Gremlin Horn":22,"Vajra":22,"Whetstone":24,"SsserpentHead":12,"Centennial Puzzle":11,"Lizard Tail":18,"Sundial":18,"Mummified Hand":20,"Philosopher\u0027s Stone":16,"HandDrill":10,"Kunai":13,"Chemical X":26,"theSenshi:SailorFukuRelic":20,"SnafuTest:BearRelic":26,"NeowsBlessing":0,"Happy Flower":12,"Oddly Smooth Stone":12,"Omamori":6,"Frozen Egg 2":6,"MawBank":20,"Akabeko":14,"LagranYue:GuidanceLightRelic":20,"Bottled Flame":4,"PureWhite:ReiMu":17,"Ornamental Fan":24,"CrazyTorch:ReiMu":26,"YidongShenshe:ReiMu":3,"Coffee Dripper":9,"MiniHakkero":0,"Membership Card":20,"CatCart":25,"Meat on the Bone":21},{"Lantern":92,"LagranYue:RandomDrawCardRelic":0,"Gremlin Horn":70,"Vajra":70,"Whetstone":76,"SsserpentHead":38,"Centennial Puzzle":34,"Lizard Tail":58,"Sundial":58,"Mummified Hand":64,"Philosopher\u0027s Stone":52,"HandDrill":30,"Kunai":42,"Chemical X":88,"theSenshi:SailorFukuRelic":65,"SnafuTest:BearRelic":88,"NeowsBlessing":0,"Happy Flower":38,"Oddly Smooth Stone":38,"Omamori":15,"Frozen Egg 2":15,"MawBank":65,"Akabeko":44,"LagranYue:GuidanceLightRelic":65,"Bottled Flame":11,"PureWhite:ReiMu":54,"Ornamental Fan":76,"CrazyTorch:ReiMu":88,"YidongShenshe:ReiMu":3,"Coffee Dripper":28,"MiniHakkero":0,"Membership Card":65,"CatCart":81,"Meat on the Bone":66}]},"card_choices":[{"not_picked":["Occultation","DoubleSpark"],"picked":"PowerUp","floor":1.0},{"not_picked":["BlazeAway","MysteriousBeam"],"picked":"MilkyWay","floor":2.0},{"not_picked":["OrrerysSun","FairyDestructionRay"],"picked":"UnstableBomb","floor":3.0},{"not_picked":["SprinkleStarSeal","PulseMagic"],"picked":"PowerUp","floor":6.0},{"not_picked":["ManaConvection","6A"],"picked":"Singularity","floor":7.0},{"not_picked":["GalacticHalo","FairyDestructionRay"],"picked":"6A","floor":8.0},{"not_picked":["Acceleration","NonDirectionalLaser"],"picked":"UnstableBomb","floor":12.0},{"not_picked":["ChargingUp","PowerUp"],"picked":"StarBarrage","floor":14.0},{"not_picked":["FinalSpark","BigCrunch"],"picked":"CasketOfStar+1","floor":16.0},{"not_picked":["LuminesStrike","DC+1"],"picked":"SuperPerseids","floor":18.0},{"not_picked":["DC","WitchOfGreed+1"],"picked":"Singularity+1","floor":20.0},{"not_picked":["GalacticHalo","AsteroidBelt"],"picked":"PowerUp","floor":23.0},{"not_picked":["ShootingEcho","PowerUp"],"picked":"GrandCross+1","floor":27.0},{"not_picked":["DragonMeteor","DeepEcoloBomb"],"picked":"EarthLightRay","floor":29.0},{"not_picked":["Robbery","OrrerysSun+1"],"picked":"PulseMagic","floor":31.0},{"not_picked":["AbsoluteMagnitude","SatelliteIllusion+1"],"picked":"MillisecondPulsars+1","floor":33.0},{"not_picked":["DarkMatter+1","PowerUp"],"picked":"PropBag","floor":35.0},{"not_picked":["ShootingEcho","ManaConvection"],"picked":"UnstableBomb+1","floor":37.0},{"not_picked":["PowerUp","OortCloud+1"],"picked":"JA","floor":39.0},{"not_picked":["PropBag+1","SporeBomb+1"],"picked":"Acceleration+1","floor":40.0},{"not_picked":["WitchLeyline+1","StarBarrage+1","BlazeAway"],"picked":"SKIP","floor":44.0},{"not_picked":["WitchOfGreed+1","PulseMagic+1","TreasureHunter"],"picked":"SKIP","floor":45.0},{"not_picked":["DC+1","LuminesStrike+1","GalacticHalo"],"picked":"SKIP","floor":46.0},{"not_picked":["MagicChant","GrandCross"],"picked":"6A","floor":47.0},{"not_picked":["PropBag+1","GalacticHalo"],"picked":"MachineGunSpark+1","floor":48.0},{"not_picked":["DC","Occultation+1","DeepEcoloBomb"],"picked":"SKIP","floor":54.0}],"player_experience":241598,"relics_obtained":[{"floor":6.0,"key":"Bottled Flame"},{"floor":8.0,"key":"Omamori"},{"floor":23.0,"key":"Happy Flower"},{"floor":26.0,"key":"Oddly Smooth Stone"},{"floor":27.0,"key":"Kunai"},{"floor":29.0,"key":"Akabeko"},{"floor":37.0,"key":"Lizard Tail"},{"floor":40.0,"key":"theSenshi:SailorFukuRelic"},{"floor":43.0,"key":"MawBank"},{"floor":45.0,"key":"Vajra"},{"floor":47.0,"key":"Whetstone"},{"floor":48.0,"key":"CatCart"},{"floor":54.0,"key":"Lantern"}],"event_choices":[{"damage_healed":0.0,"max_hp_gain":0.0,"max_hp_loss":0.0,"gold_gain":0.0,"event_name":"yidonshenshe","player_choice":"带走神社","floor":4.0,"gold_loss":0.0,"damage_taken":0.0,"relics_obtained":["YidongShenshe:ReiMu"],"cards_obtained":["Poor:ReiMu"]},{"cards_removed":["Poor:ReiMu"],"damage_healed":0.0,"max_hp_gain":0.0,"max_hp_loss":0.0,"gold_gain":0.0,"event_name":"Golden Wing","player_choice":"Card Removal","floor":5.0,"gold_loss":0.0,"damage_taken":7.0},{"damage_healed":0.0,"max_hp_gain":0.0,"max_hp_loss":0.0,"gold_gain":0.0,"event_name":"Big Fish","player_choice":"Box","floor":10.0,"gold_loss":0.0,"damage_taken":0.0,"relics_obtained":["Frozen Egg 2"],"cards_obtained":["Regret"]},{"damage_healed":0.0,"max_hp_gain":0.0,"max_hp_loss":0.0,"gold_gain":275.0,"event_name":"Golden Shrine","player_choice":"Desecrate","floor":13.0,"gold_loss":0.0,"damage_taken":0.0,"cards_obtained":["Regret"]},{"damage_healed":0.0,"max_hp_gain":0.0,"max_hp_loss":0.0,"gold_gain":0.0,"event_name":"FaceTrader","player_choice":"Trade","floor":25.0,"gold_loss":0.0,"damage_taken":0.0,"relics_obtained":["SsserpentHead"]},{"damage_healed":0.0,"max_hp_gain":0.0,"max_hp_loss":0.0,"gold_gain":0.0,"event_name":"Mysterious Sphere","player_choice":"Fight","floor":37.0,"gold_loss":0.0,"damage_taken":0.0},{"damage_healed":0.0,"max_hp_gain":0.0,"max_hp_loss":0.0,"gold_gain":0.0,"event_name":"Lab","player_choice":"Got Potions","floor":38.0,"gold_loss":0.0,"damage_taken":0.0},{"damage_healed":0.0,"max_hp_gain":0.0,"max_hp_loss":0.0,"gold_gain":0.0,"event_name":"OrinTheCat","player_choice":"Fight","floor":48.0,"gold_loss":0.0,"damage_taken":0.0}],"is_beta":false,"boss_relics":[{"not_picked":["Snecko Eye","Fusion Hammer"],"picked":"Coffee Dripper"},{"not_picked":["Calling Bell","Black Star"],"picked":"Philosopher\u0027s Stone"}],"items_purged_floors":[19,22,53],"is_endless":false,"potions_floor_spawned":[2,7,12,16,20,27,29,40,44,45,46,47],"ascension_level":3}}