{"host":"bh9icy45a7txwdm6","time":1608368202,"event":{"mods":["BaseMod","KomeijiMod","Minty Spire (QoL Compilation)","MostiFishMod","SOS£¨Ë¹°Í´ïÖ®×Ó£©","Small Relic Pack","StSLib","Waifu the Spire","Youmu£¨»êÆÇÑýÃÎ£©","vexMod","¡¾ÒÅÎï¿¨ÅÆ¡¿REMEMod"],"gold_per_floor":[177,177,23,0,0,26,26,43,115,132,132,143,143,153,153,249,249,262,262,27,39,53,53,72,72,72,90,190,219,179,199,199,303,303,317,667,681,189,189,221,237,237,260,272,272,272,287,287,287,287,287,287,20,55,55],"floor_reached":56,"playtime":4875,"items_purged":["DevilstarL+1","Warpath+1"],"score":1497,"play_id":"0ac27aea-378f-40e6-80c4-d2555d7a8572","local_time":"20201219165642","is_ascension_mode":false,"campfire_choices":[{"data":"BathedInBlood","floor":11.0,"key":"SMITH"},{"data":"ServantFlier","floor":15.0,"key":"SMITH"},{"data":"MostiFishMod:FireWorks","floor":23,"key":"SMITH"},{"floor":25,"key":"REST"},{"floor":32,"key":"REST"},{"floor":46,"key":"RECALL"},{"floor":49,"key":"REST"},{"floor":52,"key":"REST"}],"circlet_count":0,"master_deck":["Strike_Remiria+1","Defend_Remirira+1","Defend_Remirira+1","Absorbed+1","MostiFishMod:FireWorks+1","ServantFlier+1","TricksterDevil+1","DemonLordWalk+1","HeartBreak_Remiria+1","Paradox+1","ScarletDestiny+1","NightDance+1","relicPack:TruthCard","Offering+1","PartStrengthen+1","LifeBreak+1","Paradox+1","VampireClaw+1","YoungDemonLord+1","TricksterDevil+1","BadLadyScramble+1","SeparateFleshBlood+1","BloodSurge+1","Panacea+1","Tepes+1","BloodSurge+1","Tearing+1","ScarletNetherworld+1","RedtheNightlessCastle","Chrysalis+1","CurseofVladTepes+1"],"relics":["ThirstyCrossSpe","REME_ComplimentaryCards","DaveBox","EGODaCapo","NeowsBlessing","Question Card","NitorisBag","Vajra","Toxic Egg 2","Kunai","ImportantClient","ShadowXiaoBlade","relicPack:EdsArm","SynthV","Ancient Tea Set","Torii","Shuriken","SynthV:C4","Fusion Hammer","Old Coin","relicPack:WeightedSword","Oddly Smooth Stone","Meat on the Bone","relicPack:DSword","Orichalcum","REME_PuzzleBoxRelic"],"acts_visited":["Exordium","TheCity","TheBeyond","TheEnding"],"potions_floor_usage":[28,36,36,40,48,48],"damage_taken":[{"damage":0.0,"enemies":"Jaw Worm","floor":1.0,"turns":1.0},{"damage":25.0,"enemies":"3 Sentries","floor":6.0,"turns":5.0},{"damage":0.0,"enemies":"2 Louse","floor":8.0,"turns":1.0},{"damage":4.0,"enemies":"Small Slimes","floor":10.0,"turns":2.0},{"damage":8.0,"enemies":"Exordium Wildlife","floor":12.0,"turns":3.0},{"damage":3.0,"enemies":"Looter","floor":14.0,"turns":3.0},{"damage":6.0,"enemies":"Slime Boss","floor":16.0,"turns":8.0},{"damage":20.0,"enemies":"2 Thieves","floor":18.0,"turns":4.0},{"damage":15,"enemies":"Chosen","floor":21,"turns":3},{"damage":10,"enemies":"Sentry and Sphere","floor":22,"turns":4},{"damage":19,"enemies":"Centurion and Healer","floor":24,"turns":2},{"damage":12,"enemies":"Shelled Parasite and Fungi","floor":27,"turns":3},{"damage":6,"enemies":"Colosseum Slavers","floor":28,"turns":3},{"damage":2,"enemies":"Colosseum Nobs","floor":28,"turns":2},{"damage":4,"enemies":"Book of Stabbing","floor":29,"turns":3},{"damage":6,"enemies":"Cultist and Chosen","floor":31,"turns":2},{"damage":31,"enemies":"Champ","floor":33,"turns":6},{"damage":8,"enemies":"3 Shapes","floor":35,"turns":1},{"damage":4,"enemies":"Mind Bloom Boss Battle","floor":36,"turns":3},{"damage":7,"enemies":"3 Darklings","floor":37,"turns":1},{"damage":1,"enemies":"Reptomancer","floor":40,"turns":2},{"damage":9,"enemies":"Writhing Mass","floor":41,"turns":3},{"damage":0,"enemies":"Spire Growth","floor":44,"turns":1},{"damage":16,"enemies":"Maw","floor":47,"turns":3},{"damage":69,"enemies":"Maw","floor":48,"turns":7},{"damage":28,"enemies":"Awakened One","floor":50,"turns":6},{"damage":0,"enemies":"Shield and Spear","floor":54,"turns":5},{"damage":6,"enemies":"The Heart","floor":55,"turns":4}],"seed_played":"2549511156844883230","potions_obtained":[{"floor":8.0,"key":"RedTea"},{"floor":10.0,"key":"Fire Potion"},{"floor":12.0,"key":"DistilledChaos"},{"floor":14.0,"key":"AttackPotion"},{"floor":22,"key":"LiquidMemories"},{"floor":24,"key":"ColorlessPotion"},{"floor":29,"key":"UndeadPotion"},{"floor":35,"key":"Block Potion"},{"floor":37,"key":"Regen Potion"},{"floor":41,"key":"Explosive Potion"}],"is_trial":false,"path_per_floor":["M","?","$","?","?","E","?","M","T","M","R","M","T","M","R","B",null,"M","?","$","M","M","R","M","R","T","M","?","E","?","M","R","B",null,"M","?","M","$","?","E","M","?","T","M","?","R","M","?","R","B",null,"R","$","E","B",null],"character_chosen":"RemiriaScarlet","items_purchased":["NitorisBag","SynthV","PartStrengthen","BloodSurge+1","relicPack:WeightedSword","Oddly Smooth Stone","BlessingOfTheForge","Panacea+1","RedtheNightlessCastle","Chrysalis+1"],"campfire_rested":4,"item_purchase_floors":[3,20,20,38,38,38,38,38,53,53],"current_hp_per_floor":[100,100,100,100,100,75,75,75,75,71,71,63,63,60,60,54,100,80,80,80,65,55,55,36,64,64,52,44,43,43,41,69,51,95,87,83,76,76,76,80,82,47,47,59,105,105,96,105,105,77,105,105,105,105,102],"gold":55,"neow_bonus":"THREE_ENEMY_KILL","is_daily":false,"chose_seed":false,"campfire_upgraded":3,"win_rate":0.0,"timestamp":1608368202,"path_taken":["M","?","$","?","?","E","?","?","T","M","R","M","?","M","R","BOSS","M","?","$","M","M","R","M","R","T","M","?","E","?","?","R","BOSS","M","?","M","$","?","E","M","?","T","M","?","R","?","?","R","BOSS","R","$","E","BOSS"],"items_purchased_type":["Relic","Relic","Card","Card","Relic","Relic","Potion","Card","Card","Card"],"build_version":"2020-12-13","purchased_purges":2,"victory":true,"max_hp_per_floor":[100,100,100,100,100,100,100,100,100,100,100,100,100,100,100,100,100,100,95,95,95,95,95,95,95,95,95,95,95,95,95,95,95,95,95,95,95,95,95,95,95,95,95,95,105,105,105,105,105,105,105,105,105,105,105],"card_choices":[{"not_picked":["ThirstForBlood","TrickFate"],"picked":"ServantFlier","floor":1.0},{"not_picked":["BodyStrengthen+1","ServantFlier+1","Impregnable+1"],"picked":"Warpath+1","floor":6.0},{"not_picked":["PartStrengthen","DamonLordCradle_Remiria+1","DemonsDinnerFork_Remiria+1"],"picked":"TricksterDevil+1","floor":8.0},{"not_picked":["Culling","FastHealing+1","PainBurst"],"picked":"DemonLordWalk","floor":10.0},{"not_picked":["FateEnsemble+1","YoungDemonLord+1","DemonLordWalk"],"picked":"HeartBreak_Remiria","floor":12.0},{"not_picked":["DamonLordCradle_Remiria+1","TricksterDevil+1","BloodySuit+1"],"picked":"Paradox+1","floor":14.0},{"not_picked":["BloodCoagulation","RemiliaStalker","RemiliaStretch_Remiria"],"picked":"ScarletDestiny+1","floor":16.0},{"not_picked":["FateMeister+1","DoubleEdge+1","BloodPact+1"],"picked":"NightDance+1","floor":18.0},{"not_picked":["TricksterDevil+1","DamonLordCradle_Remiria+1","BloodCollect+1"],"picked":"LifeBreak+1","floor":21},{"not_picked":["TricksterDevil+1","FateMeister","BloodCleaner","Cripple"],"picked":"SKIP","floor":22},{"not_picked":["PartStrengthen+1","Cripple+1","DamonLordCradle_Remiria+1"],"picked":"Paradox+1","floor":24},{"not_picked":["FastHealing+1","StigmaNizer","Culling"],"picked":"VampireClaw+1","floor":27},{"not_picked":["Warpath+1","PartStrengthen+1","VampirishNight"],"picked":"YoungDemonLord+1","floor":28},{"not_picked":["ScarletDestiny+1","Cripple+1","LifeBreak"],"picked":"Warpath+1","floor":29},{"not_picked":["Paradox+1","FastHealing+1","BloodCollect+1"],"picked":"TricksterDevil+1","floor":31},{"not_picked":["FateConcerto+1","RemiliaStretch_Remiria","Reaper_Remiria"],"picked":"BadLadyScramble+1","floor":33},{"not_picked":["Warpath+1","TricksterDevil+1","Cripple+1","DoubleEdge"],"picked":"SKIP","floor":35},{"not_picked":["YoungDemonLord+1","RocketKickup+1","BloodyMagicSquare+1"],"picked":"SeparateFleshBlood","floor":36},{"not_picked":["FierceSweep+1","Feint","YoungDemonLord+1","Exsanguinate+1"],"picked":"SKIP","floor":37},{"not_picked":["Feint+1","BathedInBlood+1","TricksterDevil+1"],"picked":"Tepes","floor":40},{"not_picked":["ThePrice+1","FateEnsemble+1","BloodyMagicSquare+1"],"picked":"BloodSurge+1","floor":41},{"not_picked":["RocketKickup","StigmaNizer","BloodyMagicSquare+1"],"picked":"Tearing+1","floor":44},{"not_picked":["Cripple","HeartBreak_Remiria","DamonLordCradle_Remiria+1","Offensive"],"picked":"SKIP","floor":47},{"not_picked":["PartStrengthen+1","BloodCleaner","DemonsDinnerFork_Remiria+1"],"picked":"ScarletNetherworld+1","floor":48},{"not_picked":["AllTheWorldInNightmare+1","RocketKickup","FateCollect+1"],"picked":"CurseofVladTepes+1","floor":54}],"player_experience":22172,"relics_obtained":[{"floor":1.0,"key":"Question Card"},{"floor":6.0,"key":"Toxic Egg 2"},{"floor":9.0,"key":"Kunai"},{"floor":16.0,"key":"ImportantClient"},{"floor":26,"key":"Ancient Tea Set"},{"floor":28,"key":"Torii"},{"floor":28,"key":"Shuriken"},{"floor":29,"key":"SynthV:C4"},{"floor":36,"key":"Old Coin"},{"floor":40,"key":"Meat on the Bone"},{"floor":43,"key":"Orichalcum"},{"floor":54,"key":"REME_PuzzleBoxRelic"}],"event_choices":[{"damage_healed":0.0,"max_hp_gain":0.0,"max_hp_loss":0.0,"gold_gain":0.0,"cards_transformed":["Strike_Remiria"],"event_name":"Living Wall","player_choice":"Change","floor":2.0,"gold_loss":0.0,"damage_taken":0.0,"cards_obtained":["BathedInBlood"]},{"damage_healed":0.0,"max_hp_gain":0.0,"max_hp_loss":0.0,"gold_gain":0.0,"event_name":"Liars Game","player_choice":"Ignored","floor":7.0,"gold_loss":0.0,"damage_taken":0.0},{"damage_healed":0,"gold_gain":0,"player_choice":"Fight","damage_taken":0,"max_hp_gain":0,"max_hp_loss":0,"event_name":"Colosseum","floor":28,"gold_loss":0},{"damage_healed":0,"gold_gain":0,"player_choice":"Fought Nobs","damage_taken":0,"max_hp_gain":0,"max_hp_loss":0,"event_name":"Colosseum","floor":28,"gold_loss":0},{"damage_healed":0,"gold_gain":0,"player_choice":"Upgraded Two","damage_taken":0,"max_hp_gain":0,"max_hp_loss":0,"event_name":"Designer","floor":30,"gold_loss":40,"cards_upgraded":["Absorbed","DemonLordWalk"]},{"damage_healed":0,"gold_gain":0,"player_choice":"Fight","damage_taken":0,"max_hp_gain":0,"max_hp_loss":0,"event_name":"MindBloom","floor":36,"gold_loss":0},{"cards_removed":["Warpath"],"damage_healed":0,"gold_gain":0,"player_choice":"Removed Skill","damage_taken":0,"max_hp_gain":0,"max_hp_loss":0,"event_name":"Falling","floor":39,"gold_loss":0},{"cards_removed":["Brilliance"],"damage_healed":36,"gold_gain":0,"player_choice":"Offered Rare","damage_taken":0,"max_hp_gain":10,"max_hp_loss":0,"event_name":"Bonfire Elementals","floor":45,"gold_loss":0}],"is_beta":false,"boss_relics":[{"not_picked":["SlaversCollar","vexMod:ImprovementManual"],"picked":"ShadowXiaoBlade"},{"not_picked":["OneHitWonderSystem","BloodWine"],"picked":"Fusion Hammer"}],"items_purged_floors":[20,38],"is_endless":false,"potions_floor_spawned":[8,10,12,14,22,24,28,29,35,37,41,47],"ascension_level":0}}