{"host":"o0q01dgb4z8zpo6o","time":1608422195,"event":{"mods":["BaseMod","GifTheSpireLib","Minty Spire (QoL Compilation)","Relic Stats","StSLib"],"gold_per_floor":[109,109,120,120,45,72,72,84,84,102,136,155,155,174,174,247,247,260,274,46,46,56,56,88,98,98,98,117,117,151,166,166,245,245,263,263,276,286,286,286,312,312,312,312,346,366,366,76,76,76],"floor_reached":51,"playtime":3263,"items_purged":["Pain","Strike_B"],"score":1271,"play_id":"cb5041ab-0e31-468d-8dc2-950e7c86a28d","local_time":"20201219155635","is_ascension_mode":true,"campfire_choices":[{"data":"Coolheaded","floor":7.0,"key":"SMITH"},{"data":"Darkness","floor":13.0,"key":"SMITH"},{"data":"Dualcast","floor":15.0,"key":"SMITH"},{"data":"Seek","floor":23.0,"key":"SMITH"},{"data":"Multi-Cast","floor":29.0,"key":"SMITH"},{"data":"Capacitor","floor":32.0,"key":"SMITH"},{"data":"Defragment","floor":40.0,"key":"SMITH"},{"data":"Biased Cognition","floor":42,"key":"SMITH"},{"data":"Glacier","floor":44,"key":"SMITH"},{"data":"Blizzard","floor":47,"key":"SMITH"},{"data":"Zap","floor":49,"key":"SMITH"}],"circlet_count":0,"master_deck":["AscendersBane","Strike_B","Strike_B","Defend_B","Defend_B","Defend_B","Defend_B","Zap+1","Dualcast+1","Rebound","Coolheaded+1","Leap","Conserve Battery","Doom and Gloom","Darkness+1","Compile Driver","Multi-Cast+1","Seek+1","Hologram","Self Repair","Glacier+1","Self Repair","Sweeping Beam+1","Capacitor+1","Biased Cognition+1","Defragment+1","Core Surge","Glacier+1","Blizzard+1"],"relics":["Cracked Core","NeowsBlessing","WarpedTongs","StrikeDummy","Blue Candle","Gremlin Horn","Coffee Dripper","ClockworkSouvenir","Red Mask","FossilizedHelix","Omamori","Runic Pyramid","The Courier","Blood Vial","Boot","Meat on the Bone"],"acts_visited":["Exordium","TheCity","TheBeyond"],"potions_floor_usage":[50,50],"damage_taken":[{"damage":0.0,"enemies":"Jaw Worm","floor":1.0,"turns":1.0},{"damage":0.0,"enemies":"Cultist","floor":3.0,"turns":1.0},{"damage":0.0,"enemies":"Gremlin Nob","floor":6.0,"turns":1.0},{"damage":0.0,"enemies":"2 Louse","floor":8.0,"turns":2.0},{"damage":3.0,"enemies":"Red Slaver","floor":10.0,"turns":3.0},{"damage":1.0,"enemies":"Lagavulin","floor":11.0,"turns":7.0},{"damage":7.0,"enemies":"3 Louse","floor":12.0,"turns":2.0},{"damage":24.0,"enemies":"Exordium Thugs","floor":14.0,"turns":4.0},{"damage":27.0,"enemies":"The Guardian","floor":16.0,"turns":6.0},{"damage":8.0,"enemies":"Chosen","floor":18.0,"turns":5.0},{"damage":6.0,"enemies":"2 Thieves","floor":19.0,"turns":4.0},{"damage":11.0,"enemies":"Centurion and Healer","floor":22.0,"turns":8.0},{"damage":8.0,"enemies":"Masked Bandits","floor":24.0,"turns":3.0},{"damage":13.0,"enemies":"Cultist and Chosen","floor":25.0,"turns":5.0},{"damage":4.0,"enemies":"Snecko","floor":28.0,"turns":4.0},{"damage":10.0,"enemies":"Slavers","floor":30.0,"turns":4.0},{"damage":16.0,"enemies":"Centurion and Healer","floor":31.0,"turns":7.0},{"damage":14.0,"enemies":"Collector","floor":33.0,"turns":5.0},{"damage":0.0,"enemies":"Orb Walker","floor":35.0,"turns":4.0},{"damage":9.0,"enemies":"3 Shapes","floor":37.0,"turns":5.0},{"damage":0.0,"enemies":"Spire Growth","floor":38.0,"turns":5.0},{"damage":9,"enemies":"Nemesis","floor":41,"turns":5},{"damage":50,"enemies":"Reptomancer","floor":45,"turns":8},{"damage":1,"enemies":"Jaw Worm Horde","floor":46,"turns":8},{"damage":18,"enemies":"Donu and Deca","floor":50,"turns":13}],"seed_played":"56922535647920361","potions_obtained":[{"floor":3.0,"key":"DistilledChaos"},{"floor":4.0,"key":"Swift Potion"},{"floor":12.0,"key":"PotionOfCapacity"},{"floor":18.0,"key":"BlessingOfTheForge"},{"floor":25.0,"key":"BlessingOfTheForge"},{"floor":30.0,"key":"EssenceOfDarkness"},{"floor":37.0,"key":"Swift Potion"},{"floor":45,"key":"BlessingOfTheForge"}],"is_trial":false,"path_per_floor":["M","?","M","?","$","E","R","M","T","M","E","M","R","M","R","B",null,"M","M","$","?","M","R","?","M","T","?","M","R","E","M","R","B",null,"M","?","M","M","?","R","E","R","T","R","E","M","R","$","R","B",null],"character_chosen":"DEFECT","items_purchased":["ClockworkSouvenir","Self Repair","Meat on the Bone"],"campfire_rested":0,"item_purchase_floors":[20,20,48],"current_hp_per_floor":[64,64,64,64,64,64,64,64,64,61,60,53,53,29,29,2,54,46,40,40,40,36,36,42,43,43,43,56,56,60,61,61,61,69,71,71,71,71,71,71,71,71,71,71,35,56,56,56,56,60],"gold":76,"neow_bonus":"THREE_ENEMY_KILL","is_daily":false,"chose_seed":false,"campfire_upgraded":11,"win_rate":0.0,"timestamp":1608422195,"path_taken":["M","?","?","?","$","E","R","M","T","?","E","M","R","M","R","BOSS","M","M","$","?","M","R","?","?","T","?","M","R","E","M","R","BOSS","M","?","?","M","?","R","E","R","T","R","E","M","R","?","R","BOSS"],"items_purchased_type":["Relic","Card","Relic"],"build_version":"2020-12-13","purchased_purges":2,"victory":true,"max_hp_per_floor":[71,71,71,71,71,71,71,71,71,71,71,71,71,71,71,71,71,71,71,71,71,71,71,71,71,71,71,71,71,71,71,71,71,71,71,71,71,71,71,71,71,71,71,71,71,71,71,71,71,71],"relic_stats":{"Blood Vial":4,"Gremlin Horn":[18,20],"counters":[25,120],"Blue Candle":[0],"Boot":[6],"obtain_stats":[{"NeowsBlessing":0,"Gremlin Horn":11,"Blue Candle":9,"The Courier":41,"Omamori":30,"Boot":45,"WarpedTongs":2,"ClockworkSouvenir":20,"Blood Vial":43,"Coffee Dripper":17,"Red Mask":24,"Cracked Core":0,"StrikeDummy":6,"FossilizedHelix":26,"Runic Pyramid":34,"Meat on the Bone":48},{"NeowsBlessing":0,"Gremlin Horn":6,"Blue Candle":4,"The Courier":22,"Omamori":16,"Boot":23,"WarpedTongs":1,"ClockworkSouvenir":11,"Blood Vial":22,"Coffee Dripper":9,"Red Mask":13,"Cracked Core":0,"StrikeDummy":3,"FossilizedHelix":14,"Runic Pyramid":18,"Meat on the Bone":24},{"NeowsBlessing":0,"Gremlin Horn":15,"Blue Candle":5,"The Courier":91,"Omamori":60,"Boot":99,"WarpedTongs":1,"ClockworkSouvenir":36,"Blood Vial":91,"Coffee Dripper":27,"Red Mask":47,"Cracked Core":0,"StrikeDummy":3,"FossilizedHelix":52,"Runic Pyramid":72,"Meat on the Bone":107}],"WarpedTongs":[113],"Meat on the Bone":0},"card_choices":[{"not_picked":["Coolheaded","Go for the Eyes"],"picked":"Rebound","floor":1.0},{"not_picked":["Amplify","Gash"],"picked":"Coolheaded","floor":3.0},{"not_picked":["Compile Driver","Double Energy"],"picked":"Leap","floor":6.0},{"not_picked":["Rebound","Skim"],"picked":"Conserve Battery","floor":8.0},{"not_picked":["Steam","Steam Power"],"picked":"Doom and Gloom","floor":10.0},{"not_picked":["Undo","Tempest"],"picked":"Darkness","floor":11.0},{"not_picked":["Scrape","Beam Cell"],"picked":"Compile Driver","floor":12.0},{"not_picked":["Turbo","Doom and Gloom"],"picked":"Multi-Cast","floor":14.0},{"not_picked":["Fission","Machine Learning"],"picked":"Seek","floor":16.0},{"not_picked":["Leap","Go for the Eyes","Gash"],"picked":"SKIP","floor":18.0},{"not_picked":["Tempest","Static Discharge"],"picked":"Hologram","floor":19.0},{"not_picked":["Go for the Eyes","Rip and Tear"],"picked":"Self Repair","floor":22.0},{"not_picked":["Hologram","Melter"],"picked":"Sweeping Beam+1","floor":25.0},{"not_picked":["Conserve Battery+1","Streamline+1","Leap"],"picked":"SKIP","floor":28.0},{"not_picked":["Turbo","Barrage"],"picked":"Capacitor","floor":30.0},{"not_picked":["Force Field","Reinforced Body","Streamline"],"picked":"SKIP","floor":31.0},{"not_picked":["Rainbow","Creative AI"],"picked":"Biased Cognition","floor":33.0},{"not_picked":["Gash+1","Sweeping Beam","Stack"],"picked":"SKIP","floor":35.0},{"not_picked":["Skim","Barrage","Redo"],"picked":"SKIP","floor":37.0},{"not_picked":["Skim","Barrage","Redo"],"picked":"SKIP","floor":37.0},{"not_picked":["Beam Cell","Steam"],"picked":"Defragment","floor":38.0},{"not_picked":["FTL","Reprogram"],"picked":"Core Surge","floor":41},{"not_picked":["Genetic Algorithm","Redo"],"picked":"Glacier+1","floor":45},{"not_picked":["Ball Lightning","Skim"],"picked":"Blizzard","floor":46}],"player_experience":1016603,"relics_obtained":[{"floor":6.0,"key":"StrikeDummy"},{"floor":9.0,"key":"Blue Candle"},{"floor":11.0,"key":"Gremlin Horn"},{"floor":24.0,"key":"Red Mask"},{"floor":26.0,"key":"FossilizedHelix"},{"floor":30.0,"key":"Omamori"},{"floor":41,"key":"The Courier"},{"floor":43,"key":"Blood Vial"},{"floor":45,"key":"Boot"}],"event_choices":[{"damage_healed":0.0,"max_hp_gain":0.0,"max_hp_loss":0.0,"gold_gain":0.0,"event_name":"Accursed Blacksmith","player_choice":"Rummage","floor":2.0,"gold_loss":0.0,"damage_taken":0.0,"relics_obtained":["WarpedTongs"],"cards_obtained":["Pain"]},{"damage_healed":0.0,"max_hp_gain":0.0,"max_hp_loss":0.0,"gold_gain":0.0,"event_name":"Lab","player_choice":"Got Potions","floor":4.0,"gold_loss":0.0,"damage_taken":0.0},{"damage_healed":0.0,"max_hp_gain":0.0,"max_hp_loss":0.0,"gold_gain":0.0,"event_name":"The Library","player_choice":"Read","floor":21.0,"gold_loss":0.0,"damage_taken":0.0,"cards_obtained":["Glacier"]},{"damage_healed":0.0,"max_hp_gain":0.0,"max_hp_loss":0.0,"gold_gain":0.0,"event_name":"Masked Bandits","player_choice":"Fought Bandits","floor":24.0,"gold_loss":0.0,"damage_taken":0.0},{"damage_healed":0.0,"max_hp_gain":0.0,"max_hp_loss":0.0,"gold_gain":0.0,"event_name":"The Mausoleum","player_choice":"Ignored","floor":27.0,"gold_loss":0.0,"damage_taken":0.0},{"cards_removed":["Strike_B"],"damage_healed":0.0,"max_hp_gain":0.0,"max_hp_loss":0.0,"gold_gain":0.0,"event_name":"Purifier","player_choice":"Purged","floor":36.0,"gold_loss":0.0,"damage_taken":0.0},{"damage_healed":0.0,"max_hp_gain":0.0,"max_hp_loss":0.0,"gold_gain":0.0,"event_name":"Mysterious Sphere","player_choice":"Ignored","floor":39.0,"gold_loss":0.0,"damage_taken":0.0}],"is_beta":false,"boss_relics":[{"not_picked":["Cursed Key","Busted Crown"],"picked":"Coffee Dripper"},{"not_picked":["Inserter","Runic Dome"],"picked":"Runic Pyramid"}],"items_purged_floors":[5,48],"is_endless":false,"potions_floor_spawned":[3,11,12,18,25,30,37,45],"ascension_level":15}}