{"host":"xln8clu5n7caxmc3","time":1608409631,"event":{"mods":["AchievementEnabler","BaseMod","Better Altar","Better Match","Better Note","Better Sensory Stone","Better Skull","Better Third Choice","BetterRewards","Colored Map","Colored Powertips","Downfall","Hubris","Infinite Spire","Minty Spire (QoL Compilation)","Quick Restart","Replay The Spire","StSLib","The Jungle"],"gold_per_floor":[110,110,110,130,130,130,146,181,192,192,261,14,14,49,49,80,80,90,90],"floor_reached":18,"playtime":2468,"items_purged":["Strike_G"],"score":134,"play_id":"73d4a2b6-a5a8-4146-b17b-c50ad0fcece1","local_time":"20201219212711","is_ascension_mode":true,"campfire_choices":[{"floor":10,"key":"RECALL"},{"floor":13,"key":"REST"}],"circlet_count":0,"master_deck":["Strike_G","Strike_G","Defend_G","Defend_G","Defend_G","Defend_G","Defend_G","Survivor","Neutralize","Underhanded Strike","hubris:Sniper","Blade Dance","Sucker Punch","hubris:Counter","Hidden Blade","Blade Dance","Dagger Throw","Footwork","Fluid Movement","Atom Bomb","Noxious Fumes","hubris:TrickCloak"],"relics":["Ring of the Snake","hubris:Towel","hubris:TenFootPole","infinitespire:Midas Blood","Regal Pillow"],"acts_visited":["Exordium"],"potions_floor_usage":[],"damage_taken":[{"damage":0,"enemies":"2 Louse","floor":1,"turns":3},{"damage":0,"enemies":"Small Slimes","floor":4,"turns":5},{"damage":0,"enemies":"Cultist","floor":7,"turns":3},{"damage":51,"enemies":"3 Sentries","floor":8,"turns":13},{"damage":0,"enemies":"Blue Slaver","floor":9,"turns":4},{"damage":16,"enemies":"Gremlin Nob","floor":14,"turns":4},{"damage":11,"enemies":"Lagavulin","floor":16,"turns":8},{"damage":23,"enemies":"The Guardian","floor":18,"turns":11}],"seed_played":"8943490461489397777","potions_obtained":[{"floor":1,"key":"Elixir"},{"floor":8,"key":"Elixir"}],"is_trial":false,"path_per_floor":["M","?","?","M","PTL","PTL","M","E","M","R","T","$","R","E","?","E","R_BF","B"],"character_chosen":"THE_SILENT","items_purchased":["Underhanded Strike","Blade Dance","Dagger Throw","Footwork"],"campfire_rested":1,"item_purchase_floors":[0,12,12,12],"current_hp_per_floor":[70,70,75,75,75,75,75,24,24,24,24,24,46,30,30,19,19,0,0],"gold":90,"neow_bonus":"","is_daily":false,"chose_seed":false,"campfire_upgraded":0,"win_rate":0.0,"timestamp":1608409631,"path_taken":["M","?","?","M","PTL","PTL","M","E","M","R","T","$","R","E","?","E","R_BF","BOSS"],"items_purchased_type":["Card","Card","Card","Card"],"build_version":"2020-12-13","purchased_purges":1,"victory":false,"max_hp_per_floor":[70,70,75,75,75,75,75,75,75,75,75,75,75,75,75,75,75,75,75],"card_choices":[{"not_picked":["Sneak Up","Skewer"],"picked":"hubris:Sniper","floor":1},{"not_picked":["Leg Sweep","Outmaneuver"],"picked":"Blade Dance","floor":4},{"not_picked":["Deflect","Dagger Spray"],"picked":"Sucker Punch","floor":7},{"not_picked":["Catalyst","Reflex"],"picked":"hubris:Counter","floor":8},{"not_picked":["Underhanded Strike","Deflect"],"picked":"Hidden Blade","floor":9},{"not_picked":["Reflex","Tactician"],"picked":"Fluid Movement","floor":14},{"not_picked":["Terror","Expertise"],"picked":"Noxious Fumes","floor":16}],"player_experience":89615,"relics_obtained":[{"floor":8,"key":"hubris:TenFootPole"},{"floor":14,"key":"infinitespire:Midas Blood"},{"floor":16,"key":"Regal Pillow"}],"event_choices":[{"damage_healed":0,"gold_gain":0,"player_choice":"Donut","damage_taken":0,"max_hp_gain":5,"max_hp_loss":0,"event_name":"Big Fish","floor":3,"gold_loss":0},{"damage_healed":0,"gold_gain":0,"cards_transformed":["Strike_G"],"player_choice":"Transformed","damage_taken":0,"max_hp_gain":0,"max_hp_loss":0,"event_name":"Transmorgrifier","floor":15,"gold_loss":0,"cards_obtained":["Atom Bomb"]}],"is_beta":false,"boss_relics":[],"items_purged_floors":[12],"is_endless":false,"potions_floor_spawned":[1,8],"killed_by":"The Guardian","ascension_level":1}}