{"host":"i3w38rq1z4slkels","time":1608391090,"event":{"mods":["2.2 Compatiblity","Act Like it!","BaseMod","Better Match","Better Vampires","BetterRewards","Conspire","Downfall","Minty Spire (QoL Compilation)","Rare Cards Sparkle","Replay The Spire","StSLib"],"gold_per_floor":[99,91,16,43,43,72,72,98,23,23,51,114,183,101,118,118,118],"floor_reached":16,"playtime":655,"items_purged":["hexamod:Strike"],"score":180,"play_id":"413f78f8-bf05-45bf-9e70-021d2d382c6f","local_time":"20201219221810","is_ascension_mode":true,"campfire_choices":[{"floor":1,"key":"RECALL"},{"data":"hexamod:Sear","floor":3,"key":"SMITH"},{"data":"hexamod:Defend","floor":9,"key":"SMITH"}],"circlet_count":0,"master_deck":["hexamod:Strike","hexamod:Strike","hexamod:Strike","hexamod:Defend+1","hexamod:Defend","hexamod:Defend","hexamod:Defend","hexamod:Sear+1","hexamod:Float","hexamod:SecondSeal","hexamod:FirstSeal","hexamod:ExtraCrispy","hexamod:FlamesFromBeyond","hexamod:BurningTouch","hexamod:UnleashSpirits","hexamod:NightmareGuise"],"relics":["hexamod:SpiritBrand","downfall:HeartsMalice","downfall:HeartBlessingRed","StrikeDummy","Replay:Bottled Steam","Snack Pack","downfall:HeartBlessingGreen","Shuriken","Bag of Marbles"],"acts_visited":["Exordium"],"potions_floor_usage":[16,16],"damage_taken":[{"damage":0,"enemies":"Lagavulin","floor":4,"turns":1},{"damage":0,"enemies":"2 Louse","floor":5,"turns":1},{"damage":0,"enemies":"Gremlin Nob","floor":6,"turns":1},{"damage":17,"enemies":"3 Sentries","floor":8,"turns":7},{"damage":0,"enemies":"Jaw Worm","floor":11,"turns":3},{"damage":19,"enemies":"Lagavulin Event","floor":12,"turns":4},{"damage":0,"enemies":"downfall:FleeingMerchant","floor":14,"turns":4},{"damage":0,"enemies":"Small Slimes","floor":15,"turns":2},{"damage":57,"enemies":"downfall:Defect","floor":16,"turns":6}],"seed_played":"2131518349279879167","potions_obtained":[{"floor":6,"key":"Reflective Coating"},{"floor":12,"key":"DistilledChaos"},{"floor":13,"key":"Toxic Potion"}],"is_trial":false,"path_per_floor":["R","?","R","E","M","E","T","E","R","?","M","?","?","$","M","B"],"character_chosen":"THE_SPIRIT","items_purchased":[],"campfire_rested":0,"item_purchase_floors":[],"current_hp_per_floor":[70,70,70,70,70,70,70,53,53,53,55,45,45,52,52,0,0],"gold":118,"neow_bonus":"THREE_ENEMY_KILL","is_daily":false,"chose_seed":false,"campfire_upgraded":2,"win_rate":0.0,"timestamp":1608391090,"path_taken":["R","?","R","E","M","E","T","E","R","?","M","?","?","?","M","BOSS"],"items_purchased_type":[],"build_version":"2020-12-13","purchased_purges":1,"victory":false,"max_hp_per_floor":[70,70,70,70,70,70,70,70,70,70,70,70,70,70,70,70,70],"card_choices":[{"not_picked":["hexamod:GhostLash","hexamod:SkipABeat","hexamod:EtherealExpedition"],"picked":"SKIP","floor":4},{"not_picked":["hexamod:NightmareStrike","hexamod:EmpoweredFlame","hexamod:SecondSeal"],"picked":"SKIP","floor":5},{"not_picked":["hexamod:EtherealExpedition","hexamod:PhantomCloak","hexamod:AdvancingGuard"],"picked":"SKIP","floor":6},{"not_picked":["hexamod:ThirdSeal","hexamod:FourthSeal"],"picked":"hexamod:FirstSeal","floor":8},{"not_picked":["hexamod:GhostShield","hexamod:EtherealExpedition","hexamod:BacktrackSmack"],"picked":"SKIP","floor":11},{"not_picked":["hexamod:BacktrackSmack","hexamod:HauntingEcho"],"picked":"hexamod:ExtraCrispy","floor":12},{"not_picked":["hexamod:AdvancingGuard","hexamod:SwordOfDarkness"],"picked":"hexamod:FlamesFromBeyond","floor":13},{"not_picked":["hexamod:HeatShield","hexamod:AdvancingGuard"],"picked":"hexamod:BurningTouch","floor":13},{"not_picked":["hexamod:SpectersWail","hexamod:GhostLash"],"picked":"hexamod:UnleashSpirits","floor":14},{"not_picked":["hexamod:Firestarter","hexamod:FastForward"],"picked":"hexamod:NightmareGuise","floor":15}],"player_experience":442800,"relics_obtained":[{"floor":4,"key":"StrikeDummy"},{"floor":6,"key":"Replay:Bottled Steam"},{"floor":8,"key":"Snack Pack"},{"floor":12,"key":"Shuriken"},{"floor":13,"key":"Bag of Marbles"}],"event_choices":[{"damage_healed":0,"gold_gain":0,"player_choice":"Leave","damage_taken":0,"max_hp_gain":0,"max_hp_loss":0,"event_name":"conspire:Investor","floor":10,"gold_loss":0}],"is_beta":false,"boss_relics":[],"items_purged_floors":[14],"is_endless":false,"potions_floor_spawned":[6,12,15],"killed_by":"downfall:Defect","ascension_level":2}}