{"host":"rqd50iigewdjy74u","time":1608368683,"event":{"mods":["AchievementEnabler","BaseMod","BetterRewards","Custom Start","Minty Spire (QoL Compilation)","StSLib"],"gold_per_floor":[110,110,120,134,144,172,172,185,211,211,189,213,246,266,266,397,397,412,412,0,0,0,0,0],"floor_reached":23,"playtime":1484,"items_purged":[],"score":351,"play_id":"53c5b17b-bece-4efd-92e4-45fd5aceb33f","local_time":"20201219030443","is_ascension_mode":false,"campfire_choices":[{"data":"Perseverance","floor":7,"key":"SMITH"},{"data":"PathToVictory","floor":15,"key":"SMITH"}],"circlet_count":0,"master_deck":["Defend_P","Defend_P","Defend_P","Eruption","Vigilance","Perseverance+1","FearNoEvil","Indignation","EmptyFist","CutThroughFate","Halt","Halt","Swivel","FollowUp","PathToVictory+1","Judgement","WindmillStrike","Writhe","Study","Bite","Bite","Bite","Bite","Bite"],"relics":["PureWater","Oddly Smooth Stone","Golden Idol","Potion Belt","Runic Dome","Happy Flower","Membership Card","Mummified Hand","Kunai"],"acts_visited":["Exordium","TheCity"],"potions_floor_usage":[13,23,23],"damage_taken":[{"damage":0,"enemies":"Cultist","floor":1,"turns":2},{"damage":7,"enemies":"Small Slimes","floor":3,"turns":3},{"damage":6,"enemies":"Jaw Worm","floor":4,"turns":2},{"damage":18,"enemies":"2 Fungi Beasts","floor":5,"turns":2},{"damage":39,"enemies":"3 Sentries","floor":6,"turns":10},{"damage":1,"enemies":"Looter","floor":8,"turns":4},{"damage":0,"enemies":"Large Slime","floor":12,"turns":3},{"damage":0,"enemies":"Lagavulin","floor":13,"turns":5},{"damage":0,"enemies":"Blue Slaver","floor":14,"turns":3},{"damage":68,"enemies":"Slime Boss","floor":16,"turns":11},{"damage":14,"enemies":"Shell Parasite","floor":18,"turns":5},{"damage":90,"enemies":"Slavers","floor":23,"turns":4}],"seed_played":"178084492305090317","potions_obtained":[{"floor":1,"key":"FairyPotion"},{"floor":4,"key":"SpeedPotion"},{"floor":6,"key":"GamblersBrew"},{"floor":12,"key":"BottledMiracle"},{"floor":18,"key":"Weak Potion"}],"is_trial":false,"path_per_floor":["M","?","M","M","M","E","R","M","T","?","?","M","E","M","R","B",null,"M","?","$","?","?","E"],"character_chosen":"WATCHER","items_purchased":["Membership Card","Mummified Hand","Study","Kunai"],"campfire_rested":0,"item_purchase_floors":[20,20,20,20],"current_hp_per_floor":[72,72,65,59,41,2,2,1,1,1,1,3,5,7,7,2,67,53,53,53,53,53,0,0],"gold":0,"neow_bonus":"","is_daily":false,"chose_seed":false,"campfire_upgraded":2,"win_rate":0.0,"timestamp":1608368683,"path_taken":["M","?","M","M","M","E","R","?","T","?","?","M","E","M","R","BOSS","M","?","$","?","?","E"],"items_purchased_type":["Relic","Relic","Card","Relic"],"build_version":"2020-12-13","purchased_purges":0,"victory":false,"max_hp_per_floor":[72,72,72,72,72,72,72,72,72,67,67,67,67,67,67,67,67,67,67,67,67,67,67,67],"card_choices":[{"not_picked":["Fasting2","ThirdEye"],"picked":"Perseverance","floor":1},{"not_picked":["EmptyMind","ThirdEye"],"picked":"Indignation","floor":3},{"not_picked":["EmptyBody","Prostrate"],"picked":"EmptyFist","floor":4},{"not_picked":["DeceiveReality","Prostrate"],"picked":"CutThroughFate","floor":5},{"not_picked":["Vault","BattleHymn"],"picked":"Halt","floor":6},{"not_picked":["EmptyBody","CutThroughFate"],"picked":"Halt","floor":8},{"not_picked":["ClearTheMind","Evaluate"],"picked":"Swivel","floor":12},{"not_picked":["ClearTheMind","SandsOfTime"],"picked":"FollowUp","floor":13},{"not_picked":["CrushJoints","Protect"],"picked":"PathToVictory","floor":14},{"not_picked":["Vault","DevaForm"],"picked":"Judgement","floor":16},{"not_picked":["Protect+1","EmptyFist+1"],"picked":"WindmillStrike","floor":18}],"player_experience":60751,"relics_obtained":[{"floor":6,"key":"Oddly Smooth Stone"},{"floor":9,"key":"Blood Vial"},{"floor":13,"key":"Potion Belt"}],"event_choices":[{"damage_healed":0,"gold_gain":0,"cards_transformed":["Defend_P"],"player_choice":"Transformed","damage_taken":0,"max_hp_gain":0,"max_hp_loss":0,"event_name":"Transmorgrifier","floor":2,"gold_loss":0,"cards_obtained":["FearNoEvil"]},{"damage_healed":0,"gold_gain":0,"player_choice":"Lose Max HP","damage_taken":0,"relics_obtained":["Golden Idol"],"max_hp_gain":0,"max_hp_loss":5,"event_name":"Golden Idol","floor":10,"gold_loss":0},{"damage_healed":0,"gold_gain":0,"player_choice":"Left Gold","damage_taken":0,"max_hp_gain":0,"max_hp_loss":0,"event_name":"World of Goop","floor":11,"gold_loss":22},{"damage_healed":0,"gold_gain":0,"player_choice":"Opened","damage_taken":0,"relics_obtained":["Happy Flower"],"max_hp_gain":0,"max_hp_loss":0,"event_name":"The Mausoleum","floor":19,"gold_loss":0,"cards_obtained":["Writhe"]},{"damage_healed":0,"gold_gain":0,"player_choice":"Became a vampire (Vial)","damage_taken":0,"max_hp_gain":0,"max_hp_loss":0,"event_name":"Vampires","floor":21,"relics_lost":["Blood Vial"],"gold_loss":0,"cards_obtained":["Bite","Bite","Bite","Bite","Bite"]},{"damage_healed":0,"gold_gain":0,"player_choice":"Ignored","damage_taken":0,"max_hp_gain":0,"max_hp_loss":0,"event_name":"Ghosts","floor":22,"gold_loss":0}],"is_beta":false,"boss_relics":[{"not_picked":["Ectoplasm","Runic Pyramid"],"picked":"Runic Dome"}],"items_purged_floors":[],"is_endless":false,"potions_floor_spawned":[1,4,6,12,18],"killed_by":"Slavers","ascension_level":0}}