{"host":"6txiqg4kpf6cux77","time":1608410053,"event":{"mods":["AchievementEnabler","Act Like it!","BaseMod","Better Third Choice","BetterRewards","Colored Map","Colored Powertips","Friendly Minions","GifTheSpireLib","Hubris","Infinite Spire","Minty Spire (QoL Compilation)","Permanent Neow","Shop Mod","StSLib","Stuff the Spire","The Animator","The Jungle","The Servant 0.9.4","vexMod"],"gold_per_floor":[118,118,118,130,130,155,155,189,189,221,221,234,247,267,267,370,370,386,386,397,411,411,411,421,421,421,421,451,486,486,249,249,354,354,369,388,688,228,240,240,275,294,294,294,294,194,204,259,259,259],"floor_reached":51,"playtime":2892,"items_purged":["Defend_R","Defend_R","Strike_R","Defend_R","Defend_R"],"score":1111,"play_id":"7840ff04-4a22-4977-8844-8f4a7bcf64f6","local_time":"20201219223413","is_ascension_mode":true,"campfire_choices":[{"data":"Flex","floor":7,"key":"SMITH"},{"floor":15,"key":"RECALL"},{"floor":23,"key":"REST"},{"data":"hubris:SharpeningStone","floor":25,"key":"SMITH"},{"floor":32,"key":"REST"},{"data":"vexMod:StairwayStrike","floor":40,"key":"SMITH"},{"data":"hubris:ReadiedAction","floor":49,"key":"SMITH"}],"circlet_count":0,"master_deck":["Bash","Rage","Metallicize","Apotheosis+1","Flex+1","Barricade","hubris:ReadiedAction+1","Demon Form+1","hubris:SharpeningStone+1","infinitespire:Punishment","Heavy Blade","Bite","Bite","Bite","Bite","Bite","vexMod:StairwayStrike+1","Limit Break","Shrug It Off","Clash+1","Pommel Strike"],"relics":["Burning Blood","FossilizedHelix","MerchantsRug","hubris:Towel","hubris:MysteriousPyramids","hubris:OldNail","Paper Frog","StuffTheSpire:DarkSteelAnvil","infinitespire:Joker Card","Busted Crown","Black Star","Vajra","infinitespire:BottledMercury","hubris:TenFootPole","Red Mask","Coffee Dripper","hubris:Zylophone","infinitespire:Lucky Rock","vexMod:BarristanHead","Magic Flower","hubris:Icosahedron","StuffTheSpire:NeowsTribute"],"acts_visited":["Exordium","TheCity","TheBeyond"],"potions_floor_usage":[6,20,24,28,28,29,35,50],"damage_taken":[{"damage":0,"enemies":"Jaw Worm","floor":1,"turns":2},{"damage":0,"enemies":"Small Slimes","floor":4,"turns":3},{"damage":16,"enemies":"3 Sentries","floor":6,"turns":12},{"damage":0,"enemies":"Gremlin Nob","floor":8,"turns":4},{"damage":5,"enemies":"Lagavulin","floor":10,"turns":5},{"damage":0,"enemies":"2 Louse","floor":12,"turns":2},{"damage":0,"enemies":"2 Fungi Beasts","floor":13,"turns":3},{"damage":0,"enemies":"Gremlin Gang","floor":14,"turns":4},{"damage":3,"enemies":"The Guardian","floor":16,"turns":6},{"damage":25,"enemies":"2 Thieves","floor":18,"turns":4},{"damage":5,"enemies":"3 Byrds","floor":20,"turns":4},{"damage":32,"enemies":"Centurion and Healer","floor":21,"turns":4},{"damage":21,"enemies":"3 Cultists","floor":24,"turns":5},{"damage":18,"enemies":"Gremlin Leader","floor":28,"turns":4},{"damage":0,"enemies":"Masked Bandits","floor":29,"turns":2},{"damage":23,"enemies":"hubris:MusketHawk","floor":33,"turns":5},{"damage":22,"enemies":"3 Darklings","floor":35,"turns":4},{"damage":0,"enemies":"Orb Walker","floor":36,"turns":2},{"damage":0,"enemies":"Spire Growth","floor":39,"turns":2},{"damage":28,"enemies":"Nemesis","floor":41,"turns":5},{"damage":0,"enemies":"Maw","floor":42,"turns":4},{"damage":0,"enemies":"Writhing Mass","floor":47,"turns":1},{"damage":0,"enemies":"2 Orb Walkers","floor":48,"turns":2},{"damage":10,"enemies":"Time Eater","floor":50,"turns":3}],"seed_played":"-2910884183223118556","potions_obtained":[{"floor":4,"key":"SpeedPotion"},{"floor":8,"key":"Weak Potion"},{"floor":14,"key":"Dexterity Potion"},{"floor":16,"key":"SteroidPotion"},{"floor":18,"key":"LiquidMemories"},{"floor":22,"key":"PowerPotion"},{"floor":22,"key":"infinitespire:BlackPotion"},{"floor":22,"key":"SkillPotion"},{"floor":24,"key":"AttackPotion"},{"floor":29,"key":"SmokeBomb"},{"floor":33,"key":"Energy Potion"},{"floor":35,"key":"BloodPotion"},{"floor":39,"key":"SteroidPotion"},{"floor":47,"key":"BloodPotion"}],"is_trial":false,"path_per_floor":["M","?","?","M","?","E","R","E","T","E","?","M","M","M","R","B",null,"M","?","M","M","AVR","R","M","R","T","?","E","?","?","$","R","B",null,"M","M","?","$","M","R","E","M","T","?","?","NS","M","?","R","B",null],"character_chosen":"IRONCLAD","items_purchased":["MerchantsRug","vexMod:StairwayStrike","hubris:Zylophone"],"campfire_rested":2,"item_purchase_floors":[0,31,38],"current_hp_per_floor":[94,94,94,94,94,84,84,90,90,91,91,94,94,94,94,94,94,75,75,76,50,50,78,63,63,63,39,27,33,33,33,52,51,65,65,65,65,65,65,65,55,65,65,65,65,65,65,65,65,65],"gold":259,"neow_bonus":"","is_daily":false,"chose_seed":false,"campfire_upgraded":4,"win_rate":0.0,"timestamp":1608410053,"path_taken":["M","?","?","M","?","E","R","E","T","E","?","M","?","M","R","BOSS","M","?","M","M","AVR","R","?","R","T","?","E","?","?","?","R","BOSS","M","M","?","$","?","R","E","M","T","?","?","NS","M","?","R","BOSS"],"items_purchased_type":["Relic","Card","Relic"],"build_version":"2020-12-13","purchased_purges":5,"victory":true,"max_hp_per_floor":[94,94,94,94,94,94,94,94,94,94,94,94,94,94,94,94,94,94,94,94,94,94,94,94,94,94,94,94,94,65,65,65,65,65,65,65,65,65,65,65,65,65,65,65,65,65,65,65,65,65],"card_choices":[{"not_picked":["StuffTheSpire:Slingshot","Entrench"],"picked":"Rage","floor":1},{"not_picked":["StuffTheSpire:Slingshot","StuffTheSpire:TitanForm"],"picked":"Metallicize","floor":4},{"not_picked":["Armaments","Double Tap"],"picked":"Flex","floor":6},{"not_picked":["Dark Embrace","Entrench"],"picked":"Barricade","floor":8},{"not_picked":["Pommel Strike","StuffTheSpire:Slingshot","Searing Blow"],"picked":"SKIP","floor":10},{"not_picked":["Body Slam","True Grit"],"picked":"hubris:ReadiedAction","floor":12},{"not_picked":["Havoc","StuffTheSpire:Resist","Searing Blow"],"picked":"SKIP","floor":13},{"not_picked":["Reckless Charge","Havoc","Twin Strike"],"picked":"SKIP","floor":14},{"not_picked":["Impervious","hubris:StunningStrike"],"picked":"Demon Form","floor":16},{"not_picked":[],"picked":"Anger+1","floor":18},{"not_picked":["hubris:ReadiedAction"],"picked":"SKIP","floor":20},{"not_picked":["Reckless Charge+1"],"picked":"SKIP","floor":21},{"not_picked":[],"picked":"hubris:SharpeningStone","floor":24},{"not_picked":["infinitespire:Execution","hubris:InfiniteBlow"],"picked":"infinitespire:Punishment","floor":27},{"not_picked":["Exhume"],"picked":"SKIP","floor":28},{"not_picked":[],"picked":"Heavy Blade","floor":29},{"not_picked":[],"picked":"Limit Break","floor":33},{"not_picked":[],"picked":"Pommel Strike","floor":35},{"not_picked":[],"picked":"Shrug It Off","floor":36},{"not_picked":[],"picked":"Dual Wield+1","floor":39},{"not_picked":["Warcry"],"picked":"SKIP","floor":41},{"not_picked":["Clothesline"],"picked":"SKIP","floor":42},{"not_picked":[],"picked":"Clash+1","floor":47},{"not_picked":[],"picked":"Pommel Strike","floor":48}],"player_experience":183229,"relics_obtained":[{"floor":2,"key":"StuffTheSpire:Mouthbags"},{"floor":6,"key":"hubris:MysteriousPyramids"},{"floor":8,"key":"hubris:OldNail"},{"floor":9,"key":"Paper Frog"},{"floor":10,"key":"StuffTheSpire:DarkSteelAnvil"},{"floor":26,"key":"Vajra"},{"floor":28,"key":"infinitespire:BottledMercury"},{"floor":28,"key":"hubris:TenFootPole"},{"floor":29,"key":"Red Mask"},{"floor":41,"key":"infinitespire:Lucky Rock"},{"floor":41,"key":"vexMod:BarristanHead"},{"floor":43,"key":"Magic Flower"},{"floor":48,"key":"StuffTheSpire:NeowsTribute"}],"event_choices":[{"damage_healed":94,"gold_gain":0,"player_choice":"Embrace","damage_taken":0,"max_hp_gain":0,"max_hp_loss":94,"event_name":"betterThird:BetterShining","floor":5,"gold_loss":0},{"damage_healed":0,"gold_gain":0,"player_choice":"Gave Potion","damage_taken":0,"relics_obtained":["infinitespire:Joker Card"],"max_hp_gain":0,"max_hp_loss":0,"event_name":"WeMeetAgain","floor":11,"gold_loss":0},{"damage_healed":0,"gold_gain":0,"player_choice":"Upgraded","damage_taken":0,"max_hp_gain":0,"max_hp_loss":0,"event_name":"Upgrade Shrine","floor":19,"gold_loss":0,"cards_upgraded":["Demon Form"]},{"damage_healed":0,"gold_gain":0,"player_choice":"Fought Bandits","damage_taken":0,"max_hp_gain":0,"max_hp_loss":0,"event_name":"Masked Bandits","floor":29,"gold_loss":0},{"damage_healed":0,"gold_gain":0,"player_choice":"Became a vampire","damage_taken":0,"max_hp_gain":0,"max_hp_loss":29,"event_name":"Vampires","floor":30,"gold_loss":0,"cards_obtained":["Bite","Bite","Bite","Bite","Bite"]},{"damage_healed":0,"gold_gain":300,"player_choice":"Gold","damage_taken":0,"max_hp_gain":0,"max_hp_loss":0,"event_name":"Wheel of Change","floor":37,"gold_loss":0},{"cards_removed":["Pommel Strike"],"damage_healed":0,"gold_gain":0,"player_choice":"Removed Attack","damage_taken":0,"max_hp_gain":0,"max_hp_loss":0,"event_name":"Falling","floor":44,"gold_loss":0},{"damage_healed":0,"gold_gain":0,"player_choice":"Fight","damage_taken":0,"max_hp_gain":0,"max_hp_loss":0,"event_name":"Mysterious Sphere","floor":48,"gold_loss":0}],"is_beta":false,"boss_relics":[{"not_picked":["vexMod:MysteryBossChallenge","Velvet Choker"],"picked":"Busted Crown"},{"not_picked":["StuffTheSpire:ModemDavis","Pandora\u0027s Box"],"picked":"Coffee Dripper"}],"items_purged_floors":[0,0,22,31,38],"is_endless":false,"potions_floor_spawned":[4,8,14,16,18,24,29,33,35,39,47],"ascension_level":1}}