{"host":"rihxvzvzrfpivboj","time":1608418309,"event":{"mods":["Act Like it!","BaseMod","Better Third Choice","Block Reminder","Colored Map","Colored Powertips","Duelist Mod","Gensokyo","GifTheSpireLib","Googly Eyes","Keyboard Shortcuts","KomeijiMod","Minty Spire (QoL Compilation)","Quick Restart","Relic Sorter","StSLib","The Jungle","The Runesmith","Unceasing Turn Reminder","Waifu the Spire"],"gold_per_floor":[115,128,140,150,169,169,194,194,194,211,211,223,8,35,35,134,134,123,135,135,147,2,33,33,63,88,103,103,3,21,36,36,134,134,144,154,170,182,182,207,221,236,236,253,253,253,604,622,622,622,622],"floor_reached":50,"playtime":5185,"items_purged":["Pain","theDuelist:CurseArmaments"],"score":755,"play_id":"dad0ecdd-d7c0-47d8-8010-74fe7b77270d","local_time":"20201219235149","is_ascension_mode":false,"campfire_choices":[{"data":"Runesmith:Fortify","floor":6,"key":"SMITH"},{"data":"Runesmith:Permafrost","floor":8,"key":"SMITH"},{"data":"Runesmith:HeatedChisel","floor":15,"key":"SMITH"},{"data":"Runesmith:CraftMagma","floor":24,"key":"SMITH"},{"data":"Runesmith:FrozenChisel","floor":32,"key":"SMITH"},{"data":"Runesmith:CreatorForm","floor":45,"key":"SMITH"},{"floor":49,"key":"RECALL"}],"circlet_count":0,"master_deck":["Runesmith:Strike_RS","Runesmith:Strike_RS","Runesmith:Strike_RS","Runesmith:Defend_RS","Runesmith:Defend_RS","Runesmith:Defend_RS","Runesmith:Defend_RS","Runesmith:CraftFirestone+1","Runesmith:Fortify+1","Runesmith:EarthShield+1","Runesmith:CraftVitae","Runesmith:NanitesCloud","Runesmith:Permafrost+1","Runesmith:HeatedChisel+1","Runesmith:Fortify+1","Runesmith:FrozenChisel+1","Runesmith:ArcReactor","Runesmith:CraftMagma+1","Runesmith:HeatedChisel","Runesmith:GoWithTheFlow","VanishingEverything+1","Runesmith:NanitesCloud+1","Runesmith:Duplicate","Runesmith:HammerThrow","Runesmith:Retool+1","Runesmith:PoweredAnvil+1","Injury","Runesmith:CreatorForm+1","Runesmith:DuctTape"],"relics":["Runesmith:BrokenRuby","Regal Pillow","Kunai","MawBank","WarpedTongs","DollysMirror","Pear","Cursed Key","Lantern","Turnip","Ancient Tea Set","War Paint","Black Star","Mercury Hourglass","Akabeko","Old Coin"],"acts_visited":["Exordium","TheCity","TheBeyond"],"potions_floor_usage":[4,14,14,19,23,23,33,35,40,41,47,47,50],"damage_taken":[{"damage":0,"enemies":"Jaw Worm","floor":1,"turns":3},{"damage":0,"enemies":"Small Slimes","floor":2,"turns":4},{"damage":0,"enemies":"Cultist","floor":3,"turns":4},{"damage":5,"enemies":"Exordium Thugs","floor":4,"turns":7},{"damage":0,"enemies":"Large Slime","floor":5,"turns":9},{"damage":19,"enemies":"3 Sentries","floor":7,"turns":10},{"damage":0,"enemies":"Blue Slaver","floor":10,"turns":6},{"damage":0,"enemies":"Lagavulin","floor":14,"turns":6},{"damage":0,"enemies":"Hexaghost","floor":16,"turns":15},{"damage":0,"enemies":"2 Thieves","floor":18,"turns":4},{"damage":2,"enemies":"Chosen","floor":19,"turns":4},{"damage":13,"enemies":"3 Cultists","floor":21,"turns":6},{"damage":0,"enemies":"Gremlin Leader","floor":23,"turns":9},{"damage":22,"enemies":"Slavers","floor":25,"turns":8},{"damage":7,"enemies":"Centurion and Healer","floor":27,"turns":5},{"damage":0,"enemies":"Snake Plant","floor":30,"turns":5},{"damage":2,"enemies":"Chosen and Byrds","floor":31,"turns":6},{"damage":0,"enemies":"Champ","floor":33,"turns":10},{"damage":0,"enemies":"3 Shapes","floor":35,"turns":5},{"damage":2,"enemies":"Orb Walker","floor":36,"turns":4},{"damage":4,"enemies":"Jaw Worm Horde","floor":37,"turns":7},{"damage":1,"enemies":"Maw","floor":38,"turns":7},{"damage":0,"enemies":"Giant Head","floor":40,"turns":9},{"damage":1,"enemies":"3 Darklings","floor":41,"turns":7},{"damage":0,"enemies":"Transient","floor":42,"turns":5},{"damage":5,"enemies":"4 Shapes","floor":44,"turns":5},{"damage":17,"enemies":"2 Orb Walkers","floor":47,"turns":7},{"damage":47,"enemies":"3 Darklings","floor":48,"turns":7},{"damage":15,"enemies":"Awakened One","floor":50,"turns":3}],"seed_played":"666823169859044140","potions_obtained":[{"floor":2,"key":"Block Potion"},{"floor":4,"key":"LiquidMemories"},{"floor":5,"key":"GamblersBrew"},{"floor":10,"key":"Strength Potion"},{"floor":14,"key":"ColorlessPotion"},{"floor":18,"key":"DuplicationPotion"},{"floor":21,"key":"Dexterity Potion"},{"floor":25,"key":"Explosive Potion"},{"floor":27,"key":"PowerPotion"},{"floor":37,"key":"LiquidMemories"},{"floor":38,"key":"Fire Potion"},{"floor":44,"key":"RedTea"},{"floor":47,"key":"Fire Potion"},{"floor":48,"key":"Strength Potion"}],"is_trial":false,"path_per_floor":["M","M","M","M","M","R","E","R","T","M","?","?","$","E","R","B",null,"M","M","?","M","$","E","R","E","T","M","?","$","M","M","R","B",null,"M","M","M","M","?","E","M","M","T","M","R","?","?","M","R","B"],"character_chosen":"RUNESMITH_CLASS","items_purchased":["DollysMirror","Lantern"],"campfire_rested":0,"item_purchase_floors":[13,22],"current_hp_per_floor":[77,77,77,72,72,72,53,53,53,53,33,33,33,43,43,43,87,87,85,85,72,72,72,72,50,50,43,43,43,43,41,41,41,87,87,85,81,80,80,80,79,79,79,74,74,74,57,10,10,0,0],"gold":622,"neow_bonus":"TEN_PERCENT_HP_BONUS","is_daily":false,"chose_seed":false,"campfire_upgraded":6,"win_rate":0.0,"timestamp":1608418309,"path_taken":["M","M","M","M","M","R","E","R","T","M","?","?","$","E","R","BOSS","M","M","?","M","?","E","R","E","T","M","?","?","M","M","R","BOSS","M","M","M","M","?","E","?","M","T","M","R","?","?","M","R","BOSS"],"items_purchased_type":["Relic","Relic"],"build_version":"2020-12-13","purchased_purges":2,"victory":false,"max_hp_per_floor":[77,77,77,77,77,77,77,77,77,77,77,77,77,87,87,87,87,87,87,87,87,87,87,87,87,87,87,87,87,87,87,87,87,87,87,87,87,87,87,87,87,87,87,87,87,87,87,87,87,87,87],"card_choices":[{"not_picked":["Runesmith:MakeshiftArmor","Runesmith:Accelerate"],"picked":"Runesmith:EarthShield","floor":1},{"not_picked":["Runesmith:HeatExchange","Runesmith:CraftSpiculum","Runesmith:StaticCage"],"picked":"SKIP","floor":2},{"not_picked":["Runesmith:HammerTime","Runesmith:ShiftingStrike"],"picked":"Runesmith:CraftVitae","floor":3},{"not_picked":["Runesmith:ChiselStab","Runesmith:ChargedHammer"],"picked":"Runesmith:NanitesCloud","floor":4},{"not_picked":["Runesmith:Grindstone","Runesmith:ShiftingStrike","Runesmith:RuneHurl"],"picked":"SKIP","floor":5},{"not_picked":["Runesmith:EarthShield","Runesmith:EnergizedChisel"],"picked":"Runesmith:Permafrost","floor":7},{"not_picked":["Runesmith:Superposition","Runesmith:HeatExchange"],"picked":"Runesmith:HeatedChisel","floor":10},{"not_picked":["Runesmith:ChiselStab","Runesmith:MakeshiftArmor"],"picked":"Runesmith:FrozenChisel","floor":14},{"not_picked":["Runesmith:GrandSlam","Runesmith:GenerateForcefield"],"picked":"Runesmith:ArcReactor","floor":16},{"not_picked":["Runesmith:HeatedChisel","Runesmith:RuneHurl"],"picked":"Runesmith:CraftMagma","floor":18},{"not_picked":["Runesmith:BackupBattery","Runesmith:HammerAndChisel","Runesmith:EarthShield"],"picked":"SKIP","floor":19},{"not_picked":["Runesmith:Empowerment","Runesmith:CraftVitae","Runesmith:HammerThrow"],"picked":"SKIP","floor":21},{"not_picked":["Runesmith:EarthShield","Runesmith:Repurpose+1"],"picked":"Runesmith:HeatedChisel","floor":23},{"not_picked":["Runesmith:ChiselStab+1","Runesmith:CraftProtectio+1"],"picked":"Runesmith:GoWithTheFlow","floor":25},{"not_picked":["Runesmith:OneForEveryone","Runesmith:HeatedChisel","Runesmith:CraftSpiculum"],"picked":"SKIP","floor":27},{"not_picked":["Runesmith:ShiftingStrike","Runesmith:LastStand"],"picked":"Runesmith:NanitesCloud+1","floor":30},{"not_picked":["Runesmith:CraftReservo+1","Runesmith:FieryHammer","Runesmith:MakeshiftArmor"],"picked":"SKIP","floor":31},{"not_picked":["Runesmith:CraftPrismatica","Runesmith:MetallurgicalResearch"],"picked":"Runesmith:Duplicate","floor":33},{"not_picked":["Runesmith:ChiselStab","Runesmith:UnstableHammer+1","Runesmith:Augment"],"picked":"SKIP","floor":35},{"not_picked":["Runesmith:Malloc+1","Runesmith:Repurpose","Runesmith:CraftVitae+1"],"picked":"SKIP","floor":36},{"not_picked":["Runesmith:CraftProtectio+1","Runesmith:HammerAndChisel"],"picked":"Runesmith:HammerThrow","floor":37},{"not_picked":["Runesmith:EnergizedChisel","Runesmith:HeatExchange"],"picked":"Runesmith:Retool+1","floor":38},{"not_picked":["Runesmith:Repurpose","Runesmith:Discharge","Runesmith:HammerThrow"],"picked":"SKIP","floor":40},{"not_picked":["Runesmith:Overpower","Runesmith:EnergizedChisel"],"picked":"Runesmith:PoweredAnvil+1","floor":41},{"not_picked":["Runesmith:Grindstone+1","Runesmith:CraftObretio","Runesmith:CraftProtectio+1"],"picked":"SKIP","floor":42},{"not_picked":["Runesmith:RuneHurl+1","Runesmith:ChiselStab"],"picked":"Runesmith:CreatorForm","floor":44},{"not_picked":["Runesmith:ChargedHammer+1","Runesmith:MakeshiftArmor+1"],"picked":"Runesmith:DuctTape","floor":47},{"not_picked":["Runesmith:MakeshiftArmor+1","Runesmith:RuneHurl+1","Runesmith:EnergizedChisel"],"picked":"SKIP","floor":48}],"player_experience":950342,"relics_obtained":[{"floor":7,"key":"Regal Pillow"},{"floor":9,"key":"Kunai"},{"floor":14,"key":"Pear"},{"floor":23,"key":"Turnip"},{"floor":25,"key":"Ancient Tea Set"},{"floor":26,"key":"War Paint"},{"floor":40,"key":"Mercury Hourglass"},{"floor":40,"key":"Akabeko"},{"floor":47,"key":"Old Coin"}],"event_choices":[{"damage_healed":0,"gold_gain":0,"player_choice":"Relic ","damage_taken":33,"max_hp_gain":0,"max_hp_loss":0,"event_name":"betterThird:BetterScrap","floor":11,"gold_loss":0,"cards_obtained":["WindmillStrike"]},{"damage_healed":0,"gold_gain":0,"player_choice":"Rummage","damage_taken":0,"relics_obtained":["WarpedTongs"],"max_hp_gain":0,"max_hp_loss":0,"event_name":"Accursed Blacksmith","floor":12,"gold_loss":0,"cards_obtained":["Pain"]},{"cards_removed":["Runesmith:Strike_RS"],"damage_healed":0,"gold_gain":0,"player_choice":"Card Removal","damage_taken":0,"max_hp_gain":0,"max_hp_loss":0,"event_name":"Wheel of Change","floor":20,"gold_loss":0},{"damage_healed":0,"gold_gain":0,"player_choice":"Ignored","damage_taken":0,"max_hp_gain":0,"max_hp_loss":0,"event_name":"NoteForYourself","floor":39,"gold_loss":0},{"damage_healed":0,"gold_gain":0,"player_choice":"Ignored","damage_taken":0,"max_hp_gain":0,"max_hp_loss":0,"event_name":"Tomb of Lord Red Mask","floor":46,"gold_loss":0},{"damage_healed":0,"gold_gain":0,"player_choice":"Fight","damage_taken":0,"max_hp_gain":0,"max_hp_loss":0,"event_name":"Mysterious Sphere","floor":47,"gold_loss":0}],"is_beta":false,"boss_relics":[{"not_picked":["Pandora\u0027s Box","Runic Dome"],"picked":"Cursed Key"},{"not_picked":["Fusion Hammer","Sozu"],"picked":"Black Star"}],"items_purged_floors":[13,29],"is_endless":false,"potions_floor_spawned":[2,4,5,10,14,18,21,25,27,37,38,44,47,48],"killed_by":"Awakened One","ascension_level":0}}