{"host":"m6aaltr68g9tvoay","time":1608412347,"event":{"mods":["AchievementEnabler","BaseMod","Colored Map","Minty Spire (QoL Compilation)","StSLib"],"gold_per_floor":[118,42,58,58,28,28,61,61,61,74,89,89,14,14,14,92,92,107,32,32,32,32,32,32,32],"floor_reached":24,"playtime":486,"items_purged":["Defend_G"],"score":371,"play_id":"6e4da0c4-3b00-46e5-b5ca-d7f685a1f04a","local_time":"20201219131227","is_ascension_mode":true,"campfire_choices":[{"data":"Glass Knife","floor":6.0,"key":"SMITH"},{"floor":8,"key":"REST"},{"data":"A Thousand Cuts","floor":12,"key":"SMITH"},{"data":"Survivor","floor":15,"key":"SMITH"},{"floor":23,"key":"REST"}],"circlet_count":0,"master_deck":["AscendersBane","Strike_G","Strike_G","Strike_G","Strike_G","Defend_G","Defend_G","Defend_G","Defend_G","Survivor+1","Neutralize","Glass Knife+1","Deadly Poison","PiercingWail","Poisoned Stab","Flying Knee","Caltrops","A Thousand Cuts+1","Corpse Explosion","Flechettes"],"relics":["Ring of the Snake","Dream Catcher","Tingsha","WristBlade"],"acts_visited":["Exordium","TheCity"],"potions_floor_usage":[7,16,16],"damage_taken":[{"damage":4.0,"enemies":"Cultist","floor":1.0,"turns":3.0},{"damage":0.0,"enemies":"Jaw Worm","floor":3.0,"turns":3.0},{"damage":25,"enemies":"3 Sentries","floor":7,"turns":6},{"damage":0,"enemies":"2 Louse","floor":10,"turns":2},{"damage":1,"enemies":"2 Fungi Beasts","floor":11,"turns":3},{"damage":12,"enemies":"Hexaghost","floor":16,"turns":7},{"damage":32,"enemies":"Shell Parasite","floor":18,"turns":5},{"damage":67,"enemies":"Book of Stabbing","floor":24,"turns":5}],"seed_played":"5823207614013064313","potions_obtained":[{"floor":1.0,"key":"Strength Potion"},{"floor":5.0,"key":"Fruit Juice"},{"floor":5.0,"key":"PowerPotion"},{"floor":7,"key":"SneckoOil"},{"floor":10,"key":"PowerPotion"}],"is_trial":false,"path_per_floor":["M","$","M","?","?","R","E","R","T","M","M","R","$","?","R","B",null,"M","?","$","?","$","R","E"],"character_chosen":"THE_SILENT","items_purchased":["PiercingWail","Poisoned Stab"],"campfire_rested":2,"item_purchase_floors":[2,2],"current_hp_per_floor":[55,55,55,55,60,60,35,56,56,56,55,55,55,55,55,43,64,32,32,32,46,46,67,0,0],"gold":32,"neow_bonus":"ONE_RANDOM_RARE_CARD","is_daily":false,"chose_seed":false,"campfire_upgraded":3,"win_rate":0.0,"timestamp":1608412347,"path_taken":["M","$","M","?","?","R","E","R","T","?","M","R","?","?","R","BOSS","M","?","$","?","$","R","E"],"items_purchased_type":["Card","Card"],"build_version":"2020-12-13","purchased_purges":1,"victory":false,"max_hp_per_floor":[66,66,66,66,71,71,71,71,71,71,71,71,71,71,71,71,71,71,71,71,71,71,71,71,71],"card_choices":[{"not_picked":["Heel Hook","Bane"],"picked":"Deadly Poison","floor":1.0},{"not_picked":["Sucker Punch","Masterful Stab"],"picked":"Flying Knee","floor":3.0},{"not_picked":["PiercingWail","Quick Slash"],"picked":"Caltrops","floor":7},{"not_picked":["Eviscerate","Deadly Poison","Predator"],"picked":"SKIP","floor":10},{"not_picked":["Dagger Throw","Poisoned Stab"],"picked":"A Thousand Cuts","floor":11},{"not_picked":["Die Die Die","Wraith Form v2"],"picked":"Corpse Explosion","floor":16},{"not_picked":["Dodge and Roll","PiercingWail"],"picked":"Flechettes","floor":18}],"player_experience":1262614,"relics_obtained":[{"floor":7,"key":"Dream Catcher"},{"floor":9,"key":"Tingsha"}],"event_choices":[{"damage_healed":0.0,"max_hp_gain":0.0,"max_hp_loss":0.0,"gold_gain":0.0,"event_name":"Shining Light","player_choice":"Ignored","floor":4.0,"gold_loss":0.0,"damage_taken":0.0},{"damage_healed":0.0,"max_hp_gain":0.0,"max_hp_loss":0.0,"gold_gain":0.0,"event_name":"The Woman in Blue","player_choice":"Bought 2 Potions","floor":5.0,"gold_loss":0.0,"damage_taken":0.0},{"damage_healed":0,"gold_gain":0,"player_choice":"Ignored","damage_taken":0,"max_hp_gain":0,"max_hp_loss":0,"event_name":"Liars Game","floor":14,"gold_loss":0},{"cards_removed":["Strike_G"],"damage_healed":0,"gold_gain":0,"player_choice":"Gave Gold","damage_taken":0,"max_hp_gain":0,"max_hp_loss":0,"event_name":"Beggar","floor":19,"gold_loss":75},{"damage_healed":14,"gold_gain":0,"player_choice":"Heal","damage_taken":0,"max_hp_gain":0,"max_hp_loss":0,"event_name":"The Library","floor":21,"gold_loss":0}],"is_beta":false,"boss_relics":[{"not_picked":["HoveringKite","Sozu"],"picked":"WristBlade"}],"items_purged_floors":[13],"is_endless":false,"potions_floor_spawned":[1,7,10],"killed_by":"Book of Stabbing","ascension_level":19}}