{"host":"a1eatafr7pisesky","time":1608400827,"event":{"mods":["BaseMod","Colored Map","DeckTracker","Highlight Path","Keyboard Shortcuts","Minty Spire (QoL Compilation)","Permanent Neow","Random Character Button","StSLib","SuperFastMode","everything is the same but u backflip on backflip"],"gold_per_floor":[112,112,37,37,37,37,68,85,85,85,110,130,148,159,159,256,256,269,285,185,185,204,204,215,215,215,227,240,76,91,116,116,217,217,230,230,250,250,267,267,300,300,347,347,376,393,243,255,255,255,255,255,5,38,38],"floor_reached":56,"playtime":2815,"items_purged":["Strike_G","Strike_G","Strike_G","Parasite","Strike_G"],"score":1443,"play_id":"19ef9bfe-b9b3-4f3f-88c2-ff678094014f","local_time":"20201220030027","is_ascension_mode":true,"campfire_choices":[{"floor":10.0,"key":"REST"},{"data":"Cloak And Dagger","floor":15.0,"key":"SMITH"},{"floor":23.0,"key":"REST"},{"floor":32.0,"key":"REST"},{"floor":40.0,"key":"REST"},{"data":"Burst","floor":42.0,"key":"SMITH"},{"floor":49.0,"key":"RECALL"},{"data":"Envenom","floor":52.0,"key":"SMITH"}],"circlet_count":0,"master_deck":["Defend_G","Defend_G","Defend_G","Defend_G","Survivor","Neutralize","Poisoned Stab","Blade Dance","Burst+1","Footwork","Dagger Spray","Terror","Cloak And Dagger","Cloak And Dagger+1","Envenom+1","PiercingWail","Adrenaline","PiercingWail","PiercingWail+1","PiercingWail","Accuracy+1","Cloak And Dagger+1","Infinite Blades+1","Cloak And Dagger+1","Cloak And Dagger+1"],"relics":["Ring of the Snake","NeowsBlessing","Singing Bowl","Dream Catcher","Lizard Tail","Ornamental Fan","Akabeko","SlaversCollar","MutagenicStrength","Frozen Egg 2","Incense Burner","WristBlade","CeramicFish","HornCleat"],"acts_visited":["Exordium","TheCity","TheBeyond","TheEnding"],"potions_floor_usage":[55,55,55,55,55],"damage_taken":[{"damage":0.0,"enemies":"Cultist","floor":1.0,"turns":1.0},{"damage":0.0,"enemies":"Gremlin Nob","floor":7.0,"turns":1.0},{"damage":0.0,"enemies":"2 Louse","floor":8.0,"turns":1.0},{"damage":40.0,"enemies":"Lagavulin","floor":11.0,"turns":7.0},{"damage":0.0,"enemies":"Small Slimes","floor":12.0,"turns":1.0},{"damage":0.0,"enemies":"Gremlin Gang","floor":13.0,"turns":1.0},{"damage":2.0,"enemies":"Lots of Slimes","floor":14.0,"turns":2.0},{"damage":24.0,"enemies":"Slime Boss","floor":16.0,"turns":9.0},{"damage":19.0,"enemies":"2 Thieves","floor":18.0,"turns":4.0},{"damage":22.0,"enemies":"Spheric Guardian","floor":19.0,"turns":6.0},{"damage":20.0,"enemies":"3 Cultists","floor":22.0,"turns":6.0},{"damage":28.0,"enemies":"Snecko","floor":24.0,"turns":5.0},{"damage":0.0,"enemies":"Centurion and Healer","floor":27.0,"turns":7.0},{"damage":45.0,"enemies":"Cultist and Chosen","floor":28.0,"turns":7.0},{"damage":0.0,"enemies":"Snecko","floor":30.0,"turns":4.0},{"damage":3.0,"enemies":"Slavers","floor":31.0,"turns":4.0},{"damage":11.0,"enemies":"Automaton","floor":33.0,"turns":10.0},{"damage":1.0,"enemies":"Orb Walker","floor":35.0,"turns":4.0},{"damage":4.0,"enemies":"3 Darklings","floor":37.0,"turns":5.0},{"damage":17.0,"enemies":"4 Shapes","floor":39.0,"turns":4.0},{"damage":45.0,"enemies":"Nemesis","floor":41.0,"turns":7.0},{"damage":3.0,"enemies":"Writhing Mass","floor":45.0,"turns":5.0},{"damage":11.0,"enemies":"Sphere and 2 Shapes","floor":46.0,"turns":5.0},{"damage":0.0,"enemies":"Transient","floor":48.0,"turns":5.0},{"damage":51.0,"enemies":"Awakened One","floor":50.0,"turns":10.0},{"damage":28.0,"enemies":"Shield and Spear","floor":54.0,"turns":6.0},{"damage":49,"enemies":"The Heart","floor":55,"turns":10}],"seed_played":"-1793970417921769830","potions_obtained":[{"floor":11.0,"key":"Strength Potion"},{"floor":12.0,"key":"SteroidPotion"},{"floor":14.0,"key":"ColorlessPotion"},{"floor":27.0,"key":"EssenceOfSteel"},{"floor":28.0,"key":"Fire Potion"},{"floor":33.0,"key":"EntropicBrew"},{"floor":37.0,"key":"Dexterity Potion"},{"floor":46.0,"key":"GamblersBrew"}],"is_trial":false,"path_per_floor":["M","T","$","?","$","?","E","M","T","R","E","M","M","M","R","B",null,"M","M","$","?","M","R","M","?","T","M","M","$","M","E","R","B",null,"M","?","M","?","M","R","E","R","T","?","M","M","$","M","R","B",null,"R","$","E","B",null],"character_chosen":"THE_SILENT","items_purchased":["Accuracy+1","CunningPotion"],"campfire_rested":4,"item_purchase_floors":[29,53],"current_hp_per_floor":[70,70,70,58,58,58,58,58,58,70,30,30,30,28,28,4,70,51,31,31,31,13,35,7,7,7,7,16,16,18,17,42,33,82,81,78,74,74,59,80,37,37,37,82,79,70,70,72,72,21,83,83,83,57,8],"gold":38,"neow_bonus":"THREE_ENEMY_KILL","is_daily":false,"chose_seed":false,"campfire_upgraded":3,"win_rate":0.0,"timestamp":1608400827,"path_taken":["M","?","$","?","$","?","E","M","T","R","E","M","?","?","R","BOSS","M","M","$","?","M","R","M","?","T","M","M","$","M","E","R","BOSS","M","?","M","?","M","R","E","R","T","?","M","M","$","M","R","BOSS","R","$","E","BOSS"],"items_purchased_type":["Card","Potion"],"build_version":"2020-12-13","purchased_purges":5,"victory":true,"max_hp_per_floor":[70,70,70,70,70,70,70,70,70,70,70,70,70,70,70,70,70,70,72,72,72,74,74,74,74,74,74,74,74,76,78,80,82,82,82,78,78,78,80,80,82,82,82,82,82,84,81,83,83,83,83,83,83,85,85],"card_choices":[{"not_picked":["Deflect","Well Laid Plans"],"picked":"Poisoned Stab","floor":1.0},{"not_picked":["Well Laid Plans","Underhanded Strike"],"picked":"Blade Dance","floor":7.0},{"not_picked":["Dagger Throw","Acrobatics"],"picked":"Burst","floor":8.0},{"not_picked":["Caltrops","Infinite Blades"],"picked":"Footwork","floor":10.0},{"not_picked":["Flying Knee","Acrobatics"],"picked":"Dagger Spray","floor":11.0},{"not_picked":["Phantasmal Killer","Well Laid Plans"],"picked":"Terror","floor":12.0},{"not_picked":["Dagger Throw","Bane"],"picked":"Cloak And Dagger","floor":13.0},{"not_picked":["Slice","Terror"],"picked":"Cloak And Dagger","floor":14.0},{"not_picked":["Night Terror","Bullet Time"],"picked":"Envenom","floor":16.0},{"not_picked":["Dagger Throw","Dodge and Roll+1"],"picked":"PiercingWail","floor":18.0},{"not_picked":["Dodge and Roll","Concentrate","Flying Knee"],"picked":"Singing Bowl","floor":19.0},{"not_picked":["Dodge and Roll","Tactician","Deflect"],"picked":"Singing Bowl","floor":22.0},{"not_picked":["Well Laid Plans","All Out Attack+1"],"picked":"Adrenaline","floor":23.0},{"not_picked":["Setup","Bane"],"picked":"PiercingWail","floor":24.0},{"not_picked":["Bane","Quick Slash"],"picked":"PiercingWail+1","floor":27.0},{"not_picked":["Dagger Spray","Predator"],"picked":"PiercingWail","floor":28.0},{"not_picked":["Flying Knee","Venomology","Sucker Punch"],"picked":"Singing Bowl","floor":30.0},{"not_picked":["Choke","Malaise","Underhanded Strike"],"picked":"Singing Bowl","floor":31.0},{"not_picked":["Quick Slash","Dodge and Roll+1","Deflect"],"picked":"Singing Bowl","floor":32.0},{"not_picked":["Storm of Steel","Wraith Form v2+1","A Thousand Cuts+1"],"picked":"Singing Bowl","floor":33.0},{"not_picked":["Calculated Gamble","Dagger Spray"],"picked":"Cloak And Dagger+1","floor":35.0},{"not_picked":["Finisher+1","Blade Dance+1"],"picked":"Infinite Blades+1","floor":37.0},{"not_picked":["PiercingWail","Well Laid Plans+1","Dagger Spray+1"],"picked":"Singing Bowl","floor":39.0},{"not_picked":["Crippling Poison","Endless Agony+1"],"picked":"Cloak And Dagger+1","floor":40.0},{"not_picked":["Deflect+1","Calculated Gamble","Blur"],"picked":"Singing Bowl","floor":41.0},{"not_picked":["Deadly Poison+1","Slice"],"picked":"Cloak And Dagger+1","floor":45.0},{"not_picked":["Deflect","Blade Dance","Sucker Punch+1"],"picked":"Singing Bowl","floor":46.0},{"not_picked":["Blade Dance","Finisher","Skewer"],"picked":"Singing Bowl","floor":48.0},{"not_picked":["Backstab","Doppelganger","Bane"],"picked":"Singing Bowl","floor":54.0}],"player_experience":222655,"relics_obtained":[{"floor":2.0,"key":"Singing Bowl"},{"floor":7.0,"key":"Lizard Tail"},{"floor":9.0,"key":"Ornamental Fan"},{"floor":11.0,"key":"Akabeko"},{"floor":26.0,"key":"Frozen Egg 2"},{"floor":31.0,"key":"Incense Burner"},{"floor":41.0,"key":"CeramicFish"},{"floor":54.0,"key":"HornCleat"}],"event_choices":[{"damage_healed":0.0,"max_hp_gain":0.0,"max_hp_loss":0.0,"gold_gain":0.0,"event_name":"Scrap Ooze","player_choice":"Success","floor":4.0,"gold_loss":0.0,"damage_taken":12.0,"relics_obtained":["Dream Catcher"]},{"cards_removed":["Defend_G"],"damage_healed":0.0,"max_hp_gain":0.0,"max_hp_loss":0.0,"gold_gain":0.0,"event_name":"Bonfire Elementals","player_choice":"Offered Basic","floor":6.0,"gold_loss":0.0,"damage_taken":0.0},{"damage_healed":0.0,"max_hp_gain":0.0,"max_hp_loss":0.0,"gold_gain":0.0,"event_name":"Drug Dealer","player_choice":"Inject Mutagens","floor":21.0,"gold_loss":0.0,"damage_taken":0.0,"relics_obtained":["MutagenicStrength"]},{"damage_healed":0.0,"max_hp_gain":0.0,"max_hp_loss":0.0,"gold_gain":0.0,"event_name":"Vampires","player_choice":"Ignored","floor":25.0,"gold_loss":0.0,"damage_taken":0.0},{"damage_healed":0.0,"max_hp_gain":0.0,"max_hp_loss":4.0,"gold_gain":0.0,"event_name":"Winding Halls","player_choice":"Max HP","floor":36.0,"gold_loss":0.0,"damage_taken":0.0},{"cards_removed":["Strike_G"],"damage_healed":0.0,"max_hp_gain":0.0,"max_hp_loss":0.0,"gold_gain":0.0,"event_name":"Falling","player_choice":"Removed Attack","floor":38.0,"gold_loss":0.0,"damage_taken":0.0},{"damage_healed":45.0,"max_hp_gain":0.0,"max_hp_loss":0.0,"gold_gain":0.0,"event_name":"Wheel of Change","player_choice":"Full Heal","floor":44.0,"gold_loss":0.0,"damage_taken":0.0}],"is_beta":false,"boss_relics":[{"not_picked":["Pandora\u0027s Box","Busted Crown"],"picked":"SlaversCollar"},{"not_picked":["Sozu","Black Star"],"picked":"WristBlade"}],"items_purged_floors":[3,20,29,47,53],"is_endless":false,"potions_floor_spawned":[11,12,14,27,28,33,37,46,48,54],"ascension_level":4}}