{"host":"9d9dhukr2jywmy0f","time":1608393420,"event":{"mods":["2.2 Compatiblity","ATMod(°¢èªMod)","Alarm Clock","BaseMod","Bestiary","Block Reminder","Colored Map","Colored Powertips","Curses Come First","DeckTracker","Displayed Cursed Tome","Highlight Path","Key Reminder","Keyboard Shortcuts","Minty Spire (QoL Compilation)","MonsterHotkey","Potion Indicator Mod","Quick Restart","Rare Cards Sparkle","Relic Sorter","Relic Stats","Spire Birthday Party","StSLib","Synergy Search","Unceasing Turn Reminder","Unknown Chances"],"gold_per_floor":[112,112,128,146,71,102,102,114,137,243,323,441,541,596,596,700,700,740,740,830,895,276,326,456,500,500,537,589,652,766,808,808,918,918,1053,1102,825,964,1006,1062,612,740,740,794,794,378,434,560,560,685,685,685,69,144,169],"floor_reached":56,"playtime":4193,"items_purged":["Strike_P","SignatureMove","Strike_P+1","Defend_P+1","Defend_P+1","Defend_P+1"],"score":2886,"play_id":"f00f2f68-6c33-454c-87ed-0e15bb9099e8","local_time":"20201219235700","is_ascension_mode":true,"campfire_choices":[{"data":"Eruption","floor":7.0,"key":"SMITH"},{"data":"MentalFortress","floor":15.0,"key":"SMITH"},{"data":"MentalFortress","floor":32.0,"key":"SMITH"},{"floor":45.0,"key":"RECALL"},{"data":"1","floor":49.0,"key":"LIFT"},{"data":"2","floor":52.0,"key":"LIFT"}],"circlet_count":0,"master_deck":["AscendersBane","Strike_P+1","Strike_P+1","Defend_P+1","Eruption+1","Vigilance+1","Halt+1","FlurryOfBlows+1","Scrawl+1","ClearTheMind+1","MentalFortress+1","Ragnarok+1","MentalFortress+1","LessonLearned+1","TalkToTheHand+1","DevaForm+1","Vault+1","Omniscience+1","Tantrum+1","Adaptation+1","FearNoEvil+1","Omniscience","Adaptation+1","Violence+1"],"relics":["AT_ATBox","AT_TrinityForce","Pen Nib","AT_MibuBalloonWealth","Centennial Puzzle","AT_TimeSand","Odd Mushroom","Letter Opener","Runic Pyramid","AT_ChloranthyRing","MealTicket","Shuriken","CeramicFish","Oddly Smooth Stone","Philosopher\u0027s Stone","Melange","Turnip","Membership Card","Molten Egg 2","Damaru","AT_ArchangelStaff","AT_ForceNature","Girya","Question Card","Sundial","Sling","Pear","Strange Spoon","Happy Flower","Mercury Hourglass"],"acts_visited":["Exordium","TheCity","TheBeyond","TheEnding"],"potions_floor_usage":[55,55],"damage_taken":[{"damage":0.0,"enemies":"2 Louse","floor":1.0,"turns":1.0},{"damage":0.0,"enemies":"Cultist","floor":3.0,"turns":2.0},{"damage":0.0,"enemies":"Small Slimes","floor":4.0,"turns":2.0},{"damage":9.0,"enemies":"Gremlin Nob","floor":6.0,"turns":4.0},{"damage":0.0,"enemies":"3 Louse","floor":8.0,"turns":1.0},{"damage":0.0,"enemies":"3 Sentries","floor":10.0,"turns":3.0},{"damage":0.0,"enemies":"Gremlin Nob","floor":11.0,"turns":2.0},{"damage":0.0,"enemies":"Gremlin Gang","floor":12.0,"turns":2.0},{"damage":0.0,"enemies":"The Mushroom Lair","floor":13.0,"turns":3.0},{"damage":0.0,"enemies":"Lagavulin","floor":14.0,"turns":3.0},{"damage":0.0,"enemies":"The Guardian","floor":16.0,"turns":5.0},{"damage":0.0,"enemies":"Shell Parasite","floor":18.0,"turns":2.0},{"damage":0.0,"enemies":"3 Byrds","floor":20.0,"turns":4.0},{"damage":0.0,"enemies":"Cultist and Chosen","floor":21.0,"turns":3.0},{"damage":6.0,"enemies":"Gremlin Leader","floor":24.0,"turns":5.0},{"damage":0.0,"enemies":"Snake Plant","floor":25.0,"turns":2.0},{"damage":0.0,"enemies":"Snecko","floor":27.0,"turns":3.0},{"damage":5.0,"enemies":"Book of Stabbing","floor":28.0,"turns":3.0},{"damage":0.0,"enemies":"Cultist and Chosen","floor":29.0,"turns":5.0},{"damage":2.0,"enemies":"Gremlin Leader","floor":30.0,"turns":4.0},{"damage":14.0,"enemies":"Snake Plant","floor":31.0,"turns":3.0},{"damage":0.0,"enemies":"Champ","floor":33.0,"turns":4.0},{"damage":0.0,"enemies":"3 Darklings","floor":35.0,"turns":3.0},{"damage":2.0,"enemies":"Orb Walker","floor":36.0,"turns":2.0},{"damage":0.0,"enemies":"3 Darklings","floor":38.0,"turns":4.0},{"damage":0.0,"enemies":"Writhing Mass","floor":39.0,"turns":2.0},{"damage":0.0,"enemies":"Giant Head","floor":40.0,"turns":6.0},{"damage":0.0,"enemies":"Reptomancer","floor":42.0,"turns":3.0},{"damage":0.0,"enemies":"Nemesis","floor":44.0,"turns":4.0},{"damage":0.0,"enemies":"Giant Head","floor":47.0,"turns":4.0},{"damage":0.0,"enemies":"4 Shapes","floor":48.0,"turns":5.0},{"damage":0.0,"enemies":"Awakened One","floor":50.0,"turns":3.0},{"damage":0.0,"enemies":"Shield and Spear","floor":54.0,"turns":2.0},{"damage":0,"enemies":"The Heart","floor":55,"turns":4}],"seed_played":"5972310503180756986","potions_obtained":[{"floor":1.0,"key":"Strength Potion"},{"floor":3.0,"key":"Explosive Potion"},{"floor":21.0,"key":"FearPotion"},{"floor":24.0,"key":"PowerPotion"},{"floor":31.0,"key":"DuplicationPotion"},{"floor":33.0,"key":"DistilledChaos"}],"is_trial":false,"path_per_floor":["M","?","M","M","$","E","R","M","T","E","?","M","?","E","R","B",null,"M","?","M","M","$","?","E","M","T","M","E","M","E","M","R","B",null,"M","M","$","M","M","E","$","E","T","E","R","$","E","M","R","B",null,"R","$","E","B",null],"character_chosen":"WATCHER","items_purchased":["LessonLearned","TalkToTheHand","AT_ChloranthyRing","MealTicket","Melange","Membership Card","Adaptation","Molten Egg 2","Damaru","Question Card","Sundial","Sling","Strange Spoon","Happy Flower","Omniscience","Adaptation","Fruit Juice","FearPotion","Mercury Hourglass","Violence"],"campfire_rested":0,"item_purchase_floors":[22,22,22,22,37,41,41,41,41,46,46,46,53,53,53,53,53,53,53,53],"current_hp_per_floor":[61,57,57,57,57,48,48,48,48,48,48,48,48,48,48,48,63,63,63,63,63,63,63,57,57,57,57,52,52,50,36,36,36,60,60,58,68,68,68,68,68,68,68,68,68,68,78,78,78,78,78,78,83,83,83],"gold":169,"neow_bonus":"BOSS_RELIC","is_daily":false,"chose_seed":false,"campfire_upgraded":3,"win_rate":0.0,"timestamp":1608393420,"path_taken":["M","?","?","M","$","E","R","M","T","E","?","M","?","E","R","BOSS","M","?","M","M","$","?","E","?","T","M","E","M","E","M","R","BOSS","M","M","$","?","M","E","$","E","T","E","R","?","E","M","R","BOSS","R","$","E","BOSS"],"items_purchased_type":["Card","Card","Relic","Relic","Relic","Relic","Card","Relic","Relic","Relic","Relic","Relic","Relic","Relic","Card","Card","Potion","Potion","Relic","Card"],"build_version":"2020-11-30","purchased_purges":6,"victory":true,"max_hp_per_floor":[68,68,68,68,68,68,68,68,68,68,68,68,68,68,68,68,68,68,68,68,68,68,68,68,68,68,68,68,68,68,68,68,68,68,68,68,68,68,68,68,68,68,68,68,68,68,78,78,78,78,78,78,83,83,83],"relic_stats":{"Happy Flower":[2],"counters":[34,108],"CeramicFish":72,"Melange":[30],"Pen Nib":[28],"Letter Opener":[135],"Question Card":3,"Mercury Hourglass":[18],"Strange Spoon":[7],"Centennial Puzzle":[15],"Shuriken":[49],"Sundial":[4],"MealTicket":10,"Turnip":[2],"obtain_stats":[{"AT_ATBox":0,"AT_MibuBalloonWealth":9,"CeramicFish":28,"Melange":37,"AT_TimeSand":11,"AT_ArchangelStaff":42,"Sling":46,"Centennial Puzzle":10,"Sundial":46,"AT_TrinityForce":0,"MealTicket":22,"Philosopher\u0027s Stone":34,"Runic Pyramid":17,"AT_ChloranthyRing":22,"AT_ForceNature":43,"Girya":44,"Pear":47,"Happy Flower":53,"Oddly Smooth Stone":30,"Damaru":41,"Pen Nib":6,"Letter Opener":14,"Odd Mushroom":13,"Question Card":46,"Mercury Hourglass":53,"keyreminder:keyreminder":14,"Strange Spoon":53,"Shuriken":24,"Molten Egg 2":41,"Turnip":40,"Membership Card":41,"PureWater":0},{"AT_ATBox":0,"AT_MibuBalloonWealth":5,"CeramicFish":18,"Melange":24,"AT_TimeSand":7,"AT_ArchangelStaff":28,"Sling":29,"Centennial Puzzle":6,"Sundial":29,"AT_TrinityForce":0,"MealTicket":14,"Philosopher\u0027s Stone":22,"Runic Pyramid":11,"AT_ChloranthyRing":14,"AT_ForceNature":28,"Girya":29,"Pear":30,"Happy Flower":32,"Oddly Smooth Stone":20,"Damaru":27,"Pen Nib":4,"Letter Opener":10,"Odd Mushroom":9,"Question Card":29,"Mercury Hourglass":32,"keyreminder:keyreminder":10,"Strange Spoon":32,"Shuriken":15,"Molten Egg 2":27,"Turnip":27,"Membership Card":27,"PureWater":0},{"AT_ATBox":0,"AT_MibuBalloonWealth":10,"CeramicFish":50,"Melange":71,"AT_TimeSand":15,"AT_ArchangelStaff":86,"Sling":90,"Centennial Puzzle":13,"Sundial":90,"AT_TrinityForce":0,"MealTicket":37,"Philosopher\u0027s Stone":66,"Runic Pyramid":28,"AT_ChloranthyRing":37,"AT_ForceNature":86,"Girya":90,"Pear":94,"Happy Flower":102,"Oddly Smooth Stone":59,"Damaru":83,"Pen Nib":9,"Letter Opener":23,"Odd Mushroom":20,"Question Card":90,"Mercury Hourglass":102,"keyreminder:keyreminder":23,"Strange Spoon":102,"Shuriken":42,"Molten Egg 2":83,"Turnip":83,"Membership Card":83,"PureWater":0}]},"card_choices":[{"not_picked":["Perseverance","FollowUp"],"picked":"SignatureMove","floor":1.0},{"not_picked":["CutThroughFate","AT_OneInchPunch","Crescendo"],"picked":"SKIP","floor":3.0},{"not_picked":["PathToVictory","Meditate"],"picked":"Halt","floor":4.0},{"not_picked":["ThirdEye","BowlingBash"],"picked":"FlurryOfBlows","floor":6.0},{"not_picked":["BattleHymn","PathToVictory","Crescendo"],"picked":"SKIP","floor":8.0},{"not_picked":["Consecrate","CrushJoints","WreathOfFlame"],"picked":"SKIP","floor":10.0},{"not_picked":["CrushJoints","PathToVictory"],"picked":"Scrawl","floor":11.0},{"not_picked":["PathToVictory","EmptyBody"],"picked":"ClearTheMind","floor":12.0},{"not_picked":["Alpha","Wireheading"],"picked":"MentalFortress","floor":14.0},{"not_picked":["Judgement","DeusExMachina"],"picked":"Ragnarok","floor":16.0},{"not_picked":["BowlingBash","PathToVictory","Protect"],"picked":"SKIP","floor":18.0},{"not_picked":["BowlingBash","PathToVictory","Protect"],"picked":"SKIP","floor":18.0},{"not_picked":["JustLucky+1","Crescendo","BowlingBash+1"],"picked":"SKIP","floor":20.0},{"not_picked":["SashWhip","Consecrate"],"picked":"MentalFortress","floor":21.0},{"not_picked":["JustLucky+1","ForeignInfluence","Prostrate"],"picked":"SKIP","floor":24.0},{"not_picked":["Prostrate","CrushJoints","ThirdEye"],"picked":"SKIP","floor":25.0},{"not_picked":["Study","Tantrum"],"picked":"DevaForm","floor":27.0},{"not_picked":["Judgement","Prostrate","Ragnarok"],"picked":"SKIP","floor":28.0},{"not_picked":["EmptyBody","Prostrate","Consecrate"],"picked":"SKIP","floor":29.0},{"not_picked":["ClearTheMind","FlurryOfBlows"],"picked":"Vault","floor":30.0},{"not_picked":["CrushJoints+1","Crescendo","CutThroughFate"],"picked":"SKIP","floor":31.0},{"not_picked":["DeusExMachina","Scrawl"],"picked":"Omniscience","floor":33.0},{"not_picked":["CutThroughFate+1","Consecrate+1","PathToVictory"],"picked":"SKIP","floor":35.0},{"not_picked":["Crescendo","AT_DivineConfetti"],"picked":"Tantrum","floor":36.0},{"not_picked":["ForeignInfluence+1","Perseverance+1","AT_ChampionStep+1"],"picked":"SKIP","floor":38.0},{"not_picked":["PathToVictory","Protect+1","ThirdEye+1"],"picked":"SKIP","floor":39.0},{"not_picked":["SandsOfTime","BowlingBash","SashWhip"],"picked":"SKIP","floor":40.0},{"not_picked":["AT_OneInchPunch+1","ClearTheMind","Wallop+1"],"picked":"SKIP","floor":42.0},{"not_picked":["AT_MachinaRedman","Evaluate","Crescendo"],"picked":"SKIP","floor":44.0},{"not_picked":["Perseverance","WindmillStrike+1","Prostrate","WreathOfFlame+1"],"picked":"SKIP","floor":47.0},{"not_picked":["CutThroughFate+1","EmptyFist+1","Evaluate"],"picked":"FearNoEvil+1","floor":48.0},{"not_picked":["Protect+1","Meditate","ForeignInfluence","Indignation+1"],"picked":"SKIP","floor":54.0}],"player_experience":710675,"relics_obtained":[{"floor":6.0,"key":"Pen Nib"},{"floor":9.0,"key":"AT_MibuBalloonWealth"},{"floor":10.0,"key":"Centennial Puzzle"},{"floor":11.0,"key":"AT_TimeSand"},{"floor":13.0,"key":"Odd Mushroom"},{"floor":14.0,"key":"Letter Opener"},{"floor":24.0,"key":"Shuriken"},{"floor":28.0,"key":"CeramicFish"},{"floor":30.0,"key":"Oddly Smooth Stone"},{"floor":40.0,"key":"Turnip"},{"floor":42.0,"key":"AT_ArchangelStaff"},{"floor":43.0,"key":"AT_ForceNature"},{"floor":44.0,"key":"Girya"},{"floor":47.0,"key":"Pear"}],"event_choices":[{"damage_healed":0.0,"max_hp_gain":0.0,"max_hp_loss":0.0,"gold_gain":0.0,"event_name":"The Woman in Blue","player_choice":"Bought 0 Potions","floor":2.0,"gold_loss":0.0,"damage_taken":0.0},{"damage_healed":0.0,"max_hp_gain":0.0,"max_hp_loss":0.0,"gold_gain":0.0,"event_name":"Dead Adventurer","player_choice":"Searched \u00272\u0027 times","floor":11.0,"gold_loss":0.0,"damage_taken":0.0},{"damage_healed":0.0,"max_hp_gain":0.0,"max_hp_loss":0.0,"gold_gain":0.0,"event_name":"Mushrooms","player_choice":"Fought Mushrooms","floor":13.0,"gold_loss":0.0,"damage_taken":0.0},{"damage_healed":0.0,"max_hp_gain":0.0,"max_hp_loss":0.0,"gold_gain":0.0,"event_name":"Back to Basics","player_choice":"Simplicity","floor":19.0,"gold_loss":0.0,"damage_taken":0.0,"cards_upgraded":["Strike_P","Strike_P","Strike_P","Defend_P","Defend_P","Defend_P","Defend_P"]},{"damage_healed":0.0,"max_hp_gain":0.0,"max_hp_loss":0.0,"gold_gain":100.0,"event_name":"The Joust","player_choice":"Bet on Murderer","floor":23.0,"gold_loss":50.0,"damage_taken":0.0}],"is_beta":false,"boss_relics":[{"not_picked":["Pandora\u0027s Box","Ectoplasm"],"picked":"Runic Pyramid"},{"not_picked":["Runic Dome","Velvet Choker"],"picked":"Philosopher\u0027s Stone"}],"items_purged_floors":[5,22,37,41,46,53],"is_endless":false,"potions_floor_spawned":[1,3,12,13,21,24,29,31,33,36,39,40,42,47],"ascension_level":15}}