{"host":"21h5e52imz35vo8g","time":1608393236,"event":{"mods":["AchievementEnabler","BaseMod","Colored Map","Colored Powertips","Googly Eyes","Minty Spire (QoL Compilation)","Quick Restart","Rare Cards Sparkle","Replay The Spire","StSLib"],"gold_per_floor":[114,39,55,69,69,69,89,89,112,131,157,175,175,30,30,30,30],"floor_reached":16,"playtime":664,"items_purged":["Defend_R","Defend_R"],"score":133,"play_id":"856810cc-6cce-4636-b224-671eb7de12e0","local_time":"20201219235356","is_ascension_mode":true,"campfire_choices":[{"data":"Armaments","floor":6,"key":"SMITH"},{"data":"Perfected Strike","floor":8,"key":"SMITH"},{"data":"Heavy Blade","floor":13,"key":"SMITH"},{"data":"Flex","floor":15,"key":"SMITH"}],"circlet_count":0,"master_deck":["Strike_R","Strike_R","Strike_R","Strike_R","Strike_R","Defend_R","Defend_R","Bash","Armaments+1","Perfected Strike+1","Headbutt","Perfected Strike","ReplayTheSpireMod:Muscle Training","Heavy Blade+1","Flex+1"],"relics":["Burning Blood","Gremlin Food","Dream Catcher","Regal Pillow"],"acts_visited":["Exordium"],"potions_floor_usage":[12],"damage_taken":[{"damage":1,"enemies":"Cultist","floor":1,"turns":3},{"damage":9,"enemies":"Jaw Worm","floor":3,"turns":4},{"damage":4,"enemies":"2 Louse","floor":4,"turns":3},{"damage":5,"enemies":"Exordium Wildlife","floor":7,"turns":4},{"damage":12,"enemies":"Exordium Thugs","floor":10,"turns":3},{"damage":30,"enemies":"3 Sentries","floor":11,"turns":7},{"damage":0,"enemies":"Gremlin Gang","floor":12,"turns":1},{"damage":44,"enemies":"Hexaghost","floor":16,"turns":7}],"seed_played":"6306979064329287902","potions_obtained":[{"floor":1,"key":"AttackPotion"},{"floor":7,"key":"ElixirPotion"}],"is_trial":false,"path_per_floor":["M","$","M","M","$","R","M","R","T","M","E","M","R","$","R","B"],"character_chosen":"IRONCLAD","items_purchased":["Flex"],"campfire_rested":0,"item_purchase_floors":[14],"current_hp_per_floor":[77,77,74,76,76,76,77,77,77,71,47,53,53,53,53,9,9],"gold":30,"neow_bonus":"RANDOM_COMMON_RELIC","is_daily":false,"chose_seed":false,"campfire_upgraded":4,"win_rate":0.0,"timestamp":1608393236,"path_taken":["M","$","M","M","$","R","M","R","T","M","E","M","R","?","R","BOSS"],"items_purchased_type":["Card"],"build_version":"2020-12-13","purchased_purges":2,"victory":false,"max_hp_per_floor":[80,80,80,80,80,80,80,80,80,80,80,80,80,80,80,80,80],"card_choices":[{"not_picked":["ReplayTheSpireMod:Muscle Training","Headbutt"],"picked":"Armaments","floor":1},{"not_picked":["Whirlwind","Ghostly Armor"],"picked":"Perfected Strike","floor":3},{"not_picked":["Havoc","Clash"],"picked":"Headbutt","floor":4},{"not_picked":["Thunderclap","Havoc","Replay:Undeath\u0027s Touch"],"picked":"SKIP","floor":7},{"not_picked":["Armaments","Life Link"],"picked":"Perfected Strike","floor":10},{"not_picked":["Power Through","Massacre"],"picked":"ReplayTheSpireMod:Muscle Training","floor":11},{"not_picked":["Run Through","Shrug It Off"],"picked":"Heavy Blade","floor":12}],"player_experience":287961,"relics_obtained":[{"floor":9,"key":"Dream Catcher"},{"floor":11,"key":"Regal Pillow"}],"event_choices":[],"is_beta":false,"boss_relics":[],"items_purged_floors":[2,14],"is_endless":false,"potions_floor_spawned":[1,7],"killed_by":"Hexaghost","ascension_level":6}}