{"host":"m1rkaonj58i1iiux","time":1608397070,"event":{"mods":["BaseMod","CatGirl Mod","Colored Map","Friendly Minions","Highlight Path","Minty Spire (QoL Compilation)","Rare Cards Sparkle","StSLib"],"gold_per_floor":[115,115,115,128,78,78,78,113,113,141,141,152,171,187,187,283,283,300,311,322,322,322,322,322,322,322,335,12,25,25,39,39,141,141,161,176,86,37,49,78,78,97,167,179,0,0,20,55,55,55],"floor_reached":51,"playtime":2144,"items_purged":["Clumsy"],"score":796,"play_id":"7df7267d-7076-4eab-aeb4-aeca36480f2c","local_time":"20201220015750","is_ascension_mode":false,"campfire_choices":[{"data":"theCatGirl:ClawStrike","floor":6,"key":"SMITH"},{"data":"theCatGirl:Claws","floor":11,"key":"SMITH"},{"data":"theCatGirl:Claws","floor":15,"key":"SMITH"},{"data":"theCatGirl:HungerClaw","floor":23,"key":"SMITH"},{"data":"theCatGirl:LostTrinket","floor":25,"key":"SMITH"},{"floor":32,"key":"REST"},{"floor":41,"key":"REST"},{"data":"theCatGirl:Meow","floor":46,"key":"SMITH"},{"floor":49,"key":"REST"}],"circlet_count":0,"master_deck":["theCatGirl:Strike+1","theCatGirl:Strike+1","theCatGirl:Defend+1","theCatGirl:Defend+1","theCatGirl:Defend+1","theCatGirl:Defend+1","theCatGirl:ClawStrike+1","theCatGirl:Evasion","theCatGirl:Claws+1","theCatGirl:FocusedStrike","theCatGirl:RageClaws+1","theCatGirl:Meow+1","theCatGirl:SpinningStrike","theCatGirl:Claws+1","theCatGirl:Beastification+1","theCatGirl:HungerClaw+1","theCatGirl:LostTrinket+1","theCatGirl:DefensiveStance+1","theCatGirl:BloodScent+1","theCatGirl:SearchBackpack+1","theCatGirl:HungerClaw+1","theCatGirl:UnrelentingAssault+1","theCatGirl:SearchBackpack+1","Writhe"],"relics":["theCatGirl:TrainedRelic","NeowsBlessing","Ornamental Fan","Orichalcum","Frozen Egg 2","Cursed Key","Letter Opener","Pantograph","Black Star","Darkstone Periapt","Du-Vu Doll","The Courier","Red Mask","Smiling Mask","Mercury Hourglass"],"acts_visited":["Exordium","TheCity","TheBeyond"],"potions_floor_usage":[24,33,48,50],"damage_taken":[{"damage":0,"enemies":"2 Louse","floor":1,"turns":1},{"damage":0,"enemies":"Cultist","floor":4,"turns":1},{"damage":0,"enemies":"3 Sentries","floor":8,"turns":2},{"damage":14,"enemies":"Lagavulin","floor":10,"turns":5},{"damage":0,"enemies":"Small Slimes","floor":12,"turns":3},{"damage":0,"enemies":"2 Fungi Beasts","floor":13,"turns":3},{"damage":0,"enemies":"Looter","floor":14,"turns":2},{"damage":13,"enemies":"Hexaghost","floor":16,"turns":6},{"damage":0,"enemies":"3 Byrds","floor":18,"turns":5},{"damage":0,"enemies":"Chosen","floor":19,"turns":4},{"damage":6,"enemies":"Shelled Parasite and Fungi","floor":20,"turns":4},{"damage":0,"enemies":"3 Cultists","floor":24,"turns":2},{"damage":8,"enemies":"Snake Plant","floor":27,"turns":3},{"damage":18,"enemies":"Snecko","floor":29,"turns":4},{"damage":0,"enemies":"Centurion and Healer","floor":31,"turns":4},{"damage":15,"enemies":"Champ","floor":33,"turns":7},{"damage":0,"enemies":"Orb Walker","floor":35,"turns":2},{"damage":19,"enemies":"3 Darklings","floor":36,"turns":6},{"damage":4,"enemies":"Spire Growth","floor":39,"turns":3},{"damage":9,"enemies":"Giant Head","floor":40,"turns":5},{"damage":7,"enemies":"Writhing Mass","floor":42,"turns":5},{"damage":10,"enemies":"Jaw Worm Horde","floor":44,"turns":3},{"damage":36,"enemies":"Spire Growth","floor":47,"turns":4},{"damage":8,"enemies":"Nemesis","floor":48,"turns":5},{"damage":63,"enemies":"Time Eater","floor":50,"turns":9}],"seed_played":"-2240497184777826975","potions_obtained":[{"floor":4,"key":"FairyPotion"},{"floor":13,"key":"SmokeBomb"},{"floor":18,"key":"GamblersBrew"},{"floor":31,"key":"Weak Potion"},{"floor":33,"key":"Block Potion"},{"floor":39,"key":"PowerPotion"}],"is_trial":false,"path_per_floor":["M","?","?","M","?","R","?","E","T","E","R","M","M","M","R","B",null,"M","M","M","?","?","R","M","R","T","M","$","M","?","M","R","B",null,"M","M","?","$","M","E","R","M","T","M","?","R","M","E","R","B",null],"character_chosen":"THE_CATGIRL","items_purchased":["Pantograph","Strength Potion"],"campfire_rested":3,"item_purchase_floors":[28,38],"current_hp_per_floor":[70,56,56,56,56,56,61,61,61,47,47,47,47,47,47,34,75,75,75,69,55,55,55,55,55,55,51,51,33,33,37,63,73,88,91,72,72,72,72,63,91,88,94,88,88,88,52,44,76,38],"gold":55,"neow_bonus":"THREE_ENEMY_KILL","is_daily":false,"chose_seed":false,"campfire_upgraded":6,"win_rate":0.0,"timestamp":1608397070,"path_taken":["M","?","?","?","?","R","?","E","T","E","R","M","M","M","R","BOSS","M","M","M","?","?","R","?","R","T","M","$","M","?","M","R","BOSS","M","M","?","$","?","E","R","M","T","M","?","R","M","E","R","BOSS"],"items_purchased_type":["Relic","Potion"],"build_version":"2020-12-13","purchased_purges":1,"victory":true,"max_hp_per_floor":[70,70,70,70,70,70,75,75,75,75,75,75,75,75,75,75,75,75,75,75,80,80,80,80,80,80,84,84,84,84,88,88,88,88,91,91,91,91,95,95,95,99,105,109,109,109,109,109,109,109],"card_choices":[{"not_picked":["theCatGirl:ElegantStrike","theCatGirl:ComboAttack"],"picked":"theCatGirl:Claws","floor":1},{"not_picked":["theCatGirl:ShockedWitness","theCatGirl:RunningWithDaggers"],"picked":"theCatGirl:FocusedStrike","floor":4},{"not_picked":["theCatGirl:PlayAround","theCatGirl:DefensiveStance"],"picked":"theCatGirl:RageClaws","floor":8},{"not_picked":["theCatGirl:Misfire","theCatGirl:Growl"],"picked":"theCatGirl:Meow","floor":10},{"not_picked":["theCatGirl:Parry","theCatGirl:Stalk"],"picked":"theCatGirl:SpinningStrike","floor":12},{"not_picked":["theCatGirl:FinishingMove","theCatGirl:Parry"],"picked":"theCatGirl:Claws","floor":13},{"not_picked":["theCatGirl:AllIn","theCatGirl:FumblingBlow"],"picked":"theCatGirl:Beastification+1","floor":14},{"not_picked":["theCatGirl:AccidentalHeadbutt","theCatGirl:Insane"],"picked":"theCatGirl:HungerClaw","floor":16},{"not_picked":["theCatGirl:DecliningDefenses+1","theCatGirl:Stalk"],"picked":"theCatGirl:LostTrinket","floor":18},{"not_picked":["theCatGirl:ClenchYourTeeth","theCatGirl:ExtremeSpeed"],"picked":"theCatGirl:DefensiveStance+1","floor":19},{"not_picked":["theCatGirl:FinishingMove+1","theCatGirl:Slip","theCatGirl:ElegantStrike"],"picked":"SKIP","floor":20},{"not_picked":["theCatGirl:QuickStrike","theCatGirl:KeepAlert+1"],"picked":"theCatGirl:BloodScent+1","floor":27},{"not_picked":["theCatGirl:SmellFear","theCatGirl:GoddessOfMisfortune+1"],"picked":"theCatGirl:SearchBackpack","floor":29},{"not_picked":["theCatGirl:Prepared","theCatGirl:BloodBath"],"picked":"theCatGirl:SearchBackpack+1","floor":31},{"not_picked":["theCatGirl:LearnThePattern","theCatGirl:AccidentalHeadbutt"],"picked":"theCatGirl:HungerClaw","floor":33},{"not_picked":["theCatGirl:LuckyBlow+1","theCatGirl:Slip"],"picked":"theCatGirl:UnrelentingAssault+1","floor":35},{"not_picked":["theCatGirl:LearnByMistake+1","theCatGirl:GoddessOfMisfortune+1"],"picked":"theCatGirl:SearchBackpack+1","floor":36},{"not_picked":["theCatGirl:Misfire+1","theCatGirl:ClenchYourTeeth+1","theCatGirl:LostTrinket+1"],"picked":"SKIP","floor":39},{"not_picked":["theCatGirl:FinishingMove+1","theCatGirl:TrainWreck+1","theCatGirl:Stalk+1"],"picked":"SKIP","floor":40},{"not_picked":["theCatGirl:EmergencyParry+1","theCatGirl:PoisedStrike","theCatGirl:BodyBlow+1"],"picked":"SKIP","floor":42},{"not_picked":["theCatGirl:BloodScent+1","theCatGirl:ElegantStrike+1","theCatGirl:SearchBackpack"],"picked":"SKIP","floor":44},{"not_picked":["theCatGirl:ElegantStrike","theCatGirl:AllIn+1","theCatGirl:BloodScent+1"],"picked":"SKIP","floor":47},{"not_picked":["theCatGirl:UnrelentingAssault","theCatGirl:Stalk","theCatGirl:PoisedStrike+1"],"picked":"SKIP","floor":48}],"player_experience":948698,"relics_obtained":[{"floor":8,"key":"Ornamental Fan"},{"floor":9,"key":"Orichalcum"},{"floor":10,"key":"Frozen Egg 2"},{"floor":26,"key":"Letter Opener"},{"floor":40,"key":"Darkstone Periapt"},{"floor":40,"key":"Du-Vu Doll"},{"floor":43,"key":"The Courier"},{"floor":48,"key":"Smiling Mask"},{"floor":48,"key":"Mercury Hourglass"}],"event_choices":[{"damage_healed":0,"gold_gain":0,"player_choice":"Entered Light","damage_taken":14,"max_hp_gain":0,"max_hp_loss":0,"event_name":"Shining Light","floor":2,"gold_loss":0,"cards_upgraded":["theCatGirl:Defend","theCatGirl:Defend"]},{"cards_removed":["theCatGirl:Strike"],"damage_healed":0,"gold_gain":0,"player_choice":"Purged","damage_taken":0,"max_hp_gain":0,"max_hp_loss":0,"event_name":"Purifier","floor":3,"gold_loss":0},{"cards_removed":["theCatGirl:Strike"],"damage_healed":0,"gold_gain":0,"player_choice":"Card Removal","damage_taken":0,"max_hp_gain":0,"max_hp_loss":0,"event_name":"The Cleric","floor":5,"gold_loss":50},{"damage_healed":0,"gold_gain":0,"player_choice":"Donut","damage_taken":0,"max_hp_gain":5,"max_hp_loss":0,"event_name":"Big Fish","floor":7,"gold_loss":0},{"damage_healed":0,"gold_gain":0,"player_choice":"Shed Blood","damage_taken":19,"max_hp_gain":5,"max_hp_loss":0,"event_name":"Forgotten Altar","floor":21,"gold_loss":0},{"damage_healed":0,"gold_gain":0,"player_choice":"Forge","damage_taken":0,"max_hp_gain":0,"max_hp_loss":0,"event_name":"Accursed Blacksmith","floor":22,"gold_loss":0,"cards_upgraded":["theCatGirl:RageClaws"]},{"damage_healed":0,"gold_gain":0,"player_choice":"Simplicity","damage_taken":0,"max_hp_gain":0,"max_hp_loss":0,"event_name":"Back to Basics","floor":30,"gold_loss":0,"cards_upgraded":["theCatGirl:Strike","theCatGirl:Strike","theCatGirl:Defend","theCatGirl:Defend"]},{"cards_removed":["theCatGirl:SearchBackpack"],"damage_healed":0,"gold_gain":0,"player_choice":"Upgrade and Remove","damage_taken":0,"max_hp_gain":0,"max_hp_loss":0,"event_name":"Designer","floor":37,"gold_loss":90,"cards_upgraded":["theCatGirl:HungerClaw"]},{"damage_healed":0,"gold_gain":0,"player_choice":"Paid","damage_taken":0,"relics_obtained":["Red Mask"],"max_hp_gain":0,"max_hp_loss":0,"event_name":"Tomb of Lord Red Mask","floor":45,"gold_loss":179}],"is_beta":false,"boss_relics":[{"not_picked":["Runic Pyramid","Calling Bell"],"picked":"Cursed Key"},{"not_picked":["Runic Dome","Snecko Eye"],"picked":"Black Star"}],"items_purged_floors":[28],"is_endless":false,"potions_floor_spawned":[4,13,18,31,33,39,40,42,47],"ascension_level":0}}