{"host":"f14d6hm2349s9jse","time":1608412834,"event":{"mods":["2.2 Compatiblity","BaseMod","Minty Spire (QoL Compilation)","StSLib","The Death Knight"],"gold_per_floor":[115,125,144,144,144,174,192,192,192,209,222,256,256,256,256,379,379,392,98,98,123,146,180,180,180,225,225,254,274,328,29,29,127,127,143,155,155,165,176,205,205,219,219,219,231,245,259,273,273,273],"floor_reached":51,"playtime":3275,"items_purged":[],"score":908,"play_id":"fa2fc17a-c480-480f-a813-bca289e8a922","local_time":"20201219162034","is_ascension_mode":false,"campfire_choices":[{"floor":8.0,"key":"REST"},{"floor":13.0,"key":"REST"},{"data":"DeathKnight:Hysteria","floor":15.0,"key":"SMITH"},{"floor":24.0,"key":"REST"},{"data":"Apotheosis","floor":32.0,"key":"SMITH"},{"floor":41.0,"key":"RECALL"},{"floor":49.0,"key":"REST"}],"circlet_count":0,"master_deck":["DeathKnight:Strike_DeathKnight","DeathKnight:Strike_DeathKnight","DeathKnight:Strike_DeathKnight","DeathKnight:Strike_DeathKnight","DeathKnight:Defend_DeathKnight","DeathKnight:Defend_DeathKnight","DeathKnight:Defend_DeathKnight","DeathKnight:Defend_DeathKnight","DeathKnight:RuneTap","DeathKnight:RuneStrike+1","DeathKnight:UnholyFrenzy","DeathKnight:Obliterate","DeathKnight:DancingRuneblade","DeathKnight:WraithWalk","DeathKnight:BladedArmor","DeathKnight:Hysteria+1","DeathKnight:BladedArmor","DeathKnight:Lichborne","DeathKnight:PlagueStrike","DeathKnight:IceboundArmor","DeathKnight:SindragosasBreath","DeathKnight:PlagueStrike","DeathKnight:Contagion","Apotheosis+1","DeathKnight:BloodStrike","DeathKnight:FoulBulwark","DeathKnight:FrostStrike+1","DeathKnight:BoneStorm","DeathKnight:WraithWalk","DeathKnight:Outbreak","DeathKnight:FrosPresence","DeathKnight:BloodBoil+1","DeathKnight:Contagion","DeathKnight:FoulBulwark","DeathKnight:WraithWalk+1","DeathKnight:Hysteria+1","DeathKnight:UnholyAssault+1","DeathKnight:HowlingBlast+1","DeathKnight:IcyTouch+1","DeathKnight:WraithWalk+1"],"relics":["DeathKnight:BrokenRuneblade","White Beast Statue","Thread and Needle","Incense Burner","Regal Pillow","Bloody Idol","SlaversCollar","Singing Bowl","Oddly Smooth Stone","Lantern","DeathKnight:ScourgePlagueSample","Shuriken","Philosopher\u0027s Stone","Ornamental Fan","Mummified Hand"],"acts_visited":["Exordium","TheCity","TheBeyond"],"potions_floor_usage":[50,50,50],"damage_taken":[{"damage":8.0,"enemies":"Cultist","floor":1.0,"turns":5.0},{"damage":7.0,"enemies":"Jaw Worm","floor":2.0,"turns":5.0},{"damage":7.0,"enemies":"Small Slimes","floor":3.0,"turns":4.0},{"damage":15.0,"enemies":"3 Sentries","floor":6.0,"turns":7.0},{"damage":0.0,"enemies":"Gremlin Gang","floor":7.0,"turns":5.0},{"damage":3.0,"enemies":"Blue Slaver","floor":10.0,"turns":6.0},{"damage":5.0,"enemies":"Looter","floor":11.0,"turns":4.0},{"damage":6.0,"enemies":"Lagavulin","floor":12.0,"turns":6.0},{"damage":0.0,"enemies":"The Guardian","floor":16.0,"turns":10.0},{"damage":32.0,"enemies":"Shell Parasite","floor":18.0,"turns":7.0},{"damage":0.0,"enemies":"Spheric Guardian","floor":21.0,"turns":6.0},{"damage":0.0,"enemies":"Centurion and Healer","floor":22.0,"turns":6.0},{"damage":52.0,"enemies":"Gremlin Leader","floor":23.0,"turns":6.0},{"damage":19.0,"enemies":"Slavers","floor":28.0,"turns":5.0},{"damage":0.0,"enemies":"Cultist and Chosen","floor":29.0,"turns":5.0},{"damage":25.0,"enemies":"Champ","floor":33.0,"turns":8.0},{"damage":0.0,"enemies":"Orb Walker","floor":35.0,"turns":3.0},{"damage":5.0,"enemies":"3 Darklings","floor":36.0,"turns":6.0},{"damage":12.0,"enemies":"Sphere and 2 Shapes","floor":38.0,"turns":5.0},{"damage":0.0,"enemies":"Jaw Worm Horde","floor":39.0,"turns":5.0},{"damage":23.0,"enemies":"Nemesis","floor":40.0,"turns":5.0},{"damage":22.0,"enemies":"3 Darklings","floor":42.0,"turns":5.0},{"damage":7.0,"enemies":"Writhing Mass","floor":45.0,"turns":7.0},{"damage":34.0,"enemies":"Jaw Worm Horde","floor":46.0,"turns":3.0},{"damage":7.0,"enemies":"Sphere and 2 Shapes","floor":47.0,"turns":5.0},{"damage":0.0,"enemies":"4 Shapes","floor":48.0,"turns":6.0},{"damage":0,"enemies":"Awakened One","floor":50,"turns":9}],"seed_played":"3525649819935221315","potions_obtained":[{"floor":2.0,"key":"Strength Potion"},{"floor":6.0,"key":"SneckoOil"},{"floor":7.0,"key":"ColorlessPotion"},{"floor":10.0,"key":"BlessingOfTheForge"},{"floor":11.0,"key":"ColorlessPotion"},{"floor":18.0,"key":"Explosive Potion"},{"floor":23.0,"key":"Weak Potion"},{"floor":28.0,"key":"Fruit Juice"},{"floor":29.0,"key":"ColorlessPotion"},{"floor":33.0,"key":"Block Potion"},{"floor":35.0,"key":"Fire Potion"},{"floor":36.0,"key":"Swift Potion"},{"floor":38.0,"key":"SteroidPotion"},{"floor":40.0,"key":"DuplicationPotion"},{"floor":42.0,"key":"Block Potion"},{"floor":45.0,"key":"SteroidPotion"},{"floor":46.0,"key":"BlessingOfTheForge"},{"floor":48.0,"key":"Strength Potion"}],"is_trial":false,"path_per_floor":["M","M","M","?","?","E","M","R","T","M","M","E","R","?","R","B",null,"M","$","?","M","M","E","R","?","T","?","E","M","T","$","R","B",null,"M","M","?","M","M","E","R","M","T","?","M","M","M","M","R","B",null],"character_chosen":"DEATH_KNIGHT","items_purchased":["DeathKnight:Contagion","Apotheosis","DeathKnight:BloodStrike","Shuriken","DeathKnight:WraithWalk"],"campfire_rested":4,"item_purchase_floors":[19,19,19,31,31],"current_hp_per_floor":[67,60,53,46,46,31,31,53,53,50,45,39,75,57,57,57,75,43,43,69,69,69,17,52,52,52,52,38,50,55,55,55,35,76,76,76,76,69,76,58,58,41,41,41,39,10,8,13,51,51],"gold":273,"neow_bonus":"TRANSFORM_TWO_CARDS","is_daily":false,"chose_seed":false,"campfire_upgraded":2,"win_rate":0.0,"timestamp":1608412834,"path_taken":["M","?","M","?","?","E","M","R","T","?","?","E","R","?","R","BOSS","M","$","?","M","M","E","R","?","T","?","E","?","?","?","R","BOSS","M","M","?","M","M","E","R","M","T","?","?","M","?","M","R","BOSS"],"items_purchased_type":["Card","Card","Card","Relic","Card"],"build_version":"2020-12-13","purchased_purges":0,"victory":true,"max_hp_per_floor":[75,75,75,75,75,75,75,75,75,75,75,75,75,75,75,75,75,75,75,69,69,69,69,69,69,69,69,69,76,76,76,76,76,76,76,76,76,76,78,78,78,78,78,78,78,78,78,78,78,78],"card_choices":[{"not_picked":["DeathKnight:BludPresence","DeathKnight:DeathCoil"],"picked":"DeathKnight:DancingRuneblade","floor":1.0},{"not_picked":["DeathKnight:DeathCoil","DeathKnight:Ossuary"],"picked":"DeathKnight:WraithWalk","floor":2.0},{"not_picked":["DeathKnight:UnholyFrenzy","DeathKnight:DreadStrike"],"picked":"DeathKnight:BladedArmor","floor":3.0},{"not_picked":["DeathKnight:UnholyPresence","DeathKnight:DancingRuneblade"],"picked":"DeathKnight:Hysteria","floor":6.0},{"not_picked":["DeathKnight:UnholyFrenzy","DeathKnight:BoneStorm"],"picked":"DeathKnight:BladedArmor","floor":7.0},{"not_picked":["DeathKnight:BludPresence","DeathKnight:BloodTap"],"picked":"DeathKnight:Lichborne","floor":10.0},{"not_picked":["DeathKnight:Ossuary","DeathKnight:BloodEchoes"],"picked":"DeathKnight:PlagueStrike","floor":11.0},{"not_picked":["DeathKnight:DarkSuccor","DeathKnight:MindFreeze"],"picked":"DeathKnight:IceboundArmor","floor":12.0},{"not_picked":["DeathKnight:BoneStorm","DeathKnight:RunicDetonation"],"picked":"DeathKnight:SindragosasBreath","floor":16.0},{"not_picked":["DeathKnight:MutagenicPlague+1","DeathKnight:BloodStrike+1"],"picked":"DeathKnight:PlagueStrike","floor":18.0},{"not_picked":["DeathKnight:ShatteringStrikes","DeathKnight:DeathRune"],"picked":"DeathKnight:FoulBulwark","floor":21.0},{"not_picked":["DeathKnight:MutagenicPlague","DeathKnight:Obliterate","DeathKnight:DeathCoil"],"picked":"SKIP","floor":22.0},{"not_picked":["DeathKnight:DeathCoil","DeathKnight:RunicCorruption"],"picked":"DeathKnight:FrostStrike+1","floor":23.0},{"not_picked":["DeathKnight:MarkOfBlood","DeathKnight:BludPresence"],"picked":"DeathKnight:BoneStorm","floor":28.0},{"not_picked":["DeathKnight:DeathRune+1","DeathKnight:BloodTap+1","DeathKnight:Ossuary"],"picked":"Singing Bowl","floor":29.0},{"not_picked":["DeathKnight:VampiricBlood","DeathKnight:RunicDetonation"],"picked":"DeathKnight:Outbreak","floor":33.0},{"not_picked":["DeathKnight:MutagenicPlague","DeathKnight:Hemostasis+1"],"picked":"DeathKnight:FrosPresence","floor":35.0},{"not_picked":["DeathKnight:DeathAndDecay+1","DeathKnight:Pestilence"],"picked":"DeathKnight:BloodBoil+1","floor":36.0},{"not_picked":["DeathKnight:BloodBoil","DeathKnight:DreadStrike+1"],"picked":"DeathKnight:Contagion","floor":38.0},{"not_picked":["DeathKnight:HartStrike","DeathKnight:BoneSpear+1","DeathKnight:RaiseAlly+1"],"picked":"Singing Bowl","floor":39.0},{"not_picked":["DeathKnight:Ossuary+1","DeathKnight:BloodTap"],"picked":"DeathKnight:FoulBulwark","floor":40.0},{"not_picked":["DeathKnight:DeathGrip","DeathKnight:IceboundArmor"],"picked":"DeathKnight:WraithWalk+1","floor":42.0},{"not_picked":["DeathKnight:DeathStrike","DeathKnight:Simulacrum"],"picked":"DeathKnight:UnholyAssault+1","floor":45.0},{"not_picked":["DeathKnight:ScourgeStrike","DeathKnight:DreadStrike"],"picked":"DeathKnight:HowlingBlast+1","floor":46.0},{"not_picked":["DeathKnight:BloodPact","DeathKnight:MindFreeze+1"],"picked":"DeathKnight:IcyTouch+1","floor":47.0},{"not_picked":["DeathKnight:DeathRune","DeathKnight:HartStrike+1"],"picked":"DeathKnight:WraithWalk+1","floor":48.0}],"player_experience":2473818,"relics_obtained":[{"floor":6.0,"key":"Thread and Needle"},{"floor":9.0,"key":"Incense Burner"},{"floor":12.0,"key":"Regal Pillow"},{"floor":23.0,"key":"Singing Bowl"},{"floor":26.0,"key":"Oddly Smooth Stone"},{"floor":28.0,"key":"Lantern"},{"floor":30.0,"key":"DeathKnight:ScourgePlagueSample"},{"floor":40.0,"key":"Ornamental Fan"},{"floor":43.0,"key":"Mummified Hand"}],"event_choices":[{"damage_healed":0.0,"max_hp_gain":0.0,"max_hp_loss":0.0,"gold_gain":0.0,"event_name":"Scrap Ooze","player_choice":"Success","floor":4.0,"gold_loss":0.0,"damage_taken":7.0,"relics_obtained":["White Beast Statue"]},{"damage_healed":0.0,"max_hp_gain":0.0,"max_hp_loss":0.0,"gold_gain":0.0,"event_name":"Upgrade Shrine","player_choice":"Upgraded","floor":5.0,"gold_loss":0.0,"damage_taken":0.0,"cards_upgraded":["DeathKnight:RuneStrike"]},{"damage_healed":0.0,"max_hp_gain":0.0,"max_hp_loss":0.0,"gold_gain":0.0,"event_name":"Golden Idol","player_choice":"Take Damage","floor":14.0,"gold_loss":0.0,"damage_taken":18.0,"relics_obtained":["Golden Idol"]},{"cards_removed":["Decay"],"damage_healed":0.0,"max_hp_gain":0.0,"max_hp_loss":0.0,"gold_gain":0.0,"event_name":"Back to Basics","player_choice":"Elegance","floor":25.0,"gold_loss":0.0,"damage_taken":0.0},{"damage_healed":0.0,"max_hp_gain":0.0,"max_hp_loss":0.0,"gold_gain":0.0,"event_name":"Forgotten Altar","player_choice":"Gave Idol","floor":27.0,"relics_lost":["Golden Idol"],"gold_loss":0.0,"damage_taken":0.0,"relics_obtained":["Bloody Idol"]},{"damage_healed":0.0,"max_hp_gain":0.0,"max_hp_loss":0.0,"gold_gain":0.0,"event_name":"Tomb of Lord Red Mask","player_choice":"Ignored","floor":37.0,"gold_loss":0.0,"damage_taken":0.0},{"damage_healed":0.0,"max_hp_gain":0.0,"max_hp_loss":0.0,"gold_gain":0.0,"event_name":"Duplicator","player_choice":"Copied","floor":44.0,"gold_loss":0.0,"damage_taken":0.0,"cards_obtained":["DeathKnight:Hysteria"]}],"is_beta":false,"boss_relics":[{"not_picked":["Velvet Choker","Astrolabe"],"picked":"SlaversCollar"},{"not_picked":["Snecko Eye","Pandora\u0027s Box"],"picked":"Philosopher\u0027s Stone"}],"items_purged_floors":[],"is_endless":false,"potions_floor_spawned":[2,6,7,10,11,12,16,18,21,22,23,28,29,33,35,36,38,39,40,42,45,46,47,48],"ascension_level":0}}