{"host":"hfvpa4llnnjpeawn","time":1608368522,"event":{"mods":["2.2 Compatiblity","AchievementEnabler","Act Like it!","Aspiration","Bard","BaseMod","Beaked The Cultist","Better Sensory Stone","Better Skull","Better Third Choice","BetterRewards","CapriCore","Conspire","Downfall","Elementarium","Energized Spire","Hermit","Hubris","Jorbs\u0027s Wanderer Trilogy","Koishi","Lobotomy","LobotomyExtend","Minty Spire (QoL Compilation)","Replay The Spire","Shade Mod","Spicy Shops","StSLib","The Bladedancer","The Factory","The Gatherer","The Jungle","Waifu the Spire","Wandering Minibosses"],"gold_per_floor":[114,114,130,150,150,150,150,150,197,227,227,244,255,12,12,115,115,133,119,26,76,457,457,9,9,57,57,57,57,57],"floor_reached":29,"playtime":1339,"items_purged":[],"score":250,"play_id":"bb1fe766-6b21-47c1-afd0-76db32ada580","local_time":"20201219040202","is_ascension_mode":true,"campfire_choices":[{"floor":6,"key":"REST"},{"floor":8,"key":"REST"},{"floor":11,"key":"REST"},{"data":"Barricade","floor":15,"key":"SMITH"},{"floor":23,"key":"REST"},{"data":"Entrench","floor":25,"key":"SMITH"},{"data":"hubris:StunningStrike","floor":27,"key":"SMITH"}],"circlet_count":0,"master_deck":["Strike_R","Strike_R","Strike_R","Strike_R","Defend_R","Defend_R","Defend_R","Defend_R","Bash","FairyFestival","Feel No Pain","SingingMachine","Metallicize","WallGazer","Scarecrow","ReplayTheSpireMod:Strike From Hell","Entrench+1","SilentOrchestra","CrumblingArmor","Barricade+1","expansioncontent:CaCaw","conspire:Charge","Combust","Variant","Juggernaut","DespairKnight","hubris:StunningStrike+1","Impervious","Normality"],"relics":["Burning Blood","CogitoBucket","LetterFromLob","hubris:FruitBowl","Thread and Needle","hubris:EvacipatedBox","SsserpentHead","PreservedInsect","Replay:Baseball","BehaviorAdjustment","aspiration:DefectSkillbook","MutagenicStrength","Pear","Replay:Rubber Ducky","Red Skull","LaetitiaHeart"],"acts_visited":["Exordium","TheCity"],"potions_floor_usage":[13],"damage_taken":[{"damage":10,"enemies":"Small Slimes","floor":1,"turns":3},{"damage":1,"enemies":"Cultist","floor":3,"turns":3},{"damage":8,"enemies":"Jaw Worm","floor":4,"turns":5},{"damage":36,"enemies":"Gremlin Nob","floor":10,"turns":4},{"damage":6,"enemies":"Blue Slaver","floor":12,"turns":3},{"damage":22,"enemies":"2 Fungi Beasts","floor":13,"turns":3},{"damage":64,"enemies":"Hexaghost","floor":16,"turns":7},{"damage":46,"enemies":"2 Thieves","floor":18,"turns":2},{"damage":2,"enemies":"Chosen","floor":29,"turns":2}],"seed_played":"-2635135979009869139","potions_obtained":[{"floor":12,"key":"Explosive Potion"},{"floor":16,"key":"CultistPotion"},{"floor":18,"key":"Weak Potion"}],"is_trial":false,"path_per_floor":["M","?","M","M","$","R","?","R","T","E","R","M","M","$","R","B",null,"M","?","$","?","?","R","$","R","T","R","E","M"],"character_chosen":"IRONCLAD","items_purchased":["hubris:FruitBowl","Thread and Needle","hubris:EvacipatedBox","expansioncontent:CaCaw","conspire:Charge","Combust","hubris:StunningStrike","Impervious","Pear","Replay:Rubber Ducky"],"campfire_rested":4,"item_purchase_floors":[5,5,5,14,14,14,20,24,24,24],"current_hp_per_floor":[76,76,80,78,21,45,45,69,69,41,65,69,59,59,59,20,80,42,62,62,62,31,55,70,70,70,70,1,0,0],"gold":57,"neow_bonus":"","is_daily":false,"chose_seed":false,"campfire_upgraded":3,"win_rate":0.0,"timestamp":1608368522,"path_taken":["M","?","?","M","?","R","?","R","T","E","R","M","M","$","R","BOSS","M","?","?","?","?","R","$","R","T","R","E","M"],"items_purchased_type":["Relic","Relic","Relic","Card","Card","Card","Card","Card","Relic","Relic"],"build_version":"2020-12-13","purchased_purges":0,"victory":false,"max_hp_per_floor":[80,80,80,80,80,80,80,80,80,80,80,80,80,80,80,80,80,80,80,80,80,80,80,95,95,95,95,1,1,1],"card_choices":[{"not_picked":["Scorched","HeroicMonk"],"picked":"FairyFestival","floor":1},{"not_picked":["Evolve","Abandon"],"picked":"Feel No Pain","floor":1},{"not_picked":["CherryBlossoms","VoidDream"],"picked":"SingingMachine","floor":3},{"not_picked":["Warcry","Body Slam"],"picked":"Metallicize","floor":3},{"not_picked":["ShyLook","LongBird","Scorched"],"picked":"Singing Bowl","floor":4},{"not_picked":["MHz","Bloodbath"],"picked":"WallGazer","floor":4},{"not_picked":["hubris:ReadiedAction","Clothesline","Pommel Strike"],"picked":"SKIP","floor":4},{"not_picked":["hubris:ReadiedAction","Clothesline","Pommel Strike"],"picked":"SKIP","floor":4},{"not_picked":["NakedNest","Murderer"],"picked":"Scarecrow","floor":10},{"not_picked":["Havoc","Thunderclap"],"picked":"ReplayTheSpireMod:Strike From Hell","floor":10},{"not_picked":["Sever Soul","Battle Trance"],"picked":"Entrench","floor":12},{"not_picked":["OSAHOGD","LittlePrince","UniverseFragment"],"picked":"Singing Bowl","floor":12},{"not_picked":["CrumblingArmor","FieryBird"],"picked":"SilentOrchestra","floor":12},{"not_picked":["SpiderBud","Murderer","Funeral"],"picked":"Singing Bowl","floor":13},{"not_picked":["Scorched","Funeral"],"picked":"CrumblingArmor","floor":13},{"not_picked":["Replay:Undeath\u0027s Touch","Pommel Strike"],"picked":"Barricade","floor":13},{"not_picked":["BeautyBeast","Woodsman"],"picked":"Variant","floor":16},{"not_picked":["Exhume","Offering"],"picked":"Juggernaut","floor":16},{"not_picked":["BigBird","Bloodbath","LaLuna"],"picked":"Singing Bowl","floor":18},{"not_picked":["NakedNest","MHz"],"picked":"DespairKnight","floor":18},{"not_picked":["Blood for Blood","Compile Driver","True Grit+1","Redo"],"picked":"SKIP","floor":18},{"not_picked":["Blood for Blood","Compile Driver","True Grit+1","Redo"],"picked":"SKIP","floor":18}],"player_experience":273545,"relics_obtained":[{"floor":1,"key":"LetterFromLob"},{"floor":9,"key":"PreservedInsect"},{"floor":10,"key":"Replay:Baseball"},{"floor":26,"key":"Red Skull"}],"event_choices":[{"cards_removed":["Strike_R"],"damage_healed":0,"gold_gain":0,"player_choice":"Purged","damage_taken":0,"max_hp_gain":0,"max_hp_loss":0,"event_name":"Purifier","floor":2,"gold_loss":0},{"damage_healed":0,"gold_gain":0,"player_choice":"Trade","damage_taken":0,"relics_obtained":["SsserpentHead"],"max_hp_gain":0,"max_hp_loss":0,"event_name":"FaceTrader","floor":7,"gold_loss":0},{"damage_healed":0,"gold_gain":0,"player_choice":"Inject Mutagens","damage_taken":0,"relics_obtained":["MutagenicStrength"],"max_hp_gain":0,"max_hp_loss":0,"event_name":"Drug Dealer","floor":21,"gold_loss":0},{"damage_healed":0,"gold_gain":331,"player_choice":"GO GO GO ","damage_taken":34,"relics_obtained":[],"max_hp_gain":0,"max_hp_loss":0,"event_name":"betterSkull:BetterSkull","floor":22,"gold_loss":0,"cards_upgraded":[]}],"is_beta":false,"boss_relics":[{"not_picked":["energizedSpire:MagnifyingGlass","energizedSpire:OgreHead","energizedSpire:DeadBattery"],"picked":"aspiration:DefectSkillbook"}],"items_purged_floors":[],"is_endless":false,"potions_floor_spawned":[12,16,18],"killed_by":"Chosen","ascension_level":3}}