{"host":"ggy1mjjy92c62u6a","time":1608348719,"event":{"mods":["ATMod(°¢èªMod)","BaseMod","Colored Powertips","Minty Spire (QoL Compilation)","Quick Restart","Shop Mod","Spicy Shops","StSLib"],"gold_per_floor":[117,117,130,55,55,55,99,99,124,145,159,184,203,39,39,39,39],"floor_reached":16,"playtime":547,"items_purged":["Strike_G"],"score":140,"play_id":"d614dd2f-eb4c-4dec-8d6e-fcfcbd8bc7f7","local_time":"20201219113159","is_ascension_mode":true,"campfire_choices":[{"data":"AT_ThistleTea","floor":6.0,"key":"SMITH"},{"data":"Dagger Throw","floor":8.0,"key":"SMITH"},{"floor":15.0,"key":"REST"}],"circlet_count":0,"master_deck":["Strike_G","Strike_G","Strike_G","Strike_G","Defend_G","Defend_G","Defend_G","Defend_G","Defend_G","Survivor","Neutralize","AT_FamilyPortrait+1","AT_ThistleTea+1","Dagger Throw+1","Reflex","Prepared","AT_WindFlip","Calculated Gamble"],"relics":["Ring of the Snake","AT_ATBox","NeowsBlessing","Golden Idol","Nunchaku","MerchantsRug"],"acts_visited":["Exordium"],"potions_floor_usage":[16,16],"damage_taken":[{"damage":0.0,"enemies":"Cultist","floor":1.0,"turns":1.0},{"damage":4.0,"enemies":"Jaw Worm","floor":3.0,"turns":2.0},{"damage":0.0,"enemies":"Gremlin Nob","floor":7.0,"turns":1.0},{"damage":4.0,"enemies":"Small Slimes","floor":10.0,"turns":5.0},{"damage":1.0,"enemies":"Red Slaver","floor":11.0,"turns":3.0},{"damage":33.0,"enemies":"Exordium Thugs","floor":12.0,"turns":7.0},{"damage":1.0,"enemies":"Blue Slaver","floor":13.0,"turns":4.0},{"damage":21,"enemies":"Hexaghost","floor":16,"turns":9}],"seed_played":"-4240421258726630322","potions_obtained":[{"floor":10.0,"key":"Strength Potion"},{"floor":11.0,"key":"BlessingOfTheForge"},{"floor":12.0,"key":"Swift Potion"},{"floor":13.0,"key":"SkillPotion"}],"is_trial":false,"path_per_floor":["M","?","M","$","?","R","E","R","T","M","M","M","M","$","R","B"],"character_chosen":"THE_SILENT","items_purchased":["MerchantsRug","Calculated Gamble"],"campfire_rested":1,"item_purchase_floors":[14,14],"current_hp_per_floor":[70,53,49,49,49,49,49,49,49,45,44,11,10,10,31,10,10],"gold":39,"neow_bonus":"THREE_ENEMY_KILL","is_daily":false,"chose_seed":false,"campfire_upgraded":2,"win_rate":0.0,"timestamp":1608348719,"path_taken":["M","?","M","?","?","R","E","R","T","M","?","M","M","$","R","BOSS"],"items_purchased_type":["Relic","Card"],"build_version":"2020-12-13","purchased_purges":1,"victory":false,"max_hp_per_floor":[70,70,70,70,70,70,70,70,70,70,70,70,70,70,70,70,70],"card_choices":[{"not_picked":["Underhanded Strike","Slice"],"picked":"AT_ThistleTea","floor":1.0},{"not_picked":["Underhanded Strike","Dagger Spray","Poisoned Stab"],"picked":"SKIP","floor":3.0},{"not_picked":["Dodge and Roll","Malaise"],"picked":"Dagger Throw","floor":7.0},{"not_picked":["Backflip","PiercingWail"],"picked":"Reflex","floor":10.0},{"not_picked":["Dagger Spray","Underhanded Strike","Blur"],"picked":"SKIP","floor":11.0},{"not_picked":["Sucker Punch","Slice"],"picked":"Prepared","floor":12.0},{"not_picked":["AT_ShadowStep","Eviscerate"],"picked":"AT_WindFlip","floor":13.0}],"player_experience":30175,"relics_obtained":[{"floor":7.0,"key":"Nunchaku"},{"floor":9.0,"key":"Potion Belt"}],"event_choices":[{"damage_healed":0.0,"max_hp_gain":0.0,"max_hp_loss":0.0,"gold_gain":0.0,"event_name":"Golden Idol","player_choice":"Take Damage","floor":2.0,"gold_loss":0.0,"damage_taken":17.0,"relics_obtained":["Golden Idol"]},{"damage_healed":0.0,"max_hp_gain":0.0,"max_hp_loss":0.0,"gold_gain":0.0,"event_name":"Upgrade Shrine","player_choice":"Upgraded","floor":5.0,"gold_loss":0.0,"damage_taken":0.0,"cards_upgraded":["AT_FamilyPortrait"]}],"is_beta":false,"boss_relics":[],"items_purged_floors":[4],"is_endless":false,"potions_floor_spawned":[10,11,12,13],"killed_by":"Hexaghost","ascension_level":2}}