{"host":"4axoa1rfjgnprp9l","time":1608393410,"event":{"mods":["2.2 Compatiblity","AchievementEnabler","BaseMod","Colored Map","DeckTracker","Highlight Path","Minty Spire (QoL Compilation)","Permanent Neow","StSLib","SuperFastMode"],"gold_per_floor":[110,110,121,135,145,145,173,173,246,263,263,273,293,308,308,387,387,397,397,397,413,427,453,471,499,545,560,560,46,46,146,146,225,225,242,256,256,275,12,39,39,67,67,67,94,94,113,142,142,142,142],"floor_reached":52,"playtime":4879,"items_purged":["Strike_R+1","Bash"],"score":2043,"play_id":"62edf8b3-2569-480f-861e-57a65b538e7c","local_time":"20201220005650","is_ascension_mode":true,"campfire_choices":[{"data":"Carnage","floor":6.0,"key":"SMITH"},{"data":"Pommel Strike","floor":11.0,"key":"SMITH"},{"data":"True Grit","floor":15.0,"key":"SMITH"},{"data":"Immolate","floor":30.0,"key":"SMITH"},{"data":"Barricade","floor":32.0,"key":"SMITH"},{"data":"Entrench","floor":44.0,"key":"SMITH"},{"data":"Power Through","floor":46.0,"key":"SMITH"},{"floor":49.0,"key":"REST"}],"circlet_count":0,"master_deck":["AscendersBane","Defend_R+1","Defend_R+1","Defend_R+1","Defend_R+1","Barricade+1","Carnage+1","Pommel Strike+1","Shrug It Off","Immolate+1","Intimidate","True Grit+1","Hemokinesis+1","Flame Barrier+1","Seeing Red+1","Necronomicurse","Shockwave+1","Warcry+1","Entrench+1","Disarm","Warcry+1","Offering","Power Through+1","Shrug It Off"],"relics":["Burning Blood","Magic Flower","Orichalcum","Ornamental Fan","Astrolabe","Necronomicon","Shovel","Dream Catcher","StoneCalendar","Strawberry","Frozen Eye","Tiny Chest","Mango","Letter Opener","Mark of Pain","Potion Belt","Gremlin Horn","Pear","Anchor","Art of War"],"acts_visited":["TheCity","TheBeyond"],"potions_floor_usage":[51,51,51],"damage_taken":[{"damage":9.0,"enemies":"2 Louse","floor":1.0,"turns":3.0},{"damage":4.0,"enemies":"Small Slimes","floor":3.0,"turns":3.0},{"damage":14.0,"enemies":"Jaw Worm","floor":4.0,"turns":4.0},{"damage":9.0,"enemies":"Blue Slaver","floor":5.0,"turns":4.0},{"damage":40.0,"enemies":"3 Sentries","floor":7.0,"turns":9.0},{"damage":20.0,"enemies":"Exordium Thugs","floor":10.0,"turns":7.0},{"damage":3.0,"enemies":"2 Fungi Beasts","floor":12.0,"turns":3.0},{"damage":0.0,"enemies":"3 Louse","floor":13.0,"turns":1.0},{"damage":0.0,"enemies":"Exordium Wildlife","floor":14.0,"turns":4.0},{"damage":16.0,"enemies":"The Guardian","floor":16.0,"turns":14.0},{"damage":17.0,"enemies":"2 Thieves","floor":18.0,"turns":4.0},{"damage":0.0,"enemies":"Chosen","floor":21.0,"turns":2.0},{"damage":1.0,"enemies":"Centurion and Healer","floor":22.0,"turns":4.0},{"damage":12.0,"enemies":"Gremlin Leader","floor":23.0,"turns":3.0},{"damage":2.0,"enemies":"Snecko","floor":24.0,"turns":2.0},{"damage":47.0,"enemies":"Slavers","floor":25.0,"turns":5.0},{"damage":25.0,"enemies":"Snake Plant","floor":27.0,"turns":3.0},{"damage":0.0,"enemies":"Colosseum Slavers","floor":31.0,"turns":1.0},{"damage":2.0,"enemies":"Colosseum Nobs","floor":31.0,"turns":2.0},{"damage":67.0,"enemies":"Automaton","floor":33.0,"turns":8.0},{"damage":9.0,"enemies":"Orb Walker","floor":35.0,"turns":3.0},{"damage":0.0,"enemies":"3 Shapes","floor":36.0,"turns":1.0},{"damage":29.0,"enemies":"Jaw Worm Horde","floor":38.0,"turns":4.0},{"damage":17.0,"enemies":"Reptomancer","floor":40.0,"turns":5.0},{"damage":27.0,"enemies":"Giant Head","floor":42.0,"turns":8.0},{"damage":6.0,"enemies":"4 Shapes","floor":47.0,"turns":1.0},{"damage":8.0,"enemies":"Reptomancer","floor":48.0,"turns":4.0},{"damage":12.0,"enemies":"Donu and Deca","floor":50.0,"turns":12.0},{"damage":25,"enemies":"Awakened One","floor":51,"turns":16}],"seed_played":"5320702498663806210","potions_obtained":[{"floor":1.0,"key":"FairyPotion"},{"floor":4.0,"key":"CultistPotion"},{"floor":10.0,"key":"Strength Potion"},{"floor":14.0,"key":"LiquidMemories"},{"floor":18.0,"key":"SkillPotion"},{"floor":23.0,"key":"EntropicBrew"},{"floor":24.0,"key":"BloodPotion"},{"floor":35.0,"key":"FearPotion"},{"floor":40.0,"key":"Fire Potion"},{"floor":48.0,"key":"DuplicationPotion"}],"is_trial":false,"path_per_floor":["M","?","M","M","M","R","E","?","T","M","R","M","M","M","R","B",null,"M","?","?","M","M","E","M","E","T","M","?","$","R","?","R","B",null,"M","M","?","M","$","E","?","E","T","R","T","R","M","E","R","B","B",null],"character_chosen":"IRONCLAD","items_purchased":["Frozen Eye","Entrench","Disarm","Tiny Chest","Offering"],"campfire_rested":1,"item_purchase_floors":[29,29,29,29,39],"current_hp_per_floor":[65,20,25,20,20,20,27,52,52,41,41,47,56,65,65,58,71,63,42,42,51,59,56,63,48,55,39,39,39,39,69,69,11,75,75,84,84,64,64,56,56,38,48,48,48,48,51,52,83,80,64],"gold":142,"neow_bonus":"TRANSFORM_CARD","is_daily":false,"chose_seed":false,"campfire_upgraded":7,"win_rate":0.0,"timestamp":1608393410,"path_taken":["M","?","M","M","M","R","E","?","T","M","R","M","M","M","R","BOSS","M","?","?","M","M","E","M","E","T","?","?","$","R","?","R","BOSS","M","M","?","M","$","E","?","E","T","R","?","R","M","E","R","BOSS","BOSS"],"items_purchased_type":["Relic","Card","Card","Relic","Card"],"build_version":"2020-12-13","purchased_purges":2,"victory":true,"max_hp_per_floor":[75,75,75,75,75,75,75,75,75,75,75,75,75,75,75,75,75,75,75,75,75,75,75,75,75,82,82,82,82,82,96,96,96,96,96,96,96,96,96,96,96,96,106,106,106,106,106,106,106,106,106],"card_choices":[{"not_picked":["Burning Pact","Searing Blow"],"picked":"Carnage","floor":1.0},{"not_picked":["Iron Wave","Thunderclap","Twin Strike"],"picked":"SKIP","floor":3.0},{"not_picked":["Flex","Feel No Pain"],"picked":"Pommel Strike","floor":4.0},{"not_picked":["Headbutt","Iron Wave"],"picked":"Flame Barrier","floor":5.0},{"not_picked":["Rupture","Burning Pact","Dropkick"],"picked":"SKIP","floor":7.0},{"not_picked":["Blood for Blood","Armaments"],"picked":"Shrug It Off","floor":10.0},{"not_picked":["Sword Boomerang","Cleave"],"picked":"Immolate","floor":12.0},{"not_picked":["Cleave","Combust"],"picked":"Intimidate","floor":13.0},{"not_picked":["Inflame","Uppercut"],"picked":"True Grit","floor":14.0},{"not_picked":["Iron Wave","Intimidate","Dark Embrace"],"picked":"SKIP","floor":18.0},{"not_picked":["Sword Boomerang","Clash+1"],"picked":"Shockwave+1","floor":21.0},{"not_picked":["Flame Barrier","Heavy Blade"],"picked":"Warcry+1","floor":22.0},{"not_picked":["Headbutt","Juggernaut","Warcry"],"picked":"SKIP","floor":23.0},{"not_picked":["Rage","Twin Strike+1","Iron Wave"],"picked":"SKIP","floor":24.0},{"not_picked":["Reckless Charge","Havoc","True Grit"],"picked":"SKIP","floor":25.0},{"not_picked":["Spot Weakness+1","Burning Pact","Cleave"],"picked":"SKIP","floor":27.0},{"not_picked":["Anger","Havoc"],"picked":"Warcry+1","floor":35.0},{"not_picked":["Dropkick","Blood for Blood","Thunderclap+1"],"picked":"SKIP","floor":36.0},{"not_picked":["Flex","Havoc","Intimidate"],"picked":"SKIP","floor":38.0},{"not_picked":["Clash+1","Clothesline","Sword Boomerang"],"picked":"SKIP","floor":40.0},{"not_picked":["Havoc","Iron Wave"],"picked":"Power Through","floor":42.0},{"not_picked":["Wild Strike","Seeing Red","Clash"],"picked":"SKIP","floor":47.0},{"not_picked":["Demon Form","Perfected Strike","Heavy Blade"],"picked":"SKIP","floor":48.0},{"not_picked":["Dropkick","Thunderclap+1"],"picked":"Shrug It Off","floor":49.0}],"player_experience":748156,"relics_obtained":[{"floor":7.0,"key":"Orichalcum"},{"floor":9.0,"key":"Ornamental Fan"},{"floor":19.0,"key":"Necronomicon"},{"floor":23.0,"key":"Dream Catcher"},{"floor":25.0,"key":"StoneCalendar"},{"floor":26.0,"key":"Strawberry"},{"floor":31.0,"key":"Mango"},{"floor":31.0,"key":"Letter Opener"},{"floor":40.0,"key":"Potion Belt"},{"floor":42.0,"key":"Gremlin Horn"},{"floor":43.0,"key":"Pear"},{"floor":45.0,"key":"Anchor"},{"floor":48.0,"key":"Art of War"}],"event_choices":[{"damage_healed":0.0,"max_hp_gain":0.0,"max_hp_loss":0.0,"gold_gain":0.0,"event_name":"Scrap Ooze","player_choice":"Success","floor":2.0,"gold_loss":0.0,"damage_taken":45.0,"relics_obtained":["Magic Flower"]},{"damage_healed":25.0,"max_hp_gain":0.0,"max_hp_loss":0.0,"gold_gain":0.0,"event_name":"Big Fish","player_choice":"Banana","floor":8.0,"gold_loss":0.0,"damage_taken":0.0},{"damage_healed":0.0,"max_hp_gain":0.0,"max_hp_loss":0.0,"gold_gain":0.0,"event_name":"Cursed Tome","player_choice":"Obtained Book","floor":19.0,"gold_loss":0.0,"damage_taken":21.0},{"damage_healed":0.0,"max_hp_gain":0.0,"max_hp_loss":0.0,"gold_gain":0.0,"event_name":"WeMeetAgain","player_choice":"Gave Potion","floor":20.0,"gold_loss":0.0,"damage_taken":0.0,"relics_obtained":["Shovel"]},{"damage_healed":0.0,"max_hp_gain":0.0,"max_hp_loss":0.0,"gold_gain":0.0,"event_name":"Back to Basics","player_choice":"Simplicity","floor":28.0,"gold_loss":0.0,"damage_taken":0.0,"cards_upgraded":["Strike_R","Defend_R","Defend_R","Defend_R","Defend_R"]},{"damage_healed":0.0,"max_hp_gain":0.0,"max_hp_loss":0.0,"gold_gain":0.0,"event_name":"Colosseum","player_choice":"Fight","floor":31.0,"gold_loss":0.0,"damage_taken":0.0},{"damage_healed":0.0,"max_hp_gain":0.0,"max_hp_loss":0.0,"gold_gain":0.0,"event_name":"Colosseum","player_choice":"Fought Nobs","floor":31.0,"gold_loss":0.0,"damage_taken":0.0},{"cards_removed":["Flame Barrier"],"damage_healed":0.0,"max_hp_gain":0.0,"max_hp_loss":0.0,"gold_gain":0.0,"event_name":"Falling","player_choice":"Removed Skill","floor":37.0,"gold_loss":0.0,"damage_taken":0.0},{"damage_healed":0.0,"max_hp_gain":0.0,"max_hp_loss":0.0,"gold_gain":0.0,"event_name":"SecretPortal","player_choice":"Ignored","floor":41.0,"gold_loss":0.0,"damage_taken":0.0}],"is_beta":false,"boss_relics":[{"not_picked":["Runic Dome","Calling Bell"],"picked":"Astrolabe"},{"not_picked":["Runic Pyramid","SlaversCollar"],"picked":"Mark of Pain"}],"items_purged_floors":[29,39],"is_endless":false,"potions_floor_spawned":[1,4,10,14,18,23,24,31,35,40,48],"ascension_level":20}}