{"host":"BK","time":1608344174,"event":{"mods":["BaseMod","Highlight Path","Minty Spire (QoL Compilation)","StSLib"],"gold_per_floor":[115,115,127,139,153,153,184,184,184,184,29,29,47,99,99,176,176,194,213,47,47,47,47,47,47],"floor_reached":24,"playtime":4250,"items_purged":["Strike_B"],"score":388,"play_id":"bada553c-512e-4ad6-a87c-940e125b4196","local_time":"20201218191614","is_ascension_mode":true,"campfire_choices":[{"data":"Ball Lightning","floor":6,"key":"SMITH"},{"data":"Streamline","floor":10,"key":"SMITH"},{"floor":12,"key":"REST"},{"data":"Cold Snap","floor":15,"key":"SMITH"},{"data":"Fission","floor":23,"key":"SMITH"}],"circlet_count":0,"master_deck":["AscendersBane","Defend_B","Defend_B","Defend_B","Defend_B","Zap","Dualcast","Streamline+1","Beam Cell","Cold Snap+1","Self Repair","Ball Lightning+1","Capacitor","Undo","Fission+1","BootSequence+1","Recycle+1","Leap+1","Genetic Algorithm"],"relics":["Cracked Core","Lantern","Singing Bowl","Anchor","Astrolabe","Runic Capacitor"],"acts_visited":["Exordium","TheCity"],"potions_floor_usage":[16,19,24],"damage_taken":[{"damage":13,"enemies":"2 Louse","floor":1,"turns":2},{"damage":2,"enemies":"Small Slimes","floor":3,"turns":3},{"damage":0,"enemies":"Jaw Worm","floor":4,"turns":2},{"damage":12,"enemies":"3 Louse","floor":5,"turns":4},{"damage":26,"enemies":"Lagavulin","floor":7,"turns":5},{"damage":8,"enemies":"Blue Slaver","floor":13,"turns":2},{"damage":14,"enemies":"Slime Boss","floor":16,"turns":7},{"damage":35,"enemies":"Shell Parasite","floor":18,"turns":7},{"damage":5,"enemies":"2 Thieves","floor":19,"turns":4},{"damage":22,"enemies":"Book of Stabbing","floor":24,"turns":5}],"seed_played":"3589279594794480344","potions_obtained":[{"floor":3,"key":"LiquidMemories"},{"floor":4,"key":"PowerPotion"},{"floor":16,"key":"Fire Potion"}],"is_trial":false,"path_per_floor":["M","?","M","M","M","R","E","?","T","R","$","R","M","T","R","B",null,"M","M","$","?","?","R","E"],"character_chosen":"DEFECT","items_purchased":["Capacitor","Runic Capacitor"],"campfire_rested":1,"item_purchase_floors":[11,20],"current_hp_per_floor":[51,51,49,49,44,44,25,30,30,30,30,52,51,51,51,44,68,42,44,44,44,22,22,0,0],"gold":47,"neow_bonus":"THREE_CARDS","is_daily":false,"chose_seed":false,"campfire_upgraded":4,"win_rate":0.0,"timestamp":1608344174,"path_taken":["M","?","M","M","M","R","E","?","T","R","$","R","M","?","R","BOSS","M","M","$","?","?","R","E"],"items_purchased_type":["Card","Relic"],"build_version":"2020-12-17","purchased_purges":1,"victory":false,"max_hp_per_floor":[71,71,71,71,71,71,71,76,76,76,76,76,76,76,76,76,76,78,78,78,78,83,83,83,83],"card_choices":[{"not_picked":["Gash","Turbo"],"picked":"Streamline","floor":0},{"not_picked":["Barrage","Aggregate"],"picked":"Beam Cell","floor":1},{"not_picked":["Chaos","Leap"],"picked":"Cold Snap","floor":3},{"not_picked":["White Noise","Static Discharge"],"picked":"Self Repair","floor":4},{"not_picked":["Heatsinks","Lockon"],"picked":"Ball Lightning","floor":5},{"not_picked":["Go for the Eyes","Storm","Chill"],"picked":"SKIP","floor":7},{"not_picked":["Reinforced Body","Stack"],"picked":"Undo","floor":13},{"not_picked":["All For One","Rainbow"],"picked":"Fission","floor":16},{"not_picked":["BootSequence+1","Redo","Beam Cell"],"picked":"Singing Bowl","floor":18},{"not_picked":["Self Repair+1","Steam"],"picked":"Genetic Algorithm","floor":19}],"player_experience":2369390,"relics_obtained":[{"floor":7,"key":"Lantern"},{"floor":9,"key":"Singing Bowl"},{"floor":14,"key":"Anchor"}],"event_choices":[{"damage_healed":0,"gold_gain":0,"player_choice":"Ignored","damage_taken":0,"max_hp_gain":0,"max_hp_loss":0,"event_name":"Liars Game","floor":2,"gold_loss":0},{"damage_healed":0,"gold_gain":0,"player_choice":"Donut","damage_taken":0,"max_hp_gain":5,"max_hp_loss":0,"event_name":"Big Fish","floor":8,"gold_loss":0},{"damage_healed":0,"gold_gain":0,"player_choice":"Ignored","damage_taken":0,"max_hp_gain":0,"max_hp_loss":0,"event_name":"Vampires","floor":21,"gold_loss":0},{"damage_healed":0,"gold_gain":0,"player_choice":"Shed Blood","damage_taken":27,"max_hp_gain":5,"max_hp_loss":0,"event_name":"Forgotten Altar","floor":22,"gold_loss":0}],"is_beta":true,"boss_relics":[{"not_picked":["Ectoplasm","Runic Pyramid"],"picked":"Astrolabe"}],"items_purged_floors":[11],"is_endless":false,"potions_floor_spawned":[3,4,16],"killed_by":"Book of Stabbing","ascension_level":20}}