{"host":"9d83omykrosjn1d3","time":1608392640,"event":{"mods":["AchievementEnabler","BaseMod","BetterRewards","Card Forge","Hubris","MarisaÅiñ∂âJÅ@ñÇóùçπÅj","Minty Spire (QoL Compilation)","Permanent Neow","Shop Mod","StSLib","SuperFastMode"],"gold_per_floor":[109,128,128,128,148,148,182,182,209,219,235,235,235,269,269,364,364,374,391,139,159,172,203,216,247,247,262,262,287,297,212,212,212,212,230,247,263,318,335,365,365,383,383,395,395,405,437,437,437,437,437,437,437,465,465],"floor_reached":56,"playtime":1408,"items_purged":[],"score":2019,"play_id":"6fdf3195-12b9-4cb6-b7cc-171c56b81be4","local_time":"20201220004400","is_ascension_mode":true,"campfire_choices":[{"floor":6,"key":"RECALL"},{"floor":8,"key":"REST"},{"floor":15,"key":"REST"},{"data":"Searing Blow+21","floor":28,"key":"SMITH"},{"data":"Searing Blow+22","floor":32,"key":"SMITH"},{"data":"Searing Blow+23","floor":41,"key":"SMITH"},{"data":"Searing Blow+24","floor":45,"key":"SMITH"},{"data":"Searing Blow+26","floor":49,"key":"SMITH"},{"data":"Searing Blow+27","floor":52,"key":"SMITH"}],"circlet_count":0,"master_deck":["Madness+1","Impatience+1","Madness+1","Searing Blow+28","Backflip+1"],"relics":["Burning Blood","Hammer of Thor","Seething Fire","Anvil of the Gods","hubris:Icosahedron","hubris:Towel","Nunchaku","hubris:CuriousFeather","Black Star","MerchantsRug","Sling","hubris:CrystalStatue","hubris:DisguiseKit","Centennial Puzzle","hubris:PeanutButter","Omamori","Happy Flower","Juzu Bracelet","Lantern","Coffee Dripper","Torii","Turnip","Vajra","Toy Ornithopter","Strawberry","Sundial","Bag of Marbles","Pen Nib"],"acts_visited":["Exordium","TheCity","TheBeyond","TheEnding"],"potions_floor_usage":[55,55],"damage_taken":[{"damage":0,"enemies":"2 Louse","floor":1,"turns":1},{"damage":0,"enemies":"Jaw Worm","floor":2,"turns":1},{"damage":0,"enemies":"Small Slimes","floor":5,"turns":1},{"damage":0,"enemies":"Gremlin Nob","floor":7,"turns":2},{"damage":0,"enemies":"2 Fungi Beasts","floor":10,"turns":1},{"damage":0,"enemies":"Gremlin Gang","floor":11,"turns":2},{"damage":0,"enemies":"3 Sentries","floor":14,"turns":1},{"damage":0,"enemies":"Hexaghost","floor":16,"turns":1},{"damage":0,"enemies":"3 Byrds","floor":18,"turns":1},{"damage":0,"enemies":"Chosen","floor":19,"turns":1},{"damage":0,"enemies":"Snecko","floor":21,"turns":1},{"damage":0,"enemies":"3 Cultists","floor":22,"turns":1},{"damage":0,"enemies":"Book of Stabbing","floor":23,"turns":1},{"damage":0,"enemies":"Cultist and Chosen","floor":24,"turns":1},{"damage":0,"enemies":"Gremlin Leader","floor":25,"turns":1},{"damage":0,"enemies":"Snecko","floor":27,"turns":1},{"damage":0,"enemies":"Book of Stabbing","floor":29,"turns":1},{"damage":0,"enemies":"Snake Plant","floor":30,"turns":1},{"damage":0,"enemies":"Collector","floor":33,"turns":1},{"damage":0,"enemies":"Orb Walker","floor":35,"turns":1},{"damage":0,"enemies":"3 Darklings","floor":36,"turns":1},{"damage":0,"enemies":"Writhing Mass","floor":37,"turns":1},{"damage":0,"enemies":"2 Orb Walkers","floor":38,"turns":1},{"damage":0,"enemies":"Maw","floor":39,"turns":1},{"damage":0,"enemies":"Nemesis","floor":40,"turns":1},{"damage":0,"enemies":"Spire Growth","floor":42,"turns":1},{"damage":0,"enemies":"4 Shapes","floor":44,"turns":1},{"damage":0,"enemies":"Transient","floor":46,"turns":1},{"damage":0,"enemies":"Giant Head","floor":47,"turns":1},{"damage":0,"enemies":"Donu and Deca","floor":50,"turns":1},{"damage":0,"enemies":"Shield and Spear","floor":54,"turns":1},{"damage":58,"enemies":"The Heart","floor":55,"turns":4}],"seed_played":"4383480061416638633","potions_obtained":[{"floor":7,"key":"BloodPotion"},{"floor":14,"key":"Energy Potion"},{"floor":16,"key":"Fire Potion"},{"floor":22,"key":"Dexterity Potion"},{"floor":23,"key":"ElixirPotion"},{"floor":25,"key":"Strength Potion"}],"is_trial":false,"path_per_floor":["M","M","?","?","M","R","E","R","T","M","M","$","?","E","R","B",null,"M","M","$","M","M","E","M","E","T","M","R","E","M","?","R","B",null,"M","M","M","?","M","E","R","M","T","M","R","M","E","?","R","B",null,"R","$","E","B",null],"character_chosen":"IRONCLAD","items_purchased":["MerchantsRug","Sling"],"campfire_rested":2,"item_purchase_floors":[20,20],"current_hp_per_floor":[80,80,80,80,80,80,80,80,80,80,80,80,73,79,80,80,80,80,80,80,80,80,80,80,80,80,80,80,80,80,80,80,80,80,80,80,80,80,80,80,80,80,80,80,80,80,87,87,87,87,87,87,87,87,45],"gold":465,"neow_bonus":"THREE_CARDS","is_daily":false,"chose_seed":false,"campfire_upgraded":6,"win_rate":0.0,"timestamp":1608392640,"path_taken":["M","M","?","?","M","R","E","R","T","M","M","$","?","E","R","BOSS","M","M","$","M","M","E","M","E","T","M","R","E","M","?","R","BOSS","M","M","M","?","M","E","R","M","T","M","R","M","E","?","R","BOSS","R","$","E","BOSS"],"items_purchased_type":["Relic","Relic"],"build_version":"2020-12-13","purchased_purges":0,"victory":true,"max_hp_per_floor":[80,80,80,80,80,80,80,80,80,80,80,80,80,80,80,80,80,80,80,80,80,80,80,80,80,80,80,80,80,80,80,80,80,80,80,80,80,80,80,80,80,80,80,80,80,80,87,87,87,87,87,87,87,87,87],"card_choices":[{"not_picked":["Havoc","hubris:SharpeningStone"],"picked":"Clothesline","floor":0},{"not_picked":["hubris:ReadiedAction","Clothesline","Disarm"],"picked":"SKIP","floor":1},{"not_picked":["Shrug It Off","Heavy Blade","Thunderclap"],"picked":"SKIP","floor":2},{"not_picked":["Pummel","Heavy Blade","Body Slam"],"picked":"SKIP","floor":5},{"not_picked":["Shrug It Off","Whirlwind","Inflame"],"picked":"SKIP","floor":7},{"not_picked":["Flex","Second Wind","Clash"],"picked":"SKIP","floor":10},{"not_picked":["Searing Blow","Seeing Red","Clash"],"picked":"SKIP","floor":11},{"not_picked":["Feel No Pain","True Grit","Cleave"],"picked":"SKIP","floor":14},{"not_picked":["Evolve","Combust","Shrug It Off"],"picked":"SKIP","floor":18},{"not_picked":["Wild Strike","Cleave","Feel No Pain"],"picked":"SKIP","floor":19},{"not_picked":["Havoc","Reckless Charge","Shrug It Off"],"picked":"SKIP","floor":21},{"not_picked":["Shrug It Off","Sword Boomerang"],"picked":"Searing Blow+1","floor":22},{"not_picked":["Infernal Blade","Warcry","Juggernaut"],"picked":"SKIP","floor":23},{"not_picked":["Wild Strike","Seeing Red","Pommel Strike","MysteriousBeam"],"picked":"SKIP","floor":24},{"not_picked":["Burning Pact","Fire Breathing","Pommel Strike","DC"],"picked":"SKIP","floor":25},{"not_picked":["Reckless Charge","Rampage","hubris:ReadiedAction+1","WitchLeyline"],"picked":"SKIP","floor":27},{"not_picked":["Thunderclap+1","Heavy Blade","Juggernaut","MeteoricShower"],"picked":"SKIP","floor":29},{"not_picked":["Flame Barrier","Cleave+1","Thunderclap","Robbery"],"picked":"SKIP","floor":30},{"not_picked":["Armaments+1","Battle Trance+1","hubris:ReadiedAction","OrrerysSun"],"picked":"SKIP","floor":35},{"not_picked":["Wild Strike+1","Pommel Strike+1","Warcry","LuminesStrike"],"picked":"SKIP","floor":36},{"not_picked":["Pummel+1","True Grit+1","Heavy Blade+1","UnstableBomb"],"picked":"SKIP","floor":37},{"not_picked":["Sword Boomerang+1","Clothesline+1","Sentinel+1","ShootingEcho"],"picked":"SKIP","floor":39},{"not_picked":["Entrench+1","Clothesline","hubris:ReadiedAction","SuperPerseids"],"picked":"SKIP","floor":40},{"not_picked":["hubris:SharpeningStone","Ghostly Armor+1","Flex","DoubleSpark"],"picked":"SKIP","floor":42},{"not_picked":["hubris:ReadiedAction","Anger","Heavy Blade+1","UltimateShortwave"],"picked":"SKIP","floor":44},{"not_picked":["Second Wind+1","Uppercut+1","Combust","OortCloud"],"picked":"SKIP","floor":46},{"not_picked":["Bloodletting","Pummel","Seeing Red+1","Acceleration"],"picked":"SKIP","floor":47},{"not_picked":["Perfected Strike+1","Reckless Charge+1","Limit Break","MilkyWay"],"picked":"SKIP","floor":54}],"player_experience":586847,"relics_obtained":[{"floor":7,"key":"Nunchaku"},{"floor":14,"key":"hubris:CuriousFeather"},{"floor":23,"key":"hubris:CrystalStatue"},{"floor":23,"key":"hubris:DisguiseKit"},{"floor":25,"key":"Centennial Puzzle"},{"floor":25,"key":"hubris:PeanutButter"},{"floor":26,"key":"Omamori"},{"floor":29,"key":"Happy Flower"},{"floor":29,"key":"Juzu Bracelet"},{"floor":38,"key":"Torii"},{"floor":40,"key":"Turnip"},{"floor":40,"key":"Vajra"},{"floor":43,"key":"Toy Ornithopter"},{"floor":47,"key":"Strawberry"},{"floor":47,"key":"Sundial"},{"floor":54,"key":"Bag of Marbles"},{"floor":54,"key":"Pen Nib"}],"event_choices":[{"cards_removed":["Shrug It Off"],"damage_healed":0,"gold_gain":0,"player_choice":"Card Removal","damage_taken":7,"max_hp_gain":0,"max_hp_loss":0,"event_name":"Golden Wing","floor":13,"gold_loss":0},{"damage_healed":0,"gold_gain":0,"player_choice":"Obtained Relic","damage_taken":0,"relics_obtained":["Lantern"],"max_hp_gain":0,"max_hp_loss":0,"event_name":"Addict","floor":31,"gold_loss":85},{"damage_healed":0,"gold_gain":0,"player_choice":"Fight","damage_taken":0,"max_hp_gain":0,"max_hp_loss":0,"event_name":"Mysterious Sphere","floor":38,"gold_loss":0},{"cards_removed":["Backflip"],"damage_healed":0,"gold_gain":0,"player_choice":"Removed Skill","damage_taken":0,"max_hp_gain":0,"max_hp_loss":0,"event_name":"Falling","floor":48,"gold_loss":0}],"is_beta":false,"boss_relics":[{"not_picked":["Sozu","Snecko Eye"],"picked":"Black Star"},{"not_picked":["Tiny House","Runic Dome"],"picked":"Coffee Dripper"}],"items_purged_floors":[],"is_endless":false,"potions_floor_spawned":[7,14,16,22,23,25,27,33,36,38,39,42,46,54],"ascension_level":3}}