{"host":"1rk7fqgr1btd4nmm","time":1608358869,"event":{"mods":["Aspiration","BaseMod","Better Altar","Better Match","Better Note","Better Sensory Stone","Better Skull","Conspire","Halation","Hubris","Infinite Spire","Minty Spire (QoL Compilation)","Quick Restart","Replay The Spire","StSLib"],"gold_per_floor":[113,130,149,79,90,90,122,122,198,209,209,219,219,219,219,319,319,333,333,350,375,394,394,394],"floor_reached":23,"playtime":1878,"items_purged":[],"score":203,"play_id":"97d0490c-d119-4a25-9f65-1fa94f7e7aef","local_time":"20201219002109","is_ascension_mode":true,"campfire_choices":[{"data":"Run Through","floor":6,"key":"SMITH"},{"floor":8,"key":"REST"},{"floor":11,"key":"REST"},{"data":"Entrench","floor":15,"key":"SMITH"}],"circlet_count":0,"master_deck":["Strike_R","Strike_R","Strike_R","Strike_R","Strike_R","Defend_R","Defend_R","Defend_R","Defend_R","Bash","Flame Barrier","Entrench+1","Perfected Strike","Blood for Blood","Run Through+1","Infernal Blade","Heavy Blade","Headbutt","Pain","Barricade","Flex+1","ReplayTheSpireMod:Strike From Hell","Body Slam"],"relics":["Replay:M_SmolderingBlood","NeowsBlessing","Replay:Rubber Ducky","infinitespire:ShieldingShard","infinitespire:Cubic Diamond","WarpedTongs","hubris:Backtick","The Courier","Girya","Blue Doll"],"acts_visited":["Exordium","TheCity"],"potions_floor_usage":[16,16,16,22,23],"damage_taken":[{"damage":0,"enemies":"2 Louse","floor":1,"turns":1},{"damage":0,"enemies":"Cultist","floor":2,"turns":1},{"damage":0,"enemies":"Jaw Worm","floor":3,"turns":1},{"damage":5,"enemies":"Looter","floor":5,"turns":4},{"damage":44,"enemies":"3 Sentries","floor":7,"turns":10},{"damage":16,"enemies":"Blue Slaver","floor":10,"turns":4},{"damage":8,"enemies":"Gremlin Gang","floor":12,"turns":6},{"damage":53,"enemies":"The Guardian","floor":16,"turns":9},{"damage":17,"enemies":"Shell Parasite","floor":18,"turns":9},{"damage":35,"enemies":"2 Thieves","floor":20,"turns":5},{"damage":18,"enemies":"conspire:HollyBat","floor":22,"turns":9},{"damage":14,"enemies":"Nightmare","floor":23,"turns":4}],"seed_played":"-6577965062288484143","potions_obtained":[{"floor":3,"key":"DistilledChaos"},{"floor":5,"key":"Dexterity Potion"},{"floor":10,"key":"Strength Potion"},{"floor":16,"key":"Fire Potion"},{"floor":18,"key":"FearPotion"}],"is_trial":false,"path_per_floor":["M","M","M","$","M","R","E","R","T","M","R","M","?","?","R","B",null,"M","AVR","M","T","M","NM"],"character_chosen":"IRONCLAD","items_purchased":["Blood for Blood"],"campfire_rested":2,"item_purchase_floors":[4],"current_hp_per_floor":[80,80,80,80,80,80,42,66,66,56,80,78,78,78,78,25,80,63,63,28,28,10,0,0],"gold":394,"neow_bonus":"THREE_ENEMY_KILL","is_daily":false,"chose_seed":false,"campfire_upgraded":2,"win_rate":0.0,"timestamp":1608358869,"path_taken":["M","M","M","$","M","R","E","R","T","M","R","M","?","?","R","BOSS","M","AVR","M","?","M","NM"],"items_purchased_type":["Card"],"build_version":"2020-12-13","purchased_purges":0,"victory":false,"max_hp_per_floor":[80,80,80,80,80,80,80,80,80,80,80,80,80,80,80,80,80,80,80,80,80,80,80,80],"card_choices":[{"not_picked":["Disarm","Battle Trance"],"picked":"Flame Barrier","floor":1},{"not_picked":["ReplayTheSpireMod:Limb From Limb","Seeing Red"],"picked":"Entrench","floor":2},{"not_picked":["Headbutt","Sword Boomerang"],"picked":"Perfected Strike","floor":3},{"not_picked":["Iron Wave","conspire:ExplosiveBarrier"],"picked":"Run Through","floor":5},{"not_picked":["Run Through","Dark Embrace"],"picked":"Infernal Blade","floor":7},{"not_picked":["Cleave","Warcry"],"picked":"Heavy Blade","floor":10},{"not_picked":["Sentinel","True Grit"],"picked":"Headbutt","floor":12},{"not_picked":["Impervious","Double Tap"],"picked":"Barricade","floor":16},{"not_picked":["Cleave","Heavy Blade"],"picked":"Flex+1","floor":18},{"not_picked":["Heavy Blade","Clothesline"],"picked":"ReplayTheSpireMod:Strike From Hell","floor":20},{"not_picked":["Offering","Shrug It Off"],"picked":"Body Slam","floor":22}],"player_experience":480689,"relics_obtained":[{"floor":7,"key":"Replay:Rubber Ducky"},{"floor":9,"key":"infinitespire:ShieldingShard"},{"floor":21,"key":"Blue Doll"}],"event_choices":[{"damage_healed":0,"gold_gain":0,"player_choice":"Rummage","damage_taken":0,"relics_obtained":["WarpedTongs"],"max_hp_gain":0,"max_hp_loss":0,"event_name":"Accursed Blacksmith","floor":14,"gold_loss":0,"cards_obtained":["Pain"]}],"is_beta":false,"boss_relics":[{"not_picked":["halation:CatFaceCupcake","conspire:SpecialSausage"],"picked":"hubris:Backtick"}],"items_purged_floors":[],"is_endless":false,"potions_floor_spawned":[3,5,10,12,16,18],"killed_by":"Nightmare","ascension_level":1}}