{"host":"08t08ld674si40tv","time":1608351413,"event":{"mods":["AchievementEnabler","BaseMod","Colored Map","Minty Spire (QoL Compilation)","StSLib","SuperFastMode"],"gold_per_floor":[111,36,86,98,110,110,121,121,121,131,31,47,47,75,75,146,146,163,38,52,52,52,52,52],"floor_reached":23,"playtime":561,"items_purged":["Strike_G","Defend_G","Strike_G"],"score":363,"play_id":"1ebdbfa3-3cde-478e-a31e-d491cf845da8","local_time":"20201219131653","is_ascension_mode":true,"campfire_choices":[{"data":"Venomology","floor":6,"key":"SMITH"},{"data":"Poisoned Stab","floor":8,"key":"SMITH"},{"data":"Neutralize","floor":13,"key":"SMITH"},{"data":"Leg Sweep","floor":15,"key":"SMITH"}],"circlet_count":0,"master_deck":["AscendersBane","Strike_G","Strike_G","Strike_G","Defend_G","Defend_G","Defend_G","Defend_G","Survivor","Neutralize+1","Venomology+1","Poisoned Stab+1","Reflex","Catalyst","Dagger Throw","Leg Sweep+1","After Image","CurseOfTheBell","Backflip"],"relics":["Ring of the Snake","StrikeDummy","Girya","Calling Bell","Darkstone Periapt","Anchor","Dead Branch"],"acts_visited":["Exordium","TheCity"],"potions_floor_usage":[4,5,7,10,12,14,14,14,16,18,20,23,23,23],"damage_taken":[{"damage":3,"enemies":"Cultist","floor":1,"turns":4},{"damage":0,"enemies":"2 Louse","floor":4,"turns":4},{"damage":9,"enemies":"Small Slimes","floor":5,"turns":3},{"damage":10,"enemies":"2 Fungi Beasts","floor":7,"turns":5},{"damage":1,"enemies":"3 Louse","floor":10,"turns":3},{"damage":0,"enemies":"Looter","floor":12,"turns":3},{"damage":10,"enemies":"Gremlin Nob","floor":14,"turns":3},{"damage":25,"enemies":"The Guardian","floor":16,"turns":14},{"damage":2,"enemies":"Shell Parasite","floor":18,"turns":6},{"damage":11,"enemies":"Spheric Guardian","floor":20,"turns":5},{"damage":35,"enemies":"Slavers","floor":23,"turns":3}],"seed_played":"9139895137845227183","potions_obtained":[{"floor":1,"key":"Swift Potion"},{"floor":4,"key":"LiquidMemories"},{"floor":16,"key":"Poison Potion"},{"floor":18,"key":"FearPotion"}],"is_trial":false,"path_per_floor":["M","$","?","M","M","R","M","R","T","M","$","M","R","E","R","B",null,"M","$","M","?","?","E"],"character_chosen":"THE_SILENT","items_purchased":[],"campfire_rested":0,"item_purchase_floors":[],"current_hp_per_floor":[56,56,56,56,47,47,37,37,37,36,36,36,36,26,26,1,50,48,48,37,19,19,0,0],"gold":52,"neow_bonus":"ONE_RANDOM_RARE_CARD","is_daily":false,"chose_seed":false,"campfire_upgraded":4,"win_rate":0.0,"timestamp":1608351413,"path_taken":["M","?","?","M","M","R","?","R","T","M","$","M","R","E","R","BOSS","M","$","M","?","?","E"],"items_purchased_type":[],"build_version":"2020-12-13","purchased_purges":3,"victory":false,"max_hp_per_floor":[66,66,66,66,66,66,66,66,66,66,66,66,66,66,66,66,66,66,66,66,71,71,71,71],"card_choices":[{"not_picked":["Underhanded Strike","Flechettes"],"picked":"Poisoned Stab","floor":1},{"not_picked":["Slice","Underhanded Strike"],"picked":"Reflex","floor":4},{"not_picked":["Escape Plan","Caltrops"],"picked":"Catalyst","floor":5},{"not_picked":["Outmaneuver","Endless Agony"],"picked":"Dagger Throw","floor":7},{"not_picked":["Deflect","Poisoned Stab"],"picked":"Leg Sweep","floor":10},{"not_picked":["Expertise","Quick Slash","Terror"],"picked":"SKIP","floor":12},{"not_picked":["Dodge and Roll","Endless Agony","Envenom"],"picked":"SKIP","floor":14},{"not_picked":["Doppelganger","Bullet Time"],"picked":"After Image","floor":16},{"not_picked":["Deflect","Crippling Poison"],"picked":"Backflip","floor":18},{"not_picked":["Expertise","Backstab","Dagger Spray"],"picked":"SKIP","floor":20}],"player_experience":180993,"relics_obtained":[{"floor":9,"key":"StrikeDummy"},{"floor":14,"key":"Girya"},{"floor":17,"key":"Darkstone Periapt"},{"floor":17,"key":"Anchor"},{"floor":17,"key":"Dead Branch"}],"event_choices":[{"damage_healed":0,"gold_gain":50,"player_choice":"Pray","damage_taken":0,"max_hp_gain":0,"max_hp_loss":0,"event_name":"Golden Shrine","floor":3,"gold_loss":0},{"damage_healed":0,"gold_gain":0,"player_choice":"Shed Blood","damage_taken":23,"max_hp_gain":5,"max_hp_loss":0,"event_name":"Forgotten Altar","floor":21,"gold_loss":0},{"damage_healed":0,"gold_gain":0,"player_choice":"Ignored","damage_taken":0,"max_hp_gain":0,"max_hp_loss":0,"event_name":"Cursed Tome","floor":22,"gold_loss":0}],"is_beta":false,"boss_relics":[{"not_picked":["Tiny House","Runic Dome"],"picked":"Calling Bell"}],"items_purged_floors":[2,11,19],"is_endless":false,"potions_floor_spawned":[1,4,16,18],"killed_by":"Slavers","ascension_level":18}}