{"host":"zhypnm5xlgq8j242","time":1608419945,"event":{"mods":["AchievementEnabler","BaseMod","BetterRewards","Colored Powertips","Hermit","Keyboard Shortcuts","Minty Spire (QoL Compilation)","Quick Restart","Replay The Spire","Shop Mod","StSLib","The Cursed","The Hierophant","The Runesmith"],"gold_per_floor":[112,112,124,136,168,180,211,242,325,337,392,419,25,100,100,221,221,237,255,278,301,301,301,336,349,349,372,386,485,505,539,539,664,664,687,703,703,39,59,59,59],"floor_reached":40,"playtime":2047,"items_purged":[],"score":844,"play_id":"bf78e4c3-8100-4cfa-a672-da44e337ebff","local_time":"20201220081905","is_ascension_mode":true,"campfire_choices":[{"data":"Bouncing Flask","floor":6,"key":"SMITH"},{"data":"Skewer","floor":15,"key":"SMITH"},{"data":"Footwork","floor":23,"key":"SMITH"},{"data":"Tools of the Trade","floor":32,"key":"SMITH"}],"circlet_count":0,"master_deck":["Strike_G+1","Strike_G+1","Strike_G+1","Defend_G+1","Defend_G+1","Defend_G+1","Defend_G+1","Defend_G+1","Survivor","Neutralize","Bouncing Flask+1","Terror+1","Footwork+1","Skewer+1","Tools of the Trade+1","Backflip+1","Acrobatics+1","Backflip","Underhanded Strike","Dash+1","Sucker Punch","ReplayTheSpireMod:The Works+1","Eviscerate+1","Crippling Poison+1","Poison Darts","CurseOfTheBell","Fluid Movement","Fluid Movement","PiercingWail","Well Laid Plans","Backflip+1"],"relics":["Busted Crown","MawBank","Golden Idol","Replay:Accelerometer","Bronze Scales","OrangePellets","Eternal Feather","Coffee Dripper","War Paint","ReplayTheSpireMod:Ninjato","Regal Pillow","Calling Bell","Strawberry","Paper Crane","Bird Faced Urn","Replay:Multitool","Mirror"],"acts_visited":["Exordium","TheCity","TheBeyond"],"potions_floor_usage":[11,16,20,31,33,33,39],"damage_taken":[{"damage":0,"enemies":"Jaw Worm","floor":1,"turns":4},{"damage":0,"enemies":"2 Louse","floor":5,"turns":3},{"damage":0,"enemies":"Small Slimes","floor":7,"turns":4},{"damage":0,"enemies":"Exordium Wildlife","floor":8,"turns":3},{"damage":3,"enemies":"3 Sentries","floor":11,"turns":9},{"damage":1,"enemies":"3 Louse","floor":12,"turns":4},{"damage":11,"enemies":"The Guardian","floor":16,"turns":7},{"damage":0,"enemies":"Spheric Guardian","floor":18,"turns":4},{"damage":0,"enemies":"3 Byrds","floor":19,"turns":3},{"damage":5,"enemies":"Centurion and Healer","floor":20,"turns":7},{"damage":14,"enemies":"Shelled Parasite and Fungi","floor":21,"turns":5},{"damage":0,"enemies":"Gremlin Leader","floor":24,"turns":5},{"damage":0,"enemies":"Cultist and Chosen","floor":25,"turns":5},{"damage":2,"enemies":"Snake Plant","floor":27,"turns":3},{"damage":11,"enemies":"Centurion and Healer","floor":28,"turns":5},{"damage":0,"enemies":"Shelled Parasite and Fungi","floor":30,"turns":4},{"damage":4,"enemies":"Book of Stabbing","floor":31,"turns":4},{"damage":45,"enemies":"Pondfish","floor":33,"turns":9},{"damage":8,"enemies":"Orb Walker","floor":35,"turns":3},{"damage":0,"enemies":"3 Darklings","floor":36,"turns":4},{"damage":2,"enemies":"Jaw Worm Horde","floor":39,"turns":4},{"damage":82,"enemies":"Reptomancer","floor":40,"turns":2}],"seed_played":"2607736487888737719","potions_obtained":[{"floor":1,"key":"AttackPotion"},{"floor":5,"key":"Milkshake"},{"floor":12,"key":"Explosive Potion"},{"floor":16,"key":"Venom Potion"},{"floor":18,"key":"LifebloodPotion"},{"floor":27,"key":"Fire Potion"},{"floor":35,"key":"DistilledChaos"}],"is_trial":false,"path_per_floor":["M","?","?","?","M","R","M","M","T","?","E","M","$","?","R","B",null,"M","M","M","M","?","R","E","M","T","M","M","?","M","E","R","B",null,"M","M","?","$","M","E"],"character_chosen":"THE_SILENT","items_purchased":["OrangePellets","Eternal Feather","Replay:Multitool","Mirror","PiercingWail","Well Laid Plans"],"campfire_rested":0,"item_purchase_floors":[13,13,38,38,38,38],"current_hp_per_floor":[63,56,61,61,61,61,61,61,61,61,58,57,57,46,55,44,63,63,63,58,44,44,56,56,56,56,54,43,43,43,39,54,9,61,55,61,61,61,69,0,0],"gold":59,"neow_bonus":"BOSS_RELIC","is_daily":false,"chose_seed":false,"campfire_upgraded":4,"win_rate":0.0,"timestamp":1608419945,"path_taken":["M","?","?","?","M","R","M","?","T","?","E","?","$","?","R","BOSS","M","M","M","M","?","R","E","M","T","M","M","?","M","E","R","BOSS","M","M","?","?","M","E"],"items_purchased_type":["Relic","Relic","Relic","Relic","Card","Card"],"build_version":"2020-12-13","purchased_purges":0,"victory":false,"max_hp_per_floor":[70,70,75,69,69,69,69,69,69,69,69,69,69,69,69,69,69,69,69,69,69,69,69,69,69,69,69,69,69,69,69,69,69,76,76,76,76,76,76,76,76],"card_choices":[{"not_picked":["Finisher"],"picked":"SKIP","floor":1},{"not_picked":[],"picked":"Bouncing Flask","floor":5},{"not_picked":[],"picked":"Terror","floor":7},{"not_picked":[],"picked":"Footwork","floor":8},{"not_picked":[],"picked":"Skewer","floor":11},{"not_picked":["Prepared"],"picked":"SKIP","floor":12},{"not_picked":[],"picked":"Tools of the Trade","floor":16},{"not_picked":[],"picked":"Backflip","floor":18},{"not_picked":[],"picked":"Acrobatics+1","floor":19},{"not_picked":[],"picked":"Backflip","floor":20},{"not_picked":[],"picked":"Underhanded Strike","floor":21},{"not_picked":[],"picked":"Dash+1","floor":24},{"not_picked":["Deflect"],"picked":"SKIP","floor":25},{"not_picked":[],"picked":"Sucker Punch","floor":27},{"not_picked":[],"picked":"ReplayTheSpireMod:The Works+1","floor":28},{"not_picked":[],"picked":"Eviscerate+1","floor":30},{"not_picked":[],"picked":"Crippling Poison+1","floor":31},{"not_picked":[],"picked":"Poison Darts","floor":33},{"not_picked":[],"picked":"Fluid Movement","floor":35},{"not_picked":[],"picked":"Fluid Movement","floor":36},{"not_picked":[],"picked":"Backflip+1","floor":39}],"player_experience":558746,"relics_obtained":[{"floor":9,"key":"Replay:Accelerometer"},{"floor":11,"key":"Bronze Scales"},{"floor":24,"key":"War Paint"},{"floor":26,"key":"ReplayTheSpireMod:Ninjato"},{"floor":31,"key":"Regal Pillow"},{"floor":34,"key":"Strawberry"},{"floor":34,"key":"Paper Crane"},{"floor":34,"key":"Bird Faced Urn"}],"event_choices":[{"damage_healed":0,"gold_gain":0,"player_choice":"Success","damage_taken":7,"relics_obtained":["MawBank"],"max_hp_gain":0,"max_hp_loss":0,"event_name":"Scrap Ooze","floor":2,"gold_loss":0},{"damage_healed":0,"gold_gain":0,"player_choice":"Donut","damage_taken":0,"max_hp_gain":5,"max_hp_loss":0,"event_name":"Big Fish","floor":3,"gold_loss":0},{"damage_healed":0,"gold_gain":0,"player_choice":"Lose Max HP","damage_taken":0,"relics_obtained":["Golden Idol"],"max_hp_gain":0,"max_hp_loss":6,"event_name":"Golden Idol","floor":4,"gold_loss":0},{"cards_removed":["Strike_G"],"damage_healed":0,"gold_gain":0,"player_choice":"Offered Basic","damage_taken":0,"max_hp_gain":0,"max_hp_loss":0,"event_name":"Bonfire Elementals","floor":10,"gold_loss":0},{"damage_healed":0,"gold_gain":75,"player_choice":"Gather Gold","damage_taken":11,"max_hp_gain":0,"max_hp_loss":0,"event_name":"World of Goop","floor":14,"gold_loss":0},{"damage_healed":0,"gold_gain":0,"player_choice":"Simplicity","damage_taken":0,"max_hp_gain":0,"max_hp_loss":0,"event_name":"Back to Basics","floor":22,"gold_loss":0,"cards_upgraded":["Strike_G","Strike_G","Strike_G","Strike_G","Defend_G","Defend_G","Defend_G","Defend_G","Defend_G"]},{"damage_healed":0,"gold_gain":99,"player_choice":"Stole From Cult","damage_taken":0,"max_hp_gain":0,"max_hp_loss":0,"event_name":"Nest","floor":29,"gold_loss":0},{"cards_removed":["Strike_G"],"damage_healed":0,"gold_gain":0,"player_choice":"Purged","damage_taken":0,"max_hp_gain":0,"max_hp_loss":0,"event_name":"Purifier","floor":37,"gold_loss":0}],"is_beta":false,"boss_relics":[{"not_picked":["SlaversCollar","Replay:Bronze Core"],"picked":"Coffee Dripper"},{"not_picked":["Ring of Chaos","WristBlade"],"picked":"Calling Bell"}],"items_purged_floors":[],"is_endless":false,"potions_floor_spawned":[1,5,12,16,18,19,27,28,35],"killed_by":"Reptomancer","ascension_level":7}}