{"host":"og6lam4kt3nibbw0","time":1608337006,"event":{"mods":["AchievementEnabler","BaseMod","Colored Map","DeckTracker","Highlight Path","Keyboard Shortcuts","Minty Spire (QoL Compilation)","Permanent Neow","Quick Restart","StSLib","SuperFastMode"],"gold_per_floor":[111,131,148,148,22,22,22,33,33,33,57,69,100,32,32,32,32],"floor_reached":16,"playtime":388,"items_purged":["Strike_B"],"score":184,"play_id":"b2dda7d2-cca0-4ee6-b1e1-88f2239cff42","local_time":"20201219091646","is_ascension_mode":true,"campfire_choices":[{"data":"Coolheaded","floor":6.0,"key":"SMITH"},{"floor":10.0,"key":"DIG"},{"floor":12.0,"key":"DIG"},{"floor":15.0,"key":"REST"}],"circlet_count":0,"master_deck":["AscendersBane","Strike_B","Strike_B","Defend_B","Defend_B","Zap","Dualcast","Coolheaded+1","Hologram","Turbo","White Noise","Defragment","Rainbow"],"relics":["Cracked Core","Shovel","Symbiotic Virus","MawBank","Darkstone Periapt"],"acts_visited":["Exordium"],"potions_floor_usage":[16],"damage_taken":[{"damage":1.0,"enemies":"Cultist","floor":1.0,"turns":3.0},{"damage":5.0,"enemies":"Jaw Worm","floor":2.0,"turns":4.0},{"damage":6.0,"enemies":"Small Slimes","floor":3.0,"turns":5.0},{"damage":6.0,"enemies":"Looter","floor":8.0,"turns":4.0},{"damage":21.0,"enemies":"Exordium Thugs","floor":11.0,"turns":4.0},{"damage":6.0,"enemies":"Exordium Wildlife","floor":13.0,"turns":4.0},{"damage":24,"enemies":"Hexaghost","floor":16,"turns":7}],"seed_played":"-2180308609272533428","potions_obtained":[{"floor":1.0,"key":"LiquidBronze"}],"is_trial":false,"path_per_floor":["M","M","M","?","$","R","T","M","T","R","M","R","M","$","R","B"],"character_chosen":"DEFECT","items_purchased":["Turbo","Rainbow"],"campfire_rested":1,"item_purchase_floors":[5,14],"current_hp_per_floor":[45,40,34,34,34,34,34,28,28,28,7,7,1,1,22,0,0],"gold":32,"neow_bonus":"REMOVE_TWO","is_daily":false,"chose_seed":false,"campfire_upgraded":1,"win_rate":0.0,"timestamp":1608337006,"path_taken":["M","M","M","?","$","R","?","?","T","R","M","R","M","?","R","BOSS"],"items_purchased_type":["Card","Card"],"build_version":"2020-12-13","purchased_purges":1,"victory":false,"max_hp_per_floor":[71,71,71,71,71,71,71,71,71,71,71,71,71,71,71,71,71],"card_choices":[{"not_picked":["Self Repair","Stack"],"picked":"Coolheaded","floor":1.0},{"not_picked":["White Noise","Steam","Multi-Cast"],"picked":"SKIP","floor":2.0},{"not_picked":["Sweeping Beam","Leap"],"picked":"Hologram","floor":3.0},{"not_picked":["Reprogram","Hologram","Go for the Eyes"],"picked":"SKIP","floor":8.0},{"not_picked":["Steam","Steam Power"],"picked":"White Noise","floor":11.0},{"not_picked":["Compile Driver","Streamline"],"picked":"Defragment","floor":13.0}],"player_experience":791414,"relics_obtained":[{"floor":7.0,"key":"Shovel"},{"floor":9.0,"key":"Symbiotic Virus"},{"floor":10.0,"key":"MawBank"},{"floor":12.0,"key":"Darkstone Periapt"}],"event_choices":[{"cards_removed":["Defend_B"],"damage_healed":0.0,"max_hp_gain":0.0,"max_hp_loss":0.0,"gold_gain":0.0,"event_name":"Living Wall","player_choice":"Forget","floor":4.0,"gold_loss":0.0,"damage_taken":0.0}],"is_beta":false,"boss_relics":[],"items_purged_floors":[5],"is_endless":false,"potions_floor_spawned":[1],"killed_by":"Hexaghost","ascension_level":20}}