{"host":"y15j0sqd0it1yzon","time":1608402486,"event":{"mods":["AchievementEnabler","Act Like it!","BaseMod","Elementarium","Gensokyo","Infinite Spire","Menagerie","Minty Spire (QoL Compilation)","Replay The Spire","StSLib","The Jungle"],"gold_per_floor":[113,38,38,38,58,88,88,88,115,127,159,159,23,39,39,137,237,254,273,273,284,284,284,284],"floor_reached":23,"playtime":2236,"items_purged":["Strike_G","Amnesia"],"score":224,"play_id":"98b0b430-66fa-4328-8c91-6e30b9dce7a9","local_time":"20201219182806","is_ascension_mode":false,"campfire_choices":[{"data":"Deadly Poison","floor":15.0,"key":"SMITH"}],"circlet_count":0,"master_deck":["Strike_G","Strike_G","Strike_G","Strike_G","Defend_G","Defend_G","Defend_G","Defend_G","Defend_G","Survivor","Neutralize","Deadly Poison+1","Deflect","Infinite Blades","Die Die Die","Outmaneuver"],"relics":["Ring of the Snake","NeowsBlessing","ReplayTheSpireMod:Ring of Collecting","infinitespire:Satchel","ReplayTheSpireMod:Ring of Sloth","Kunai","Strawberry","Replay:WaspNest","Replay:Wanted Poster","WingedGreaves"],"acts_visited":["Exordium","TheCity"],"potions_floor_usage":[23,23,23],"damage_taken":[{"damage":0.0,"enemies":"Menagerie:2_RABBITS","floor":1.0,"turns":1.0},{"damage":0.0,"enemies":"Menagerie:WhisperingWraith","floor":5.0,"turns":1.0},{"damage":0.0,"enemies":"Menagerie:MaskedSummoner","floor":6.0,"turns":1.0},{"damage":0.0,"enemies":"Menagerie:StygianBoar","floor":10.0,"turns":3.0},{"damage":9.0,"enemies":"Menagerie:VoidReaper","floor":11.0,"turns":10.0},{"damage":4.0,"enemies":"Menagerie:MeltingSalamander","floor":14.0,"turns":5.0},{"damage":8.0,"enemies":"Menagerie:Chimera","floor":16.0,"turns":8.0},{"damage":15.0,"enemies":"3 Byrds","floor":18.0,"turns":3.0},{"damage":12,"enemies":"Chosen","floor":19,"turns":7},{"damage":9,"enemies":"3 Cultists","floor":21,"turns":5},{"damage":41,"enemies":"Gremlin Leader","floor":23,"turns":7}],"seed_played":"2458386471080128603","potions_obtained":[{"floor":1.0,"key":"Dexterity Potion"},{"floor":6.0,"key":"DuplicationPotion"},{"floor":10.0,"key":"CultistPotion"},{"floor":16.0,"key":"Fire Potion"}],"is_trial":false,"path_per_floor":["M","$","$","?","M","E","$","T","T","M","E","?","$","M","R","B",null,"M","M","?","M","AVR","E"],"character_chosen":"THE_SILENT","items_purchased":["Infinite Blades"],"campfire_rested":0,"item_purchase_floors":[13],"current_hp_per_floor":[70,70,70,70,70,70,70,70,77,77,68,68,68,64,64,56,77,62,50,50,41,41,0,0],"gold":284,"neow_bonus":"THREE_ENEMY_KILL","is_daily":false,"chose_seed":false,"campfire_upgraded":1,"win_rate":0.0,"timestamp":1608402486,"path_taken":["M","?","$","?","?","E","$","?","T","M","E","?","$","M","R","BOSS","M","M","?","M","AVR","E"],"items_purchased_type":["Card"],"build_version":"2020-12-13","purchased_purges":2,"victory":false,"max_hp_per_floor":[70,70,70,70,70,70,70,70,77,77,77,77,77,77,77,77,77,77,77,77,77,77,77,77],"card_choices":[{"not_picked":["Underhanded Strike","Quick Slash"],"picked":"Deadly Poison","floor":1.0},{"not_picked":["Eviscerate","Predator"],"picked":"Deflect","floor":5.0},{"not_picked":["Expertise","Sucker Punch","Night Terror"],"picked":"SKIP","floor":6.0},{"not_picked":["Hidden Blade","Flying Knee","Acrobatics"],"picked":"SKIP","floor":10.0},{"not_picked":["Masterful Stab","Predator","ReplayTheSpireMod:Tripwire"],"picked":"SKIP","floor":11.0},{"not_picked":["Footwork","Dodge and Roll"],"picked":"Die Die Die","floor":14.0},{"not_picked":["Sucker Punch","ReplayTheSpireMod:The Works","Choke"],"picked":"SKIP","floor":18.0},{"not_picked":["Acrobatics+1","Underhanded Strike","Well Laid Plans"],"picked":"SKIP","floor":19},{"not_picked":["ReplayTheSpireMod:Speed Training","Poisoned Stab"],"picked":"Outmaneuver","floor":21}],"player_experience":362414,"relics_obtained":[{"floor":4.0,"key":"ReplayTheSpireMod:Ring of Collecting"},{"floor":6.0,"key":"infinitespire:Satchel"},{"floor":8.0,"key":"ReplayTheSpireMod:Ring of Sloth"},{"floor":8.0,"key":"Kunai"},{"floor":9.0,"key":"Strawberry"},{"floor":11.0,"key":"Replay:WaspNest"}],"event_choices":[{"damage_healed":0.0,"max_hp_gain":0.0,"max_hp_loss":0.0,"gold_gain":0.0,"event_name":"Menagerie:GrandMagusTower","player_choice":"Ignored","floor":12.0,"gold_loss":0.0,"damage_taken":0.0}],"is_beta":false,"boss_relics":[{"not_picked":["Kintsugi","Replay:Bronze Core"],"picked":"Replay:Wanted Poster"}],"items_purged_floors":[2,13],"is_endless":false,"potions_floor_spawned":[1,6,10,16],"killed_by":"Gremlin Leader","ascension_level":0}}