{"host":"sqkk9o2m8hbeeiah","time":1608396500,"event":{"mods":["AchievementEnabler","Astrologer","BaseMod","Better Note","Minty Spire (QoL Compilation)","Permanent Neow","Quick Restart","Replay The Spire","Somnambulant","StSLib","The Construct","Trackpad","Waifu the Spire"],"gold_per_floor":[116,116,128,144,144,144,162,162,162,162,174,193,211,229,229,229,229],"floor_reached":16,"playtime":1187,"items_purged":[],"score":96,"play_id":"7c8d36bd-98fe-4a51-8224-a6708818002e","local_time":"20201220034820","is_ascension_mode":false,"campfire_choices":[{"data":"astrologer:CosmicExpanse","floor":6,"key":"SMITH"},{"floor":8,"key":"REST"},{"floor":15,"key":"REST"}],"circlet_count":0,"master_deck":["astrologer:Strike","astrologer:Strike","astrologer:Strike","astrologer:Strike","astrologer:Defend","astrologer:Defend","astrologer:Defend","astrologer:Defend","astrologer:NorthStar+1","astrologer:TheFool","astrologer:Radiance","Replay:Parry","astrologer:CosmicExpanse+1","astrologer:Moonlight","astrologer:TheEmpress","Doubt","astrologer:FrozenStar","astrologer:SpaceDust","astrologer:CometStrike","astrologer:Opposition","astrologer:Eclipse"],"relics":["astrologer:SkyMirror","ReplayTheSpireMod:Ring of Challenge","Golden Egg","Replay:Accelerometer"],"acts_visited":["Exordium"],"potions_floor_usage":[16,16],"damage_taken":[{"damage":4,"enemies":"Jaw Worm","floor":1,"turns":3},{"damage":1,"enemies":"Cultist","floor":3,"turns":3},{"damage":0,"enemies":"2 Louse","floor":4,"turns":1},{"damage":12,"enemies":"Blue Slaver","floor":7,"turns":4},{"damage":0,"enemies":"Looter","floor":11,"turns":3},{"damage":3,"enemies":"Lots of Slimes","floor":12,"turns":6},{"damage":45,"enemies":"Gremlin Gang","floor":13,"turns":7},{"damage":3,"enemies":"Exordium Wildlife","floor":14,"turns":4},{"damage":67,"enemies":"Fading Forest","floor":16,"turns":9}],"seed_played":"-6994979178725320872","potions_obtained":[{"floor":3,"key":"SneckoOil"},{"floor":4,"key":"Venom Potion"},{"floor":13,"key":"DuplicationPotion"}],"is_trial":false,"path_per_floor":["M","?","M","M","?","R","M","R","T","T","M","M","M","M","R","B"],"character_chosen":"ASTROLOGER","items_purchased":[],"campfire_rested":2,"item_purchase_floors":[],"current_hp_per_floor":[66,66,65,65,65,65,53,70,70,70,70,67,22,19,40,0,0],"gold":229,"neow_bonus":"RANDOM_EVENT","is_daily":false,"chose_seed":false,"campfire_upgraded":1,"win_rate":0.0,"timestamp":1608396500,"path_taken":["M","?","?","M","?","R","M","R","T","?","M","M","M","M","R","BOSS"],"items_purchased_type":[],"build_version":"2020-12-13","purchased_purges":0,"victory":false,"max_hp_per_floor":[70,70,70,70,70,70,70,70,70,70,70,70,70,70,70,70,70],"card_choices":[{"not_picked":["astrologer:Eclipse","astrologer:SolarFlare"],"picked":"astrologer:Radiance","floor":1},{"not_picked":["astrologer:GlassStar","astrologer:StarOfCourage"],"picked":"astrologer:Moonlight","floor":3},{"not_picked":["astrologer:Shine","astrologer:Eclipse"],"picked":"astrologer:TheEmpress","floor":4},{"not_picked":["astrologer:ReadTheStars","astrologer:Stardust"],"picked":"astrologer:FrozenStar","floor":7},{"not_picked":["astrologer:Observe","astrologer:Still"],"picked":"astrologer:SpaceDust","floor":11},{"not_picked":["astrologer:TheLovers","astrologer:GlassStar"],"picked":"astrologer:CometStrike","floor":12},{"not_picked":["astrologer:ReadTheStars","astrologer:Conjunction"],"picked":"astrologer:Opposition","floor":13},{"not_picked":["astrologer:Radiance","astrologer:TheWorld"],"picked":"astrologer:Eclipse","floor":14}],"player_experience":790733,"relics_obtained":[{"floor":5,"key":"ReplayTheSpireMod:Ring of Challenge"},{"floor":9,"key":"Golden Egg"},{"floor":10,"key":"Replay:Accelerometer"}],"event_choices":[{"damage_healed":0,"gold_gain":0,"player_choice":"2 cards matched","damage_taken":0,"max_hp_gain":0,"max_hp_loss":0,"event_name":"Match and Keep!","floor":2,"gold_loss":0,"cards_obtained":["Replay:Parry","astrologer:CosmicExpanse"]}],"is_beta":false,"boss_relics":[],"items_purged_floors":[],"is_endless":false,"potions_floor_spawned":[3,4,13],"killed_by":"Fading Forest","ascension_level":0}}