{"host":"qm4rv4rkpk76sbxu","time":1608375494,"event":{"mods":["BaseMod","Bestiary","Block Reminder","DeckTracker","Filter the Spire","Keyboard Shortcuts","Minty Spire (QoL Compilation)","MonsterHotkey","Potion Indicator Mod","Quick Restart","Random Character Button","Relic Stats","Slay-I","StSLib","ojb\u0027s Better Paths Mod"],"gold_per_floor":[112,112,112,37,56,81,81,115,115,115,115,146,146,146,146,225,225,241,255,271,271,281,281,281,281],"floor_reached":24,"playtime":958,"items_purged":[],"score":424,"play_id":"b536cf71-4dd3-4313-a8a0-0495b48c74f8","local_time":"20201219115814","is_ascension_mode":true,"campfire_choices":[{"data":"Beam Cell","floor":7.0,"key":"SMITH"},{"floor":10.0,"key":"REST"},{"data":"Sunder","floor":13.0,"key":"SMITH"},{"data":"Zap","floor":15.0,"key":"SMITH"},{"data":"Compile Driver","floor":23.0,"key":"SMITH"}],"circlet_count":0,"master_deck":["AscendersBane","Strike_B","Strike_B","Strike_B","Defend_B","Defend_B+1","Defend_B","Defend_B","Zap+1","Dualcast+1","Beam Cell+1","Compile Driver+1","Steam","Conserve Battery","Sunder+1","Steam","Self Repair"],"relics":["Cracked Core","Oddly Smooth Stone","Singing Bowl","Ginger","StrikeDummy","Meat on the Bone","Calipers","Black Star","WingedGreaves"],"acts_visited":["Exordium","TheCity"],"potions_floor_usage":[],"damage_taken":[{"damage":2.0,"enemies":"2 Louse","floor":1.0,"turns":3.0},{"damage":1.0,"enemies":"Small Slimes","floor":5.0,"turns":3.0},{"damage":19.0,"enemies":"Lagavulin","floor":6.0,"turns":7.0},{"damage":30.0,"enemies":"Gremlin Nob","floor":8.0,"turns":4.0},{"damage":16.0,"enemies":"3 Sentries","floor":12.0,"turns":8.0},{"damage":17.0,"enemies":"Hexaghost","floor":16.0,"turns":8.0},{"damage":11.0,"enemies":"Chosen","floor":18.0,"turns":4.0},{"damage":32.0,"enemies":"3 Byrds","floor":19.0,"turns":6.0},{"damage":24.0,"enemies":"Snake Plant","floor":20.0,"turns":3.0},{"damage":8.0,"enemies":"3 Cultists","floor":22.0,"turns":5.0},{"damage":36,"enemies":"Book of Stabbing","floor":24,"turns":4}],"seed_played":"-2978898919293536172","potions_obtained":[{"floor":1.0,"key":"FearPotion"},{"floor":5.0,"key":"LiquidMemories"},{"floor":16.0,"key":"PowerPotion"}],"is_trial":false,"path_per_floor":["M","?","?","?","M","E","R","E","T","R","?","E","R","T","R","B",null,"M","M","M","?","M","R","E"],"character_chosen":"DEFECT","items_purchased":[],"campfire_rested":1,"item_purchase_floors":[],"current_hp_per_floor":[62,41,64,64,63,44,44,14,14,35,35,19,19,19,19,14,57,46,26,23,23,36,36,0,0],"gold":281,"neow_bonus":"RANDOM_COMMON_RELIC","is_daily":false,"chose_seed":false,"campfire_upgraded":4,"win_rate":0.0,"timestamp":1608375494,"path_taken":["M","?","?","?","M","E","R","E","T","R","?","E","R","?","R","BOSS","M","M","?","?","?","R","E"],"items_purchased_type":[],"build_version":"2020-12-13","purchased_purges":0,"victory":false,"max_hp_per_floor":[71,71,71,71,71,71,71,71,71,71,71,71,71,71,71,71,71,71,71,73,73,75,75,75,75],"relic_stats":{"Singing Bowl":4,"counters":[11,55],"Black Star":0,"Ginger":[0],"obtain_stats":[{"Calipers":14,"Singing Bowl":6,"Oddly Smooth Stone":0,"WingedGreaves":21,"Black Star":17,"Ginger":8,"Cracked Core":0,"StrikeDummy":9,"Meat on the Bone":12},{"Calipers":5,"Singing Bowl":3,"Oddly Smooth Stone":0,"WingedGreaves":9,"Black Star":6,"Ginger":4,"Cracked Core":0,"StrikeDummy":4,"Meat on the Bone":5},{"Calipers":25,"Singing Bowl":13,"Oddly Smooth Stone":0,"WingedGreaves":46,"Black Star":33,"Ginger":17,"Cracked Core":0,"StrikeDummy":17,"Meat on the Bone":25}],"Meat on the Bone":48},"card_choices":[{"not_picked":["Steam Power","Double Energy"],"picked":"Beam Cell","floor":1.0},{"not_picked":["Sweeping Beam","Streamline"],"picked":"Compile Driver","floor":5.0},{"not_picked":["Hologram","Barrage"],"picked":"Steam","floor":6.0},{"not_picked":["Streamline","Beam Cell"],"picked":"Conserve Battery","floor":8.0},{"not_picked":["Ball Lightning","Hello World"],"picked":"Sunder","floor":12.0},{"not_picked":["Core Surge","Buffer"],"picked":"Thunder Strike","floor":16.0},{"not_picked":["Beam Cell","Leap"],"picked":"Steam","floor":18.0},{"not_picked":["Barrage","Stack"],"picked":"Self Repair","floor":19.0},{"not_picked":["Sweeping Beam","Machine Learning","Rip and Tear"],"picked":"Singing Bowl","floor":20.0},{"not_picked":["Steam","Melter","Ball Lightning"],"picked":"Singing Bowl","floor":22.0}],"player_experience":1061564,"relics_obtained":[{"floor":6.0,"key":"Singing Bowl"},{"floor":8.0,"key":"Ginger"},{"floor":9.0,"key":"StrikeDummy"},{"floor":12.0,"key":"Meat on the Bone"},{"floor":14.0,"key":"Calipers"}],"event_choices":[{"damage_healed":0.0,"max_hp_gain":0.0,"max_hp_loss":0.0,"gold_gain":0.0,"event_name":"Shining Light","player_choice":"Entered Light","floor":2.0,"gold_loss":0.0,"damage_taken":21.0,"cards_upgraded":["Dualcast","Defend_B"]},{"damage_healed":23.0,"max_hp_gain":0.0,"max_hp_loss":0.0,"gold_gain":0.0,"event_name":"Big Fish","player_choice":"Banana","floor":3.0,"gold_loss":0.0,"damage_taken":0.0},{"cards_removed":["Strike_B"],"damage_healed":0.0,"max_hp_gain":0.0,"max_hp_loss":0.0,"gold_gain":0.0,"event_name":"The Cleric","player_choice":"Card Removal","floor":4.0,"gold_loss":75.0,"damage_taken":0.0},{"damage_healed":0.0,"max_hp_gain":0.0,"max_hp_loss":0.0,"gold_gain":0.0,"event_name":"Golden Wing","player_choice":"Ignored","floor":11.0,"gold_loss":0.0,"damage_taken":0.0},{"cards_removed":["Thunder Strike"],"damage_healed":0.0,"max_hp_gain":0.0,"max_hp_loss":0.0,"gold_gain":0.0,"event_name":"WeMeetAgain","player_choice":"Gave Card","floor":21.0,"gold_loss":0.0,"damage_taken":0.0,"relics_obtained":["WingedGreaves"]}],"is_beta":false,"boss_relics":[{"not_picked":["Tiny House","Empty Cage"],"picked":"Black Star"}],"items_purged_floors":[],"is_endless":false,"potions_floor_spawned":[1,5,16],"killed_by":"Book of Stabbing","ascension_level":20}}