{"host":"cf32014d19ld5mat","time":1608402547,"event":{"mods":["AchievementEnabler","BaseMod","Block Reminder","Minty Spire (QoL Compilation)","Random Character Button","Relic Stats","StSLib"],"gold_per_floor":[118,138,138,156,156,189,201,20,20,35,62,62,76,91,91,192,192,204,204,204,303,323,352,362,30,55,66,66,79,95,115,115,213,213,223,133,152,168,186,186,202,213,245,297,334,334,334],"floor_reached":46,"playtime":1794,"items_purged":["Strike_R"],"score":585,"play_id":"8ae1a756-4439-4f1e-bde0-6d8052013d27","local_time":"20201219182907","is_ascension_mode":false,"campfire_choices":[{"data":"Defend_R","floor":12,"key":"SMITH"},{"data":"Shockwave","floor":15,"key":"SMITH"},{"data":"Feed","floor":28,"key":"SMITH"},{"floor":32,"key":"REST"}],"circlet_count":0,"master_deck":["Strike_R+1","Defend_R","Defend_R+1","Bash+1","Dropkick+1","Dropkick+1","Shockwave+1","Feed+1","Clothesline+1","Second Wind+1","Burning Pact"],"relics":["Burning Blood","InkBottle","Membership Card","Shuriken","Bronze Scales","Astrolabe","Boot","Kunai","White Beast Statue","Ancient Tea Set","Black Star","Bag of Preparation","CeramicFish","Blood Vial","Juzu Bracelet","Whetstone","Vajra"],"acts_visited":["Exordium","TheCity","TheBeyond"],"potions_floor_usage":[6,23,25,30,33,38,39,41,42,43,43,43,43,45,46],"damage_taken":[{"damage":10,"enemies":"Jaw Worm","floor":1,"turns":4},{"damage":1,"enemies":"Cultist","floor":2,"turns":3},{"damage":6,"enemies":"2 Louse","floor":4,"turns":3},{"damage":36,"enemies":"Lagavulin","floor":6,"turns":4},{"damage":15,"enemies":"Exordium Thugs","floor":7,"turns":3},{"damage":9,"enemies":"Exordium Wildlife","floor":10,"turns":3},{"damage":5,"enemies":"Red Slaver","floor":13,"turns":2},{"damage":2,"enemies":"Looter","floor":14,"turns":2},{"damage":26,"enemies":"Slime Boss","floor":16,"turns":7},{"damage":25,"enemies":"Spheric Guardian","floor":18,"turns":5},{"damage":6,"enemies":"Chosen","floor":22,"turns":3},{"damage":62,"enemies":"Slavers","floor":23,"turns":5},{"damage":14,"enemies":"Snake Plant","floor":24,"turns":3},{"damage":0,"enemies":"Cultist and Chosen","floor":27,"turns":4},{"damage":16,"enemies":"Centurion and Healer","floor":29,"turns":5},{"damage":22,"enemies":"Snake Plant","floor":30,"turns":4},{"damage":10,"enemies":"Cultist and Chosen","floor":31,"turns":7},{"damage":36,"enemies":"Automaton","floor":33,"turns":6},{"damage":2,"enemies":"Orb Walker","floor":35,"turns":4},{"damage":57,"enemies":"3 Darklings","floor":37,"turns":7},{"damage":50,"enemies":"4 Shapes","floor":38,"turns":6},{"damage":0,"enemies":"Jaw Worm Horde","floor":39,"turns":2},{"damage":22,"enemies":"Sphere and 2 Shapes","floor":41,"turns":4},{"damage":15,"enemies":"4 Shapes","floor":42,"turns":5},{"damage":0,"enemies":"Reptomancer","floor":43,"turns":1},{"damage":9,"enemies":"Giant Head","floor":45,"turns":5},{"damage":31,"enemies":"2 Orb Walkers","floor":46,"turns":3}],"seed_played":"-3753114922923790986","potions_obtained":[{"floor":1,"key":"Strength Potion"},{"floor":7,"key":"Dexterity Potion"},{"floor":13,"key":"BloodPotion"},{"floor":16,"key":"Fire Potion"},{"floor":22,"key":"PowerPotion"},{"floor":23,"key":"Ancient Potion"},{"floor":27,"key":"Fruit Juice"},{"floor":30,"key":"EntropicBrew"},{"floor":33,"key":"Explosive Potion"},{"floor":38,"key":"ColorlessPotion"},{"floor":39,"key":"SkillPotion"},{"floor":41,"key":"ColorlessPotion"},{"floor":42,"key":"SpeedPotion"},{"floor":43,"key":"PowerPotion"},{"floor":45,"key":"SpeedPotion"}],"is_trial":false,"path_per_floor":["M","M","?","M","?","E","M","$","T","M","T","R","M","M","R","B",null,"M","?","?","?","M","E","M","$","T","M","R","M","M","M","R","B",null,"M","?","M","M","M","T","M","M","E","T","E","?"],"character_chosen":"IRONCLAD","items_purchased":["Membership Card","Dropkick","Kunai","White Beast Statue","DuplicationPotion"],"campfire_rested":1,"item_purchase_floors":[8,8,25,25,25],"current_hp_per_floor":[76,80,80,80,73,43,34,34,34,31,31,31,32,36,36,16,80,64,64,83,83,86,33,25,42,42,51,51,45,38,38,70,44,113,117,117,70,30,40,40,28,23,33,33,36,11,11],"gold":334,"neow_bonus":"UPGRADE_CARD","is_daily":false,"chose_seed":false,"campfire_upgraded":3,"win_rate":0.0,"timestamp":1608402547,"path_taken":["M","M","?","?","?","E","M","?","T","M","?","R","?","M","R","BOSS","M","?","?","?","M","E","?","$","T","M","R","M","M","M","R","BOSS","M","?","M","?","M","?","M","M","E","T","E","?"],"items_purchased_type":["Relic","Card","Relic","Relic","Potion"],"build_version":"2020-12-13","purchased_purges":1,"victory":false,"max_hp_per_floor":[80,80,80,80,80,80,80,80,80,80,80,80,80,80,80,80,80,83,83,83,83,86,89,89,89,89,92,92,96,105,109,109,113,113,117,117,121,125,129,129,133,137,141,141,145,149,149],"relic_stats":{"counters":[27,110],"Astrolabe":["Perfected Strike","Clothesline","Second Wind"],"CeramicFish":9,"Bag of Preparation":[10],"Juzu Bracelet":1,"Whetstone":["Dropkick","Dropkick"],"Boot":[19],"Burning Blood":151,"Blood Vial":4,"Shuriken":[65],"Bronze Scales":[212],"Black Star":2,"Kunai":[48],"obtain_stats":[{"Astrolabe":17,"CeramicFish":43,"Vajra":45,"Bag of Preparation":40,"Juzu Bracelet":44,"Whetstone":45,"Boot":23,"Ancient Tea Set":26,"Burning Blood":0,"White Beast Statue":25,"Blood Vial":43,"Shuriken":9,"Bronze Scales":11,"Black Star":34,"Membership Card":8,"Kunai":25,"InkBottle":6},{"Astrolabe":9,"CeramicFish":25,"Vajra":26,"Bag of Preparation":22,"Juzu Bracelet":25,"Whetstone":26,"Boot":12,"Ancient Tea Set":13,"Burning Blood":0,"White Beast Statue":13,"Blood Vial":25,"Shuriken":5,"Bronze Scales":6,"Black Star":18,"Membership Card":5,"Kunai":13,"InkBottle":4},{"Astrolabe":31,"CeramicFish":102,"Vajra":107,"Bag of Preparation":92,"Juzu Bracelet":102,"Whetstone":107,"Boot":44,"Ancient Tea Set":47,"Burning Blood":0,"White Beast Statue":47,"Blood Vial":102,"Shuriken":17,"Bronze Scales":20,"Black Star":73,"Membership Card":17,"Kunai":47,"InkBottle":14}],"InkBottle":[26]},"card_choices":[{"not_picked":["Rage","Shrug It Off","Body Slam"],"picked":"SKIP","floor":1},{"not_picked":["Shockwave","Anger"],"picked":"Dropkick","floor":2},{"not_picked":["Rupture","Rampage","Sentinel"],"picked":"SKIP","floor":4},{"not_picked":["Blood for Blood","Wild Strike","Anger"],"picked":"SKIP","floor":6},{"not_picked":["True Grit","Power Through","Intimidate"],"picked":"SKIP","floor":7},{"not_picked":["Power Through","Spot Weakness","Inflame"],"picked":"SKIP","floor":10},{"not_picked":["Perfected Strike","Metallicize","True Grit"],"picked":"SKIP","floor":13},{"not_picked":["Sword Boomerang","Shrug It Off"],"picked":"Shockwave","floor":14},{"not_picked":["Juggernaut","Exhume"],"picked":"Feed","floor":16},{"not_picked":["Blood for Blood+1","Inflame","Headbutt+1"],"picked":"SKIP","floor":18},{"not_picked":["True Grit","Flex","Body Slam+1"],"picked":"SKIP","floor":22},{"not_picked":["Anger","True Grit","Clothesline+1"],"picked":"SKIP","floor":23},{"not_picked":["Evolve+1","Perfected Strike","Wild Strike+1"],"picked":"SKIP","floor":24},{"not_picked":["Thunderclap","Warcry","Wild Strike"],"picked":"SKIP","floor":27},{"not_picked":["Headbutt","Intimidate","Impervious"],"picked":"SKIP","floor":29},{"not_picked":["Clash","Perfected Strike+1","Entrench"],"picked":"SKIP","floor":30},{"not_picked":["Flex","Anger","Reckless Charge+1"],"picked":"SKIP","floor":31},{"not_picked":["Perfected Strike","Pommel Strike+1","Shrug It Off+1"],"picked":"SKIP","floor":35},{"not_picked":["Carnage+1","Sword Boomerang+1","Thunderclap+1"],"picked":"SKIP","floor":37},{"not_picked":["Thunderclap+1","Shockwave+1","Warcry+1"],"picked":"SKIP","floor":38},{"not_picked":["Dark Embrace+1","Pommel Strike+1","Spot Weakness"],"picked":"SKIP","floor":39},{"not_picked":["Anger+1","Perfected Strike+1","Armaments+1"],"picked":"SKIP","floor":41},{"not_picked":["Searing Blow","Cleave","Dual Wield"],"picked":"SKIP","floor":42},{"not_picked":["Pommel Strike+1","Cleave+1","Clothesline+1"],"picked":"SKIP","floor":43},{"not_picked":["Seeing Red+1","Flame Barrier"],"picked":"Burning Pact","floor":45}],"player_experience":961315,"relics_obtained":[{"floor":6,"key":"InkBottle"},{"floor":9,"key":"Shuriken"},{"floor":11,"key":"Bronze Scales"},{"floor":23,"key":"Boot"},{"floor":26,"key":"Ancient Tea Set"},{"floor":40,"key":"Bag of Preparation"},{"floor":43,"key":"CeramicFish"},{"floor":43,"key":"Blood Vial"},{"floor":44,"key":"Juzu Bracelet"},{"floor":45,"key":"Whetstone"},{"floor":45,"key":"Vajra"}],"event_choices":[{"damage_healed":0,"gold_gain":0,"player_choice":"Ignored","damage_taken":0,"max_hp_gain":0,"max_hp_loss":0,"event_name":"NoteForYourself","floor":3,"gold_loss":0},{"cards_removed":["Defend_R"],"damage_healed":0,"gold_gain":0,"player_choice":"Card Removal","damage_taken":7,"max_hp_gain":0,"max_hp_loss":0,"event_name":"Golden Wing","floor":5,"gold_loss":0},{"cards_removed":["Perfected Strike"],"damage_healed":0,"gold_gain":0,"player_choice":"Elegance","damage_taken":0,"max_hp_gain":0,"max_hp_loss":0,"event_name":"Back to Basics","floor":19,"gold_loss":0},{"damage_healed":27,"gold_gain":0,"player_choice":"Heal","damage_taken":0,"max_hp_gain":0,"max_hp_loss":0,"event_name":"The Library","floor":20,"gold_loss":0},{"damage_healed":0,"gold_gain":99,"player_choice":"Stole From Cult","damage_taken":0,"max_hp_gain":0,"max_hp_loss":0,"event_name":"Nest","floor":21,"gold_loss":0},{"cards_removed":["Defend_R"],"damage_healed":0,"gold_gain":0,"player_choice":"Upgrade and Remove","damage_taken":0,"max_hp_gain":0,"max_hp_loss":0,"event_name":"Designer","floor":36,"gold_loss":90,"cards_upgraded":["Strike_R"]},{"damage_healed":0,"gold_gain":0,"player_choice":"Fight","damage_taken":0,"max_hp_gain":0,"max_hp_loss":0,"event_name":"Mysterious Sphere","floor":46,"gold_loss":0}],"is_beta":false,"boss_relics":[{"not_picked":["SacredBark","Tiny House"],"picked":"Astrolabe"},{"not_picked":["Coffee Dripper","Philosopher\u0027s Stone"],"picked":"Black Star"}],"items_purged_floors":[25],"is_endless":false,"potions_floor_spawned":[1,7,13,16,22,23,27,29,30,31,33,35,37,38,39,41,42,43,45],"killed_by":"2 Orb Walkers","ascension_level":0}}