{"host":"p245q48pmopyklqs","time":1608350575,"event":{"mods":["AchievementEnabler","BaseMod","DeckTracker","Minty Spire (QoL Compilation)","Relic Stats","Slay-I","StSLib","SuperFastMode"],"gold_per_floor":[112,127,147,157,157,186,186,201,248,259,259,275,304,318,318,318,318],"floor_reached":16,"playtime":1013,"items_purged":[],"score":232,"play_id":"02cc6a02-c68a-49e4-a4ef-e49d7e4960ae","local_time":"20201219130255","is_ascension_mode":true,"campfire_choices":[{"data":"Zap","floor":7.0,"key":"SMITH"},{"floor":11.0,"key":"REST"},{"data":"Biased Cognition","floor":15.0,"key":"SMITH"}],"circlet_count":0,"master_deck":["AscendersBane","Strike_B","Strike_B","Defend_B","Defend_B","Defend_B","Defend_B","Zap+1","Dualcast","Blizzard","Leap","Ball Lightning","Lockon","Biased Cognition+1","Go for the Eyes+1","Steam","Ball Lightning+1","Heatsinks+1"],"relics":["Cracked Core","Molten Egg 2","Nunchaku","Frozen Egg 2"],"acts_visited":["Exordium"],"potions_floor_usage":[16,16],"damage_taken":[{"damage":2.0,"enemies":"2 Louse","floor":1.0,"turns":3.0},{"damage":2.0,"enemies":"Jaw Worm","floor":2.0,"turns":4.0},{"damage":0.0,"enemies":"Small Slimes","floor":3.0,"turns":4.0},{"damage":11.0,"enemies":"3 Louse","floor":4.0,"turns":4.0},{"damage":21.0,"enemies":"Lagavulin","floor":6.0,"turns":5.0},{"damage":4.0,"enemies":"Blue Slaver","floor":8.0,"turns":3.0},{"damage":0.0,"enemies":"Red Slaver","floor":10.0,"turns":2.0},{"damage":2.0,"enemies":"Looter","floor":12.0,"turns":3.0},{"damage":8.0,"enemies":"Gremlin Nob","floor":13.0,"turns":3.0},{"damage":8.0,"enemies":"Large Slime","floor":14.0,"turns":3.0},{"damage":25,"enemies":"Hexaghost","floor":16,"turns":7}],"seed_played":"3996461730997206592","potions_obtained":[{"floor":3.0,"key":"Dexterity Potion"},{"floor":8.0,"key":"Dexterity Potion"},{"floor":10.0,"key":"Ancient Potion"},{"floor":14.0,"key":"DuplicationPotion"}],"is_trial":false,"path_per_floor":["M","M","M","M","?","E","R","M","T","M","R","M","E","M","R","B"],"character_chosen":"DEFECT","items_purchased":[],"campfire_rested":1,"item_purchase_floors":[],"current_hp_per_floor":[62,60,60,49,42,21,21,17,17,17,38,36,28,20,20,0,0],"gold":318,"neow_bonus":"TRANSFORM_CARD","is_daily":false,"chose_seed":false,"campfire_upgraded":2,"win_rate":0.0,"timestamp":1608350575,"path_taken":["M","M","M","M","?","E","R","M","T","M","R","M","E","M","R","BOSS"],"items_purchased_type":[],"build_version":"2020-12-13","purchased_purges":0,"victory":false,"max_hp_per_floor":[71,71,71,71,71,71,71,71,71,71,71,71,71,71,71,71,71],"relic_stats":{"Nunchaku":[2],"counters":[11,41],"obtain_stats":[{"Nunchaku":9,"Molten Egg 2":6,"Frozen Egg 2":13,"Cracked Core":0},{"Nunchaku":6,"Molten Egg 2":5,"Frozen Egg 2":9,"Cracked Core":0},{"Nunchaku":23,"Molten Egg 2":20,"Frozen Egg 2":31,"Cracked Core":0}]},"card_choices":[{"not_picked":["Scrape","Force Field"],"picked":"Leap","floor":1.0},{"not_picked":["Hologram","Stack","Redo"],"picked":"SKIP","floor":2.0},{"not_picked":["Beam Cell","Conserve Battery"],"picked":"Ball Lightning","floor":3.0},{"not_picked":["BootSequence","Coolheaded"],"picked":"Lockon","floor":4.0},{"not_picked":["BootSequence","Steam"],"picked":"Biased Cognition","floor":6.0},{"not_picked":["Redo","Static Discharge"],"picked":"Go for the Eyes+1","floor":8.0},{"not_picked":["Gash+1","Fusion"],"picked":"Steam","floor":10.0},{"not_picked":["Heatsinks","Stack"],"picked":"Ball Lightning+1","floor":12.0},{"not_picked":["Go for the Eyes+1","Gash+1","Redo"],"picked":"SKIP","floor":13.0},{"not_picked":["Turbo","Streamline+1"],"picked":"Heatsinks+1","floor":14.0}],"player_experience":2311036,"relics_obtained":[{"floor":6.0,"key":"Molten Egg 2"},{"floor":9.0,"key":"Nunchaku"},{"floor":13.0,"key":"Frozen Egg 2"}],"event_choices":[{"cards_removed":["Strike_B"],"damage_healed":0.0,"max_hp_gain":0.0,"max_hp_loss":0.0,"gold_gain":0.0,"event_name":"Golden Wing","player_choice":"Card Removal","floor":5.0,"gold_loss":0.0,"damage_taken":7.0}],"is_beta":false,"boss_relics":[],"items_purged_floors":[],"is_endless":false,"potions_floor_spawned":[3,8,10,14],"killed_by":"Hexaghost","ascension_level":20}}