{"host":"gx04ak8ofzo346nl","time":1608411864,"event":{"mods":["BaseMod","Colored Map","Googly Eyes","Highlight Path","Infinite Spire","Minty Spire (QoL Compilation)","Replay The Spire","StSLib"],"gold_per_floor":[119,119,133,133,308,335,335,371,396,242,286,302,346,346,346],"floor_reached":14,"playtime":661,"items_purged":[],"score":131,"play_id":"1b6557c2-7328-4b7a-bcb9-101cb40775fe","local_time":"20201219130424","is_ascension_mode":true,"campfire_choices":[],"circlet_count":0,"master_deck":["Strike_P","Strike_P","Strike_P","Strike_P","Defend_P","Defend_P","Defend_P","Defend_P","Eruption","BattleHymn","Wallop+1","CrushJoints","Doubt","WreathOfFlame","Injury","TalkToTheHand","Prostrate","Wish","Replay:LoomingThreat","Meditate","Replay:Battleflow","Replay:Anticipation","Evaluate","InnerPeace"],"relics":["PureWater","NeowsBlessing","Replay:Wax Seal","Orichalcum","Golden Idol","Chameleon Ring","Orrery"],"acts_visited":["Exordium"],"potions_floor_usage":[14],"damage_taken":[{"damage":0,"enemies":"2 Louse","floor":1,"turns":1},{"damage":0,"enemies":"Small Slimes","floor":3,"turns":1},{"damage":0,"enemies":"Lagavulin","floor":6,"turns":1},{"damage":14,"enemies":"3 Sentries","floor":8,"turns":7},{"damage":1,"enemies":"Jaw Worm","floor":11,"turns":5},{"damage":10,"enemies":"2 Fungi Beasts","floor":12,"turns":3},{"damage":11,"enemies":"Looter","floor":13,"turns":5},{"damage":33,"enemies":"Gremlin Nob","floor":14,"turns":4}],"seed_played":"-7122799132909030012","potions_obtained":[{"floor":6,"key":"Weak Potion"}],"is_trial":false,"path_per_floor":["M","?","M","?","?","E","?","E","T","$","M","M","M","E"],"character_chosen":"WATCHER","items_purchased":["Orrery"],"campfire_rested":0,"item_purchase_floors":[10],"current_hp_per_floor":[72,72,72,60,60,60,60,46,46,46,45,35,24,0,0],"gold":346,"neow_bonus":"THREE_ENEMY_KILL","is_daily":false,"chose_seed":false,"campfire_upgraded":0,"win_rate":0.0,"timestamp":1608411864,"path_taken":["M","?","M","?","?","E","?","E","T","$","M","M","?","E"],"items_purchased_type":["Relic"],"build_version":"2020-12-13","purchased_purges":0,"victory":false,"max_hp_per_floor":[72,72,72,72,72,72,72,72,72,72,72,72,72,72,72],"card_choices":[{"not_picked":["Fasting2","Tantrum"],"picked":"BattleHymn","floor":1},{"not_picked":["Replay:BluntJabs","Replay:ManipulateFuture"],"picked":"CrushJoints","floor":3},{"not_picked":["TalkToTheHand","CrushJoints"],"picked":"WreathOfFlame","floor":6},{"not_picked":["CrushJoints","Crescendo"],"picked":"TalkToTheHand","floor":8},{"not_picked":["Replay:ManipulateFuture","Replay:AtTheReady"],"picked":"Prostrate","floor":10},{"not_picked":["ForeignInfluence","EmptyFist"],"picked":"Wish","floor":10},{"not_picked":["FlurryOfBlows","CutThroughFate"],"picked":"Replay:LoomingThreat","floor":10},{"not_picked":["LikeWater","Replay:BluntJabs"],"picked":"Meditate","floor":10},{"not_picked":["Vengeance","Replay:AtTheReady"],"picked":"Replay:Battleflow","floor":10},{"not_picked":["JustLucky","InnerPeace"],"picked":"Replay:Anticipation","floor":11},{"not_picked":["MentalFortress","BowlingBash"],"picked":"Evaluate","floor":12},{"not_picked":["Consecrate","JustLucky"],"picked":"InnerPeace","floor":13}],"player_experience":145632,"relics_obtained":[{"floor":6,"key":"Orichalcum"},{"floor":8,"key":"Chameleon Ring"}],"event_choices":[{"damage_healed":0,"gold_gain":0,"player_choice":"Success","damage_taken":12,"relics_obtained":["Replay:Wax Seal"],"max_hp_gain":0,"max_hp_loss":0,"event_name":"Scrap Ooze","floor":4,"gold_loss":0},{"damage_healed":0,"gold_gain":175,"player_choice":"AGREE","damage_taken":0,"max_hp_gain":0,"max_hp_loss":0,"event_name":"Liars Game","floor":5,"gold_loss":0,"cards_obtained":["Doubt"]},{"damage_healed":0,"gold_gain":0,"player_choice":"Take Wound","damage_taken":0,"relics_obtained":["Golden Idol"],"max_hp_gain":0,"max_hp_loss":0,"event_name":"Golden Idol","floor":7,"gold_loss":0,"cards_obtained":["Injury"]}],"is_beta":false,"boss_relics":[],"items_purged_floors":[],"is_endless":false,"potions_floor_spawned":[6],"killed_by":"Gremlin Nob","ascension_level":1}}