{"host":"usewcu4ohw2wtmxk","time":1608375009,"event":{"mods":["BaseMod","Minty Spire (QoL Compilation)","Permanent Neow","Quick Restart","Relic Stats"],"gold_per_floor":[117,128,146,146,157,191,217,248,248,275,288,327,338,388,388,474,474,486,506,556,450,450,485,147,147,195,215,259,259,273,285,285,285,285],"floor_reached":33,"playtime":814,"items_purged":["Defend_P","Defend_P"],"score":668,"play_id":"1ff621a7-4fc6-4908-a534-f9cc131c6800","local_time":"20201219185009","is_ascension_mode":true,"campfire_choices":[{"data":"TalkToTheHand","floor":15.0,"key":"SMITH"},{"data":"Vault","floor":25,"key":"SMITH"},{"floor":29,"key":"REST"},{"data":"Tantrum","floor":32,"key":"SMITH"}],"circlet_count":0,"master_deck":["AscendersBane","Strike_P","Strike_P","Strike_P","Strike_P+1","Defend_P","Defend_P","Eruption+1","Vigilance","Tantrum+1","FearNoEvil","BowlingBash","WheelKick","TalkToTheHand+1","Vault+1","Adaptation","Adaptation","Wallop+1"],"relics":["PureWater","Whetstone","Regal Pillow","CeramicFish","CaptainsWheel","Ice Cream","Tiny Chest","Ginger","Runic Pyramid","Happy Flower","TheAbacus","Bag of Preparation","Orichalcum"],"acts_visited":["Exordium","TheCity"],"potions_floor_usage":[28,31],"damage_taken":[{"damage":0.0,"enemies":"Small Slimes","floor":1.0,"turns":3.0},{"damage":0.0,"enemies":"Jaw Worm","floor":2.0,"turns":3.0},{"damage":0.0,"enemies":"Cultist","floor":3.0,"turns":2.0},{"damage":0.0,"enemies":"Exordium Wildlife","floor":5.0,"turns":1.0},{"damage":6.0,"enemies":"Gremlin Nob","floor":6.0,"turns":3.0},{"damage":5.0,"enemies":"3 Louse","floor":7.0,"turns":3.0},{"damage":22.0,"enemies":"Lagavulin","floor":8.0,"turns":4.0},{"damage":0.0,"enemies":"Exordium Thugs","floor":11.0,"turns":2.0},{"damage":0.0,"enemies":"Gremlin Nob","floor":12.0,"turns":2.0},{"damage":0.0,"enemies":"Exordium Wildlife","floor":13.0,"turns":3.0},{"damage":20.0,"enemies":"The Guardian","floor":16.0,"turns":11.0},{"damage":0,"enemies":"Chosen","floor":18,"turns":4},{"damage":17,"enemies":"3 Byrds","floor":19,"turns":5},{"damage":9,"enemies":"Gremlin Leader","floor":23,"turns":6},{"damage":6,"enemies":"Snecko","floor":27,"turns":4},{"damage":16,"enemies":"Book of Stabbing","floor":28,"turns":5},{"damage":17,"enemies":"Centurion and Healer","floor":30,"turns":4},{"damage":0,"enemies":"Shelled Parasite and Fungi","floor":31,"turns":1},{"damage":38,"enemies":"Champ","floor":33,"turns":8}],"seed_played":"-7677049569946374542","potions_obtained":[{"floor":6.0,"key":"SpeedPotion"},{"floor":11.0,"key":"Block Potion"},{"floor":13.0,"key":"SteroidPotion"},{"floor":18,"key":"Ambrosia"},{"floor":28,"key":"Explosive Potion"}],"is_trial":false,"path_per_floor":["M","M","M","?","M","E","M","E","T","T","M","E","M","?","R","B",null,"M","M","?","$","T","E","$","R","T","M","E","R","M","M","R","B"],"character_chosen":"WATCHER","items_purchased":["Adaptation","TheAbacus","Adaptation"],"campfire_rested":1,"item_purchase_floors":[21,24,24],"current_hp_per_floor":[61,61,61,56,56,50,45,23,23,23,23,23,23,23,23,3,52,52,35,35,35,35,26,26,26,26,20,4,39,22,22,22,0,0],"gold":285,"neow_bonus":"RANDOM_COMMON_RELIC","is_daily":false,"chose_seed":false,"campfire_upgraded":3,"win_rate":0.0,"timestamp":1608375009,"path_taken":["M","M","M","?","M","E","M","E","T","?","M","E","M","?","R","BOSS","M","?","?","$","?","E","$","R","T","M","E","R","?","M","R","BOSS"],"items_purchased_type":["Card","Relic","Card"],"build_version":"2020-12-13","purchased_purges":2,"victory":false,"max_hp_per_floor":[68,68,68,68,68,68,68,68,68,68,68,68,68,68,68,68,68,68,68,68,68,68,68,68,68,68,68,68,68,68,68,68,68,68],"relic_stats":{"Regal Pillow":15,"TheAbacus":[36],"Happy Flower":[7],"counters":[19,74],"CeramicFish":54,"Tiny Chest":1,"Bag of Preparation":[10],"Whetstone":["Strike_P","Eruption"],"Ginger":[4],"Orichalcum":[0],"obtain_stats":[{"Ice Cream":9,"Regal Pillow":4,"Happy Flower":23,"CeramicFish":6,"Bag of Preparation":26,"Whetstone":0,"Ginger":12,"Orichalcum":28,"CaptainsWheel":8,"TheAbacus":24,"Tiny Chest":10,"PureWater":0,"Runic Pyramid":17},{"Ice Cream":7,"Regal Pillow":3,"Happy Flower":14,"CeramicFish":5,"Bag of Preparation":14,"Whetstone":0,"Ginger":9,"Orichalcum":16,"CaptainsWheel":7,"TheAbacus":14,"Tiny Chest":7,"PureWater":0,"Runic Pyramid":11},{"Ice Cream":19,"Regal Pillow":8,"Happy Flower":52,"CeramicFish":12,"Bag of Preparation":52,"Whetstone":0,"Ginger":23,"Orichalcum":61,"CaptainsWheel":19,"TheAbacus":52,"Tiny Chest":19,"PureWater":0,"Runic Pyramid":37}]},"card_choices":[{"not_picked":["Prostrate","ThirdEye"],"picked":"Tantrum","floor":1.0},{"not_picked":["FlurryOfBlows","EmptyBody"],"picked":"FearNoEvil","floor":2.0},{"not_picked":["Crescendo","FlurryOfBlows"],"picked":"BowlingBash","floor":3.0},{"not_picked":["Crescendo","WindmillStrike","ForeignInfluence"],"picked":"SKIP","floor":5.0},{"not_picked":["Study","BowlingBash","WaveOfTheHand"],"picked":"SKIP","floor":6.0},{"not_picked":["FlurryOfBlows","WaveOfTheHand"],"picked":"WheelKick","floor":7.0},{"not_picked":["Indignation","CutThroughFate","FearNoEvil"],"picked":"SKIP","floor":8.0},{"not_picked":["Evaluate","Establishment","FlurryOfBlows"],"picked":"SKIP","floor":11.0},{"not_picked":["ThirdEye","EmptyFist"],"picked":"TalkToTheHand","floor":12.0},{"not_picked":["EmptyFist","CrushJoints","Protect"],"picked":"SKIP","floor":13.0},{"not_picked":["Devotion","Brilliance"],"picked":"Vault","floor":16.0},{"not_picked":["Consecrate","Halt","EmptyFist"],"picked":"SKIP","floor":18},{"not_picked":["JustLucky+1","CutThroughFate","TalkToTheHand"],"picked":"SKIP","floor":19},{"not_picked":["FollowUp+1","Weave","PathToVictory"],"picked":"SKIP","floor":23},{"not_picked":["Establishment","SignatureMove+1","Meditate"],"picked":"SKIP","floor":27},{"not_picked":["ForeignInfluence","FollowUp"],"picked":"Wallop+1","floor":28},{"not_picked":["BowlingBash","ClearTheMind","EmptyBody"],"picked":"SKIP","floor":30},{"not_picked":["Halt","Sanctity","Prostrate"],"picked":"SKIP","floor":31}],"player_experience":225614,"relics_obtained":[{"floor":6.0,"key":"CeramicFish"},{"floor":8.0,"key":"CaptainsWheel"},{"floor":9.0,"key":"Ice Cream"},{"floor":10.0,"key":"Tiny Chest"},{"floor":12.0,"key":"Ginger"},{"floor":23,"key":"Happy Flower"},{"floor":26,"key":"Bag of Preparation"},{"floor":28,"key":"Orichalcum"}],"event_choices":[{"damage_healed":0.0,"max_hp_gain":0.0,"max_hp_loss":0.0,"gold_gain":0.0,"event_name":"Scrap Ooze","player_choice":"Success","floor":4.0,"gold_loss":0.0,"damage_taken":5.0,"relics_obtained":["Regal Pillow"]},{"damage_healed":0.0,"max_hp_gain":0.0,"max_hp_loss":0.0,"gold_gain":50.0,"event_name":"Golden Shrine","player_choice":"Pray","floor":14.0,"gold_loss":0.0,"damage_taken":0.0},{"damage_healed":0,"gold_gain":50,"player_choice":"Stole From Cult","damage_taken":0,"max_hp_gain":0,"max_hp_loss":0,"event_name":"Nest","floor":20,"gold_loss":0}],"is_beta":false,"boss_relics":[{"not_picked":["Astrolabe","SlaversCollar"],"picked":"Runic Pyramid"}],"items_purged_floors":[21,24],"is_endless":false,"potions_floor_spawned":[6,11,13,16,18,23,27,28],"killed_by":"Champ","ascension_level":20}}