{"host":"gbop6m4qugddaz18","time":1608346605,"event":{"mods":["2.2 Compatiblity","BaseMod","Better Third Choice","Block Reminder","Downfall","GifTheSpireLib","Highlight Path","Minty Spire (QoL Compilation)","Replay The Spire","StSLib"],"gold_per_floor":[112,128,142,158,0,27,46,46,46,62,62,27,27,40,40,144,144,161,177,177,177,177],"floor_reached":21,"playtime":1119,"items_purged":[],"score":201,"play_id":"09396993-e43f-4af1-a2d4-d8d4f22f254a","local_time":"20201218215645","is_ascension_mode":true,"campfire_choices":[{"floor":8,"key":"REST"},{"data":"Double Energy","floor":13,"key":"SMITH"},{"floor":15,"key":"REST"}],"circlet_count":0,"master_deck":["Zap","Dualcast","Rip and Tear","Leap","Sweeping Beam","Sweeping Beam","Enlightenment","Turbo","Double Energy+1","Static Discharge","White Noise","Melter","Reboot","Ball Lightning","ReplaySolidLightProjector","ReplayTheSpireMod:Repulse","Leap","Steam"],"relics":["Cracked Core","Mirror","Pet Ghost","Toy Ornithopter","Pandora\u0027s Box"],"acts_visited":["Exordium","TheCity"],"potions_floor_usage":[6,14,16,16,21],"damage_taken":[{"damage":13,"enemies":"Small Slimes","floor":1,"turns":3},{"damage":7,"enemies":"Jaw Worm","floor":2,"turns":2},{"damage":2,"enemies":"2 Louse","floor":3,"turns":3},{"damage":23,"enemies":"Lots of Slimes","floor":4,"turns":3},{"damage":22,"enemies":"Lagavulin","floor":6,"turns":6},{"damage":0,"enemies":"2 Fungi Beasts","floor":7,"turns":2},{"damage":9,"enemies":"Red Slaver","floor":10,"turns":3},{"damage":0,"enemies":"3 Louse","floor":14,"turns":1},{"damage":52,"enemies":"Hexaghost","floor":16,"turns":9},{"damage":0,"enemies":"3 Byrds","floor":18,"turns":1},{"damage":43,"enemies":"2 Thieves","floor":19,"turns":4},{"damage":52,"enemies":"Snecko","floor":21,"turns":4}],"seed_played":"-7682504813150632399","potions_obtained":[{"floor":3,"key":"Weak Potion"},{"floor":6,"key":"Venom Potion"},{"floor":10,"key":"SkillPotion"},{"floor":14,"key":"Fruit Juice"},{"floor":16,"key":"champ:CounterPotion"}],"is_trial":false,"path_per_floor":["M","M","M","M","?","E","M","R","T","M","?","?","R","M","R","B",null,"M","M","?","M"],"character_chosen":"DEFECT","items_purchased":[],"campfire_rested":2,"item_purchase_floors":[],"current_hp_per_floor":[62,55,53,30,36,14,14,38,38,29,22,42,42,52,77,34,86,86,43,43,0,0],"gold":177,"neow_bonus":"REMOVE_CARD","is_daily":false,"chose_seed":false,"campfire_upgraded":1,"win_rate":0.0,"timestamp":1608346605,"path_taken":["M","M","M","M","?","E","M","R","T","M","?","?","R","M","R","BOSS","M","M","?","M"],"items_purchased_type":[],"build_version":"2020-12-13","purchased_purges":0,"victory":false,"max_hp_per_floor":[75,75,75,75,81,81,81,81,81,81,81,81,81,86,86,86,86,86,86,86,86,86],"card_choices":[{"not_picked":["Compile Driver","Tempest"],"picked":"Rip and Tear","floor":1},{"not_picked":["Rip and Tear","Barrage"],"picked":"Leap","floor":2},{"not_picked":["Coolheaded","ReplaySolidLightProjector"],"picked":"Sweeping Beam","floor":3},{"not_picked":["Compile Driver","Cold Snap"],"picked":"Sweeping Beam","floor":4},{"not_picked":["Capacitor","Sweeping Beam"],"picked":"Turbo","floor":6},{"not_picked":["Consume","Buffer","Streamline"],"picked":"SKIP","floor":7},{"not_picked":["ReplaySort","Scrape"],"picked":"Double Energy","floor":10},{"not_picked":["Panic Button","BasicCrystalCard"],"picked":"Static Discharge","floor":14},{"not_picked":["Gash","Blizzard+1"],"picked":"Leap","floor":18},{"not_picked":["Streamline+1","Rebound"],"picked":"Steam","floor":19}],"player_experience":463080,"relics_obtained":[{"floor":6,"key":"Mirror"},{"floor":9,"key":"Pet Ghost"}],"event_choices":[{"damage_healed":0,"gold_gain":0,"player_choice":"RENOUNCE","damage_taken":158,"max_hp_gain":0,"max_hp_loss":0,"event_name":"betterThird:BetterSerpent","floor":5,"gold_loss":158,"cards_obtained":["Enlightenment"]},{"damage_healed":0,"gold_gain":0,"player_choice":"Relic ","damage_taken":7,"max_hp_gain":0,"max_hp_loss":0,"event_name":"betterThird:BetterScrap","floor":11,"gold_loss":0,"cards_obtained":["ReplayTheSpireMod:The Works"]},{"damage_healed":20,"gold_gain":0,"player_choice":"Healed","damage_taken":0,"max_hp_gain":0,"max_hp_loss":0,"event_name":"The Cleric","floor":12,"gold_loss":35},{"cards_removed":["Recycle"],"damage_healed":0,"gold_gain":0,"player_choice":"Purged","damage_taken":0,"max_hp_gain":0,"max_hp_loss":0,"event_name":"Purifier","floor":20,"gold_loss":0}],"is_beta":false,"boss_relics":[{"not_picked":["Replay:Grab Bag","Abe\u0027s Treasure"],"picked":"Pandora\u0027s Box"}],"items_purged_floors":[],"is_endless":false,"potions_floor_spawned":[3,6,10,14,16],"killed_by":"Snecko","ascension_level":2}}