{"host":"2mb887pelv9ua2b0","time":1608382050,"event":{"mods":["AchievementEnabler","BaseMod","Colored Map","Keyboard Shortcuts","Minty Spire (QoL Compilation)","Quick Restart","Relic Stats","StSLib","SuperFastMode","everything is the same but u backflip on backflip"],"gold_per_floor":[367,378,391,411,61,61,61,61],"floor_reached":7,"playtime":173,"items_purged":["Strike_P"],"score":86,"play_id":"198ab2ae-9a2e-4919-9939-954255086441","local_time":"20201219214730","is_ascension_mode":true,"campfire_choices":[{"data":"Eruption","floor":6.0,"key":"SMITH"}],"circlet_count":0,"master_deck":["AscendersBane","Strike_P","Strike_P","Strike_P","Defend_P","Defend_P","Defend_P","Defend_P","Eruption+1","Vigilance","Adaptation","CrushJoints"],"relics":["PureWater","Kunai"],"acts_visited":[],"potions_floor_usage":[],"damage_taken":[{"damage":0.0,"enemies":"Cultist","floor":1.0,"turns":4.0},{"damage":0.0,"enemies":"Jaw Worm","floor":2.0,"turns":5.0},{"damage":5.0,"enemies":"2 Louse","floor":3.0,"turns":4.0},{"damage":30.0,"enemies":"Exordium Wildlife","floor":4.0,"turns":6.0},{"damage":30,"enemies":"3 Sentries","floor":7,"turns":4}],"seed_played":"7238944191305892627","potions_obtained":[{"floor":1.0,"key":"Weak Potion"},{"floor":3.0,"key":"Strength Potion"}],"is_trial":false,"path_per_floor":["M","M","M","M","$","R","E"],"character_chosen":"WATCHER","items_purchased":["Kunai"],"campfire_rested":0,"item_purchase_floors":[5],"current_hp_per_floor":[61,61,56,26,26,26,0,0],"gold":61,"neow_bonus":"TWO_FIFTY_GOLD","is_daily":false,"chose_seed":false,"campfire_upgraded":1,"win_rate":0.0,"timestamp":1608382050,"path_taken":["M","M","?","M","$","R","E"],"items_purchased_type":["Relic"],"build_version":"2020-12-13","purchased_purges":1,"victory":false,"max_hp_per_floor":[62,62,62,62,62,62,62,62],"relic_stats":{"counters":[5,23],"Kunai":[1],"obtain_stats":[{"Kunai":5,"PureWater":0},{"Kunai":4,"PureWater":0},{"Kunai":19,"PureWater":0}]},"card_choices":[{"not_picked":["ClearTheMind","ThirdEye"],"picked":"Adaptation","floor":1.0},{"not_picked":["FollowUp","CutThroughFate","ClearTheMind"],"picked":"SKIP","floor":2.0},{"not_picked":["FlyingSleeves","ThirdEye","Collect"],"picked":"SKIP","floor":3.0},{"not_picked":["FlurryOfBlows","Consecrate"],"picked":"CrushJoints","floor":4.0}],"player_experience":626013,"relics_obtained":[],"event_choices":[],"is_beta":false,"boss_relics":[],"items_purged_floors":[5],"is_endless":false,"potions_floor_spawned":[1,3],"killed_by":"3 Sentries","ascension_level":20}}