{"host":"mqhvlr3kpxebko0t","time":1608361139,"event":{"mods":["AchievementEnabler","BaseMod","Colored Map","Colored Powertips","Keyboard Shortcuts","Minty Spire (QoL Compilation)","StSLib","SuperFastMode"],"gold_per_floor":[109,129,129,129,129,168,191,191,191,43,43,56,74,95,95,190,253,267,292,192,192,210,229,242,242,269,144,144,171,192,120,120,216,216,235,86,86,100,100,135,156,176,202,202,221,221,140,158,158,158],"floor_reached":51,"playtime":1469,"items_purged":["Strike_B","Strike_B","Strike_B"],"score":1335,"play_id":"dfffd610-d893-43c6-b471-62342e6269b3","local_time":"20201219155859","is_ascension_mode":true,"campfire_choices":[{"data":"Darkness","floor":8.0,"key":"SMITH"},{"data":"Defragment","floor":15.0,"key":"SMITH"},{"data":"Dualcast","floor":25.0,"key":"SMITH"},{"data":"Defragment","floor":32.0,"key":"SMITH"},{"floor":44,"key":"REST"},{"floor":49,"key":"REST"}],"circlet_count":0,"master_deck":["AscendersBane","Defend_B+1","Zap+1","Dualcast+1","Sweeping Beam","Conserve Battery+1","Darkness+1","Glacier+1","Defragment+1","FTL","Coolheaded+1","Fission+1","Consume+1","Redo+1","Coolheaded+1","Compile Driver","Turbo+1","Defragment+1","Seek+1","Sweeping Beam+1","Recycle+1","Reboot+1","Undo+1","White Noise+1","Coolheaded+1","Skim+1"],"relics":["Cracked Core","NeowsBlessing","Golden Idol","Boot","Toxic Egg 2","Tiny House","Ancient Tea Set","War Paint","Astrolabe","Runic Capacitor","Pen Nib","Vajra"],"acts_visited":["Exordium","TheCity","TheBeyond"],"potions_floor_usage":[33,41,50,50],"damage_taken":[{"damage":0.0,"enemies":"Small Slimes","floor":1.0,"turns":1.0},{"damage":0.0,"enemies":"Jaw Worm","floor":2.0,"turns":1.0},{"damage":0.0,"enemies":"Gremlin Nob","floor":6.0,"turns":1.0},{"damage":3.0,"enemies":"2 Louse","floor":7.0,"turns":3.0},{"damage":0.0,"enemies":"Looter","floor":12.0,"turns":4.0},{"damage":0.0,"enemies":"Blue Slaver","floor":13.0,"turns":4.0},{"damage":28.0,"enemies":"Exordium Thugs","floor":14.0,"turns":5.0},{"damage":12.0,"enemies":"Hexaghost","floor":16.0,"turns":12.0},{"damage":0.0,"enemies":"Spheric Guardian","floor":18.0,"turns":3.0},{"damage":28.0,"enemies":"Shell Parasite","floor":19.0,"turns":5.0},{"damage":3.0,"enemies":"3 Cultists","floor":22.0,"turns":6.0},{"damage":7.0,"enemies":"Snecko","floor":23.0,"turns":5.0},{"damage":15.0,"enemies":"Snake Plant","floor":24.0,"turns":4.0},{"damage":3.0,"enemies":"Centurion and Healer","floor":30.0,"turns":7.0},{"damage":24,"enemies":"Automaton","floor":33,"turns":10},{"damage":0,"enemies":"3 Shapes","floor":35,"turns":3},{"damage":9,"enemies":"Orb Walker","floor":38,"turns":2},{"damage":0,"enemies":"Nemesis","floor":40,"turns":7},{"damage":19,"enemies":"Jaw Worm Horde","floor":41,"turns":3},{"damage":0,"enemies":"Maw","floor":42,"turns":7},{"damage":14,"enemies":"Transient","floor":45,"turns":5},{"damage":0,"enemies":"Writhing Mass","floor":48,"turns":7},{"damage":0,"enemies":"Donu and Deca","floor":50,"turns":7}],"seed_played":"1220060034183540125","potions_obtained":[{"floor":2.0,"key":"FairyPotion"},{"floor":7.0,"key":"Fire Potion"},{"floor":33,"key":"Energy Potion"},{"floor":38,"key":"Dexterity Potion"},{"floor":42,"key":"LiquidBronze"}],"is_trial":false,"path_per_floor":["M","M","?","?","?","E","M","R","T","$","?","M","M","M","R","B",null,"M","M","$","?","M","M","M","R","T","$","?","T","M","$","R","B",null,"M","$","?","M","$","E","M","M","T","R","M","?","$","M","R","B",null],"character_chosen":"DEFECT","items_purchased":["Defragment","Defragment","Runic Capacitor","Skim+1"],"campfire_rested":2,"item_purchase_floors":[10,31,36,47],"current_hp_per_floor":[64,64,57,43,43,43,40,40,40,40,45,45,45,17,17,5,60,60,32,32,32,29,22,7,7,7,7,7,7,4,4,4,3,58,58,58,58,49,49,49,30,30,30,52,38,38,38,38,60,60],"gold":158,"neow_bonus":"THREE_ENEMY_KILL","is_daily":false,"chose_seed":false,"campfire_upgraded":4,"win_rate":0.0,"timestamp":1608361139,"path_taken":["M","M","?","?","?","E","M","R","T","$","?","M","M","M","R","BOSS","M","M","$","?","M","M","M","R","T","?","?","?","?","$","R","BOSS","M","$","?","M","$","E","M","M","T","R","?","?","?","M","R","BOSS"],"items_purchased_type":["Card","Card","Relic","Card"],"build_version":"2020-12-13","purchased_purges":3,"victory":true,"max_hp_per_floor":[71,71,71,71,66,66,66,66,66,66,71,71,71,71,71,71,76,76,76,76,76,76,76,76,76,76,76,76,76,76,76,76,76,76,76,76,76,76,76,76,76,76,76,76,76,76,76,76,76,76],"card_choices":[{"not_picked":["Leap","Compile Driver"],"picked":"Sweeping Beam","floor":1.0},{"not_picked":["Sweeping Beam","Gash"],"picked":"Conserve Battery","floor":2.0},{"not_picked":["Doom and Gloom","Streamline"],"picked":"Darkness","floor":6.0},{"not_picked":["Hologram","Gash"],"picked":"Glacier","floor":7.0},{"not_picked":["Leap+1","Turbo+1"],"picked":"FTL","floor":12.0},{"not_picked":["Leap+1","Reinforced Body+1","Gash"],"picked":"SKIP","floor":13.0},{"not_picked":["Conserve Battery+1","Genetic Algorithm+1"],"picked":"Coolheaded+1","floor":14.0},{"not_picked":["Hyperbeam","Echo Form"],"picked":"Fission+1","floor":16.0},{"not_picked":["Force Field+1","Hologram+1"],"picked":"Consume+1","floor":17.0},{"not_picked":["Static Discharge","Fusion+1","Sweeping Beam+1"],"picked":"SKIP","floor":18.0},{"not_picked":["Static Discharge","Fusion+1","Sweeping Beam+1"],"picked":"SKIP","floor":18.0},{"not_picked":["Static Discharge","Fusion+1","Sweeping Beam+1"],"picked":"SKIP","floor":18.0},{"not_picked":["Streamline","Scrape"],"picked":"Redo+1","floor":19.0},{"not_picked":["Genetic Algorithm+1","Ball Lightning"],"picked":"Coolheaded+1","floor":22.0},{"not_picked":["Consume+1","Fusion+1"],"picked":"Compile Driver","floor":23.0},{"not_picked":["Go for the Eyes","Fusion+1","Steam+1"],"picked":"SKIP","floor":24.0},{"not_picked":["Streamline","White Noise+1"],"picked":"Turbo+1","floor":30.0},{"not_picked":["Hyperbeam","All For One"],"picked":"Seek+1","floor":33},{"not_picked":["Conserve Battery+1","Gash+1","Barrage+1"],"picked":"SKIP","floor":35},{"not_picked":["Leap+1","Beam Cell"],"picked":"Undo+1","floor":38},{"not_picked":["Cold Snap+1","Machine Learning","Lockon+1"],"picked":"SKIP","floor":40},{"not_picked":["Ball Lightning","FTL+1","Melter"],"picked":"SKIP","floor":41},{"not_picked":["Sweeping Beam","Tempest+1","Conserve Battery+1"],"picked":"SKIP","floor":42},{"not_picked":["Conserve Battery+1","Hologram+1"],"picked":"White Noise+1","floor":45},{"not_picked":["Lockon","Gash+1","Sweeping Beam+1"],"picked":"SKIP","floor":48}],"player_experience":647603,"relics_obtained":[{"floor":6.0,"key":"Boot"},{"floor":9.0,"key":"Toxic Egg 2"},{"floor":26.0,"key":"Ancient Tea Set"},{"floor":29.0,"key":"War Paint"},{"floor":40,"key":"Pen Nib"},{"floor":43,"key":"Vajra"}],"event_choices":[{"cards_removed":["Strike_B"],"damage_healed":0.0,"max_hp_gain":0.0,"max_hp_loss":0.0,"gold_gain":0.0,"event_name":"Golden Wing","player_choice":"Card Removal","floor":3.0,"gold_loss":0.0,"damage_taken":7.0},{"damage_healed":0.0,"max_hp_gain":0.0,"max_hp_loss":0.0,"gold_gain":0.0,"event_name":"Shining Light","player_choice":"Entered Light","floor":4.0,"gold_loss":0.0,"damage_taken":14.0,"cards_upgraded":["Defend_B","Conserve Battery"]},{"damage_healed":0.0,"max_hp_gain":0.0,"max_hp_loss":5.0,"gold_gain":0.0,"event_name":"Golden Idol","player_choice":"Lose Max HP","floor":5.0,"gold_loss":0.0,"damage_taken":0.0,"relics_obtained":["Golden Idol"]},{"damage_healed":0.0,"max_hp_gain":5.0,"max_hp_loss":0.0,"gold_gain":0.0,"event_name":"Big Fish","player_choice":"Donut","floor":11.0,"gold_loss":0.0,"damage_taken":0.0},{"damage_healed":0.0,"max_hp_gain":0.0,"max_hp_loss":0.0,"gold_gain":0.0,"event_name":"Ghosts","player_choice":"Ignored","floor":21.0,"gold_loss":0.0,"damage_taken":0.0},{"damage_healed":0.0,"max_hp_gain":0.0,"max_hp_loss":0.0,"gold_gain":0.0,"event_name":"Cursed Tome","player_choice":"Ignored","floor":28.0,"gold_loss":0.0,"damage_taken":0.0},{"damage_healed":0,"gold_gain":0,"player_choice":"Forge","damage_taken":0,"max_hp_gain":0,"max_hp_loss":0,"event_name":"Accursed Blacksmith","floor":37,"gold_loss":0,"cards_upgraded":["Glacier"]},{"damage_healed":0,"gold_gain":0,"player_choice":"Copied","damage_taken":0,"max_hp_gain":0,"max_hp_loss":0,"event_name":"Duplicator","floor":46,"gold_loss":0,"cards_obtained":["Coolheaded"]}],"is_beta":false,"boss_relics":[{"not_picked":["Fusion Hammer","Philosopher\u0027s Stone"],"picked":"Tiny House"},{"not_picked":["FrozenCore","SacredBark"],"picked":"Astrolabe"}],"items_purged_floors":[10,20,27],"is_endless":false,"potions_floor_spawned":[2,7,12,13,19,22,33,38,42,45],"ascension_level":14}}