{"host":"1tl36azeqm6yhdgj","time":1608380016,"event":{"mods":["AchievementEnabler","BaseMod","Minty Spire (QoL Compilation)","StSLib","The IronCluck","everything is the same but u backflip on backflip"],"gold_per_floor":[112,131,150,162,177,204,204,221,248,248,313,313,38,58,58,136,136,153,68,93,108,120,120,17,17,17],"floor_reached":25,"playtime":948,"items_purged":["Strike_R"],"score":369,"play_id":"9422ad95-fb48-41c9-9752-b47d15ff9cfa","local_time":"20201219071336","is_ascension_mode":true,"campfire_choices":[{"floor":10,"key":"RECALL"},{"data":"Magnetism","floor":15,"key":"SMITH"},{"data":"Infernal Blade","floor":23,"key":"SMITH"}],"circlet_count":0,"master_deck":["AscendersBane","Strike_R+1","Strike_R","Strike_R","Strike_R","Defend_R","Defend_R","Defend_R","Defend_R","Bash","Anger","Rage","Thunderclap","Dropkick","Rampage+1","Carnage","Demon Form","Clash","Cleave","Infernal Blade+1","Magnetism+1","Feed","Panacea"],"relics":["Black Blood","NeowsBlessing","Ancient Tea Set","Whetstone","Ginger","Mercury Hourglass","Tiny Chest","Red Mask"],"acts_visited":["Exordium","TheCity"],"potions_floor_usage":[14,16,20,25],"damage_taken":[{"damage":0.0,"enemies":"Cultist","floor":1.0,"turns":1.0},{"damage":0.0,"enemies":"Small Slimes","floor":2.0,"turns":1.0},{"damage":0.0,"enemies":"Jaw Worm","floor":3.0,"turns":1.0},{"damage":12.0,"enemies":"Blue Slaver","floor":4.0,"turns":3.0},{"damage":3.0,"enemies":"Looter","floor":5.0,"turns":3.0},{"damage":13.0,"enemies":"3 Sentries","floor":6.0,"turns":10.0},{"damage":0,"enemies":"2 Fungi Beasts","floor":8,"turns":2},{"damage":20,"enemies":"Gremlin Nob","floor":11,"turns":4},{"damage":6,"enemies":"Exordium Wildlife","floor":14,"turns":3},{"damage":39,"enemies":"The Guardian","floor":16,"turns":9},{"damage":7,"enemies":"Chosen","floor":18,"turns":4},{"damage":22,"enemies":"Masked Bandits","floor":20,"turns":4},{"damage":21,"enemies":"3 Byrds","floor":21,"turns":5},{"damage":10,"enemies":"Cultist and Chosen","floor":22,"turns":5},{"damage":63,"enemies":"Gremlin Leader","floor":25,"turns":6}],"seed_played":"-5100143997126669783","potions_obtained":[{"floor":1.0,"key":"SteroidPotion"},{"floor":2.0,"key":"EntropicBrew"},{"floor":3.0,"key":"Strength Potion"},{"floor":11,"key":"BloodPotion"},{"floor":14,"key":"LiquidMemories"},{"floor":20,"key":"SpeedPotion"}],"is_trial":false,"path_per_floor":["M","M","M","M","M","E","?","M","T","R","?","T","$","M","R","B",null,"M","?","?","M","M","R","$","E"],"character_chosen":"IRONCLAD","items_purchased":["Magnetism","Panacea"],"campfire_rested":0,"item_purchase_floors":[13,24],"current_hp_per_floor":[74,75,75,69,72,65,65,71,71,71,57,57,57,72,72,39,66,71,71,64,58,63,63,63,0,0],"gold":17,"neow_bonus":"THREE_ENEMY_KILL","is_daily":false,"chose_seed":false,"campfire_upgraded":2,"win_rate":0.0,"timestamp":1608380016,"path_taken":["M","M","M","?","M","E","?","?","T","R","?","?","?","M","R","BOSS","M","?","?","M","M","R","?","E"],"items_purchased_type":["Card","Card"],"build_version":"2020-12-13","purchased_purges":1,"victory":false,"max_hp_per_floor":[75,75,75,75,75,75,75,75,75,75,75,75,75,75,75,75,75,75,75,78,81,84,84,84,84,84],"card_choices":[{"not_picked":["Sentinel","Iron Wave"],"picked":"Anger","floor":1.0},{"not_picked":["Combust","Clothesline"],"picked":"Rage","floor":2.0},{"not_picked":["Cleave","Sever Soul"],"picked":"Thunderclap","floor":3.0},{"not_picked":["Warcry","Havoc"],"picked":"Dropkick","floor":4.0},{"not_picked":["Anger","Dual Wield"],"picked":"Rampage","floor":5.0},{"not_picked":["Sword Boomerang","Bloodletting"],"picked":"Carnage","floor":6.0},{"not_picked":["Rampage","Headbutt"],"picked":"Cleave","floor":8},{"not_picked":["Sever Soul","Armaments"],"picked":"Infernal Blade","floor":11},{"not_picked":["Pommel Strike","Warcry","Sentinel"],"picked":"SKIP","floor":14},{"not_picked":["Demon Form","Exhume"],"picked":"Feed","floor":16},{"not_picked":["Armaments","Clothesline","Second Wind"],"picked":"SKIP","floor":18},{"not_picked":["Sever Soul","Dual Wield","Infernal Blade"],"picked":"SKIP","floor":21},{"not_picked":["Entrench","Clothesline+1","Ghostly Armor"],"picked":"SKIP","floor":22}],"player_experience":1969535,"relics_obtained":[{"floor":6.0,"key":"Ancient Tea Set"},{"floor":9,"key":"Whetstone"},{"floor":11,"key":"Ginger"},{"floor":12,"key":"Mercury Hourglass"},{"floor":20,"key":"Red Mask"}],"event_choices":[{"damage_healed":0,"gold_gain":0,"player_choice":"2 cards matched","damage_taken":0,"max_hp_gain":0,"max_hp_loss":0,"event_name":"Match and Keep!","floor":7,"gold_loss":0,"cards_obtained":["Demon Form","Clash"]},{"damage_healed":0,"gold_gain":0,"player_choice":"Searched \u00271\u0027 times","damage_taken":0,"max_hp_gain":0,"max_hp_loss":0,"event_name":"Dead Adventurer","floor":11,"gold_loss":0},{"damage_healed":0,"gold_gain":0,"player_choice":"Obtained Relic","damage_taken":0,"relics_obtained":["Tiny Chest"],"max_hp_gain":0,"max_hp_loss":0,"event_name":"Addict","floor":19,"gold_loss":85},{"damage_healed":0,"gold_gain":0,"player_choice":"Fought Bandits","damage_taken":0,"max_hp_gain":0,"max_hp_loss":0,"event_name":"Masked Bandits","floor":20,"gold_loss":0}],"is_beta":false,"boss_relics":[{"not_picked":["Sozu","Runic Dome"],"picked":"Black Blood"}],"items_purged_floors":[13],"is_endless":false,"potions_floor_spawned":[1,2,3,4,11,14,20],"killed_by":"Gremlin Leader","ascension_level":16}}