{"host":"axbb6sj12fvt0d3b","time":1608421358,"event":{"mods":["2.2 Compatiblity","AchievementEnabler","Aspiration","Bard","BaseMod","Better Altar","Better Match","Better Note","Better Sensory Stone","Better Skull","Better Third Choice","BetterRewards","Colored Map","Conspire","Downfall","Hermit","Highlight Path","Hubris","Infinite Spire","Jorbs\u0027s Wanderer Trilogy","Marisa????????","Mimic Mod","Minty Spire (QoL Compilation)","Potionbrewer","Replay The Spire","Shade Mod","Shop Mod","Spicy Shops","StSLib","The Cursed","The Disciple","The Gatherer","The Hierophant","The Jungle","The Mystic","The Necromancer","The Runesmith","The Servant 0.9.4"],"gold_per_floor":[118,118,137,137,137,137,150,160,160,177,177,20,31,31,31,31,31],"floor_reached":16,"playtime":1125,"items_purged":[],"score":94,"play_id":"3781886e-fbd1-4576-ba9e-6d5892fe17b4","local_time":"20201219174238","is_ascension_mode":false,"campfire_choices":[{"data":"Twin Strike","floor":6,"key":"SMITH"},{"floor":15,"key":"REST"}],"circlet_count":0,"master_deck":["Strike_R","Strike_R","Strike_R","Strike_R","Defend_R","Defend_R","Defend_R","Defend_R","Bash","Twin Strike+1","Acrobatics","Replay:Undeath\u0027s Touch","Entrench","Cleave","Power Through","Double Tap"],"relics":["Burning Blood","aspiration:Nostalgia","m_BookOfShivs","Ornamental Fan","Boot","Dream Catcher"],"acts_visited":["Exordium"],"potions_floor_usage":[10,13,16,16],"damage_taken":[{"damage":2,"enemies":"Small Slimes","floor":1,"turns":5},{"damage":6,"enemies":"2 Louse","floor":3,"turns":3},{"damage":1,"enemies":"Cultist","floor":7,"turns":3},{"damage":4,"enemies":"3 Louse","floor":8,"turns":4},{"damage":6,"enemies":"Exordium Wildlife","floor":10,"turns":3},{"damage":11,"enemies":"conspire:2 RoseBushes","floor":13,"turns":2},{"damage":0,"enemies":"3 Louse","floor":14,"turns":2},{"damage":48,"enemies":"Slime Boss","floor":16,"turns":13}],"seed_played":"-6205639337353342051","potions_obtained":[{"floor":3,"key":"AttackPotion"},{"floor":8,"key":"potionbrewer:SplittingPotion"},{"floor":10,"key":"Dexterity Potion"},{"floor":13,"key":"ColorlessPotion"}],"is_trial":false,"path_per_floor":["M","?","M","$","?","R","M","M","T","M","?","$","M","M","R","B"],"character_chosen":"IRONCLAD","items_purchased":["Dream Catcher"],"campfire_rested":1,"item_purchase_floors":[12],"current_hp_per_floor":[80,85,85,85,85,85,85,85,85,85,78,78,73,79,85,37,37],"gold":31,"neow_bonus":"NOSTALGIA","is_daily":false,"chose_seed":false,"campfire_upgraded":1,"win_rate":0.0,"timestamp":1608421358,"path_taken":["M","?","M","$","?","R","?","M","T","M","?","?","M","M","R","BOSS"],"items_purchased_type":["Relic"],"build_version":"2020-12-13","purchased_purges":0,"victory":false,"max_hp_per_floor":[80,85,85,85,85,85,85,85,85,85,85,85,85,85,85,85,85],"card_choices":[{"not_picked":["Run Through","Prepared"],"picked":"Twin Strike","floor":1},{"not_picked":["ReplayTheSpireMod:Scrap Shanks","ReplayTheSpireMod:Limb From Limb"],"picked":"Acrobatics","floor":3},{"not_picked":["ReplayTheSpireMod:Stacked","Flex"],"picked":"Replay:Undeath\u0027s Touch","floor":7},{"not_picked":["conspire:ExplosiveBarrier","Whirlwind"],"picked":"Entrench","floor":8},{"not_picked":["True Grit","Setup"],"picked":"Cleave","floor":10},{"not_picked":["Calculated Gamble","Run Through"],"picked":"Power Through","floor":13},{"not_picked":["Clothesline","Anger","Clash"],"picked":"SKIP","floor":14},{"not_picked":["Massacre","Anger"],"picked":"Double Tap","floor":15}],"player_experience":93050,"relics_obtained":[{"floor":9,"key":"Boot"}],"event_choices":[{"damage_healed":0,"gold_gain":0,"player_choice":"Donut","damage_taken":0,"max_hp_gain":5,"max_hp_loss":0,"event_name":"Big Fish","floor":2,"gold_loss":0},{"damage_healed":0,"gold_gain":0,"player_choice":"Gave Potion","damage_taken":0,"relics_obtained":["Ornamental Fan"],"max_hp_gain":0,"max_hp_loss":0,"event_name":"WeMeetAgain","floor":5,"gold_loss":0},{"cards_removed":["Strike_R"],"damage_healed":0,"gold_gain":0,"player_choice":"Card Removal","damage_taken":7,"max_hp_gain":0,"max_hp_loss":0,"event_name":"Golden Wing","floor":11,"gold_loss":0}],"is_beta":false,"boss_relics":[],"items_purged_floors":[],"is_endless":false,"potions_floor_spawned":[3,8,10,13],"killed_by":"Slime Boss","ascension_level":0}}