{"host":"is2s59edl8twrhoj","time":1608353501,"event":{"mods":["BaseMod","Colored Map","Colored Powertips","DeckTracker","Downfall","Minty Spire (QoL Compilation)","StSLib"],"gold_per_floor":[99,112,212,212,243,243,268,268,284,299,318,332,3,0,12,116,116,116,131,149,149,164,181,181,196,228,85,94,94,56,66,80,187,187,187,187,112,112,112,140,163,179,196,231,156,174,35,50,67,67,67],"floor_reached":50,"playtime":5338,"items_purged":["Slimebound:Strike_Slimebound","Slimebound:Strike_Slimebound","Slimebound:Tackle","Slimebound:Strike_Slimebound+1"],"score":628,"play_id":"8c803c80-d357-4595-a0e2-a60b48e1caad","local_time":"20201219045141","is_ascension_mode":false,"campfire_choices":[{"data":"Slimebound:Split","floor":1.0,"key":"SMITH"},{"data":"Slimebound:CorrosiveSpit","floor":6.0,"key":"SMITH"},{"data":"Slimebound:ItLooksTasty","floor":8.0,"key":"SMITH"},{"data":"Slimebound:Replication","floor":18.0,"key":"SMITH"},{"data":"Slimebound:MassRepurpose","floor":21.0,"key":"SMITH"},{"data":"Slimebound:DouseInSlime","floor":35,"key":"SMITH"},{"data":"Slimebound:MegaLick","floor":39,"key":"SMITH"}],"circlet_count":0,"master_deck":["Slimebound:Defend_Slimebound+1","Slimebound:Defend_Slimebound+1","Slimebound:Defend_Slimebound+1","Slimebound:Defend_Slimebound+1","Slimebound:Split+1","Slimebound:CorrosiveSpit+1","Slimebound:ItLooksTasty+1","Slimebound:LeechingTouch","Slimebound:Replication+1","Slimebound:Schlurp","Slimebound:MassRepurpose+1","Slimebound:MegaLick+1","Slimebound:LeechLife","Slimebound:LeechEnergy+1","Slimebound:SplitMire+1","Slimebound:Gluttony+1","Slimebound:MassFeed","Slimebound:DouseInSlime+1","Slimebound:GrowthPunch","Slimebound:SlimeSlap"],"relics":["Slimebound:AbsorbEndCombat","Nunchaku","Pear","Bag of Preparation","Membership Card","Slimebound:MaxSlimesRelic","Coffee Dripper","FossilizedHelix","CeramicFish","ClockworkSouvenir","Shuriken","Ornamental Fan","Velvet Choker","Bag of Marbles","Pen Nib","Art of War","Lee\u0027s Waffle"],"acts_visited":["Exordium","TheCity","TheBeyond"],"potions_floor_usage":[38,44,50],"damage_taken":[{"damage":9.0,"enemies":"Jaw Worm","floor":2.0,"turns":4.0},{"damage":34.0,"enemies":"Gremlin Nob","floor":5.0,"turns":4.0},{"damage":11.0,"enemies":"Cultist","floor":9.0,"turns":3.0},{"damage":14.0,"enemies":"Small Slimes","floor":10.0,"turns":3.0},{"damage":8.0,"enemies":"Exordium Wildlife","floor":11.0,"turns":4.0},{"damage":29.0,"enemies":"Gremlin Gang","floor":12.0,"turns":4.0},{"damage":13.0,"enemies":"downfall:FleeingMerchant","floor":13.0,"turns":4.0},{"damage":17.0,"enemies":"downfall:FleeingMerchant","floor":14.0,"turns":4.0},{"damage":20.0,"enemies":"Large Slime","floor":15.0,"turns":5.0},{"damage":40.0,"enemies":"downfall:Ironclad","floor":16.0,"turns":8.0},{"damage":25.0,"enemies":"Shell Parasite","floor":19.0,"turns":6.0},{"damage":20.0,"enemies":"Spheric Guardian","floor":20.0,"turns":3.0},{"damage":17.0,"enemies":"Chosen and Byrds","floor":22.0,"turns":5.0},{"damage":16.0,"enemies":"Snecko","floor":23.0,"turns":4.0},{"damage":14.0,"enemies":"Snake Plant","floor":25.0,"turns":3.0},{"damage":29.0,"enemies":"Gremlin Leader","floor":26.0,"turns":5.0},{"damage":17.0,"enemies":"downfall:FleeingMerchant","floor":27.0,"turns":4.0},{"damage":8.0,"enemies":"downfall:FleeingMerchant","floor":30.0,"turns":4.0},{"damage":8.0,"enemies":"Sentry and Sphere","floor":31.0,"turns":2.0},{"damage":14.0,"enemies":"Shelled Parasite and Fungi","floor":32.0,"turns":4.0},{"damage":70.0,"enemies":"downfall:Defect","floor":33.0,"turns":13.0},{"damage":0,"enemies":"Reptomancer","floor":38,"turns":2},{"damage":14,"enemies":"3 Shapes","floor":40,"turns":3},{"damage":21,"enemies":"Orb Walker","floor":42,"turns":4},{"damage":10,"enemies":"Maw","floor":43,"turns":6},{"damage":60,"enemies":"Giant Head","floor":44,"turns":9},{"damage":40,"enemies":"4 Shapes","floor":46,"turns":4},{"damage":22,"enemies":"Jaw Worm Horde","floor":48,"turns":5},{"damage":30,"enemies":"Spire Growth","floor":49,"turns":4},{"damage":142,"enemies":"downfall:Silent","floor":50,"turns":6}],"seed_played":"4904568803959833248","potions_obtained":[{"floor":5.0,"key":"PowerPotion"},{"floor":9.0,"key":"Ancient Potion"},{"floor":10.0,"key":"Ancient Potion"},{"floor":16.0,"key":"Weak Potion"},{"floor":19.0,"key":"Explosive Potion"},{"floor":25.0,"key":"Strength Potion"},{"floor":32.0,"key":"Swift Potion"},{"floor":33.0,"key":"SmokeBomb"},{"floor":43,"key":"hexamod:EctoCoolerPotion"},{"floor":44,"key":"ColorlessPotion"}],"is_trial":false,"path_per_floor":["R","M","?","?","E","R","T","R","M","M","M","M","$","$","M","B",null,"R","M","M","R","M","M","T","M","E","$","?","?","$","M","M","B",null,"R","?","$","E","R","M","T","M","M","E","$","M","$","M","M","B"],"character_chosen":"SLIMEBOUND","items_purchased":["Membership Card","Slimebound:MaxSlimesRelic","ClockworkSouvenir","Shuriken","Ornamental Fan","Slimebound:MassFeed","Art of War","Lee\u0027s Waffle","Slimebound:SlimeSlap"],"campfire_rested":0,"item_purchase_floors":[13,13,27,30,30,30,45,47,47],"current_hp_per_floor":[60,60,60,60,40,40,40,40,41,39,45,34,37,48,56,58,70,70,67,70,70,70,64,64,62,70,70,70,70,70,73,76,26,76,76,86,86,86,86,92,92,81,95,64,64,84,111,114,96,34,34],"gold":67,"neow_bonus":"RANDOM_COMMON_RELIC","is_daily":false,"chose_seed":false,"campfire_upgraded":7,"win_rate":0.0,"timestamp":1608353501,"path_taken":["R","M","?","?","E","R","T","R","M","M","?","M","$","$","M","BOSS","R","M","M","R","M","M","T","M","E","$","?","?","$","M","M","BOSS","R","?","?","E","R","M","T","M","M","E","$","M","$","M","M","BOSS"],"items_purchased_type":["Relic","Relic","Relic","Relic","Relic","Card","Relic","Relic","Card"],"build_version":"2020-12-13","purchased_purges":4,"victory":false,"max_hp_per_floor":[60,60,60,60,70,70,70,70,70,70,70,70,70,70,70,70,70,70,70,70,70,70,70,70,70,70,70,70,70,70,73,76,76,76,76,86,86,86,86,92,92,92,95,98,98,104,111,114,114,114,114],"card_choices":[{"not_picked":["Slimebound:SplitMire","Slimebound:LeechEnergy"],"picked":"Slimebound:ItLooksTasty","floor":2.0},{"not_picked":["Slimebound:GoopSpray","Slimebound:SamplingLick","Slimebound:Prepare"],"picked":"SKIP","floor":5.0},{"not_picked":["Slimebound:SlimeSpikes","Slimebound:Dissolve"],"picked":"Slimebound:LeechingTouch","floor":9.0},{"not_picked":["Slimebound:ComboTackle","Slimebound:SplitLeeching","Slimebound:FirmFortitude"],"picked":"SKIP","floor":10.0},{"not_picked":["Slimebound:RejuvenatingLick","Slimebound:GoopSpray"],"picked":"Slimebound:Replication","floor":11.0},{"not_picked":["Slimebound:SlimeBarrage","Slimebound:ForwardTackle"],"picked":"Slimebound:Schlurp","floor":12.0},{"not_picked":["Slimebound:SplitBruiser","Slimebound:SplitLeeching"],"picked":"Slimebound:MassRepurpose","floor":13.0},{"not_picked":["Slimebound:SlimeBarrage","Slimebound:Prepare","Slimebound:FirmFortitude"],"picked":"SKIP","floor":14.0},{"not_picked":["Slimebound:FirmFortitude","Slimebound:SplitLeeching"],"picked":"Slimebound:MegaLick","floor":15.0},{"not_picked":["Slimebound:MassRepurpose","Slimebound:DouseInSlime"],"picked":"Slimebound:LeechLife","floor":16.0},{"not_picked":["Slimebound:Chomp+1","Slimebound:Dissolve"],"picked":"Slimebound:LeechEnergy+1","floor":19.0},{"not_picked":["Slimebound:ComboTackle","Slimebound:FinishingTackle","Slimebound:SplitLeeching+1"],"picked":"SKIP","floor":20.0},{"not_picked":["Slimebound:SplitAcid","Slimebound:ComboTackle","Slimebound:Equalize"],"picked":"SKIP","floor":22.0},{"not_picked":["Slimebound:FinishingTackle","Slimebound:SlimeSpikes"],"picked":"Slimebound:SplitMire+1","floor":23.0},{"not_picked":["Slimebound:SlimeSpikes","Slimebound:LevelUp+1"],"picked":"Slimebound:Gluttony+1","floor":25.0},{"not_picked":["Slimebound:LeechingTouch","Slimebound:FinishingTackle+1","Slimebound:MegaLick"],"picked":"SKIP","floor":26.0},{"not_picked":["Slimebound:FinishingTackle","Slimebound:SlimeBarrage","Slimebound:SplitMire"],"picked":"SKIP","floor":27.0},{"not_picked":["Slimebound:SlimeSpikes","Slimebound:FormOfPuddle","Slimebound:SamplingLick+1"],"picked":"SKIP","floor":31.0},{"not_picked":["Slimebound:RollThrough","Slimebound:SplitAcid","Slimebound:SplitBruiser"],"picked":"SKIP","floor":32.0},{"not_picked":["Slimebound:MinionMaster","Slimebound:MassRepurpose"],"picked":"Slimebound:DouseInSlime","floor":33.0},{"not_picked":["Slimebound:LeechingTouch","Slimebound:LeechEnergy"],"picked":"Slimebound:GrowthPunch","floor":40},{"not_picked":["Slimebound:ProtectTheBoss","Slimebound:Gluttony+1","Slimebound:GoopSpray"],"picked":"SKIP","floor":42},{"not_picked":["Slimebound:LeechEnergy","Slimebound:SplitLeeching+1","Slimebound:GrowthPunch+1"],"picked":"SKIP","floor":43},{"not_picked":["Slimebound:Overexert","Slimebound:Gluttony+1","Slimebound:SplitLeeching"],"picked":"SKIP","floor":44},{"not_picked":["Slimebound:PressTheAttack+1","Slimebound:ComboTackle","Slimebound:SamplingLick+1"],"picked":"SKIP","floor":46},{"not_picked":["Slimebound:LeechEnergy+1","Slimebound:LeechingTouch+1","Slimebound:BestDefense"],"picked":"SKIP","floor":48},{"not_picked":["Slimebound:SplitBruiser","Slimebound:FinishingTackle","Slimebound:GrowthPunch"],"picked":"SKIP","floor":49}],"player_experience":644489,"relics_obtained":[{"floor":5.0,"key":"Pear"},{"floor":7.0,"key":"Bag of Preparation"},{"floor":24.0,"key":"FossilizedHelix"},{"floor":26.0,"key":"CeramicFish"},{"floor":41,"key":"Bag of Marbles"},{"floor":44,"key":"Pen Nib"}],"event_choices":[{"damage_healed":0.0,"max_hp_gain":0.0,"max_hp_loss":0.0,"gold_gain":0.0,"event_name":"NoteForYourself","player_choice":"Ignored","floor":4.0,"gold_loss":0.0,"damage_taken":0.0},{"damage_healed":0.0,"max_hp_gain":0.0,"max_hp_loss":0.0,"gold_gain":0.0,"event_name":"The Library","player_choice":"Read","floor":28.0,"gold_loss":0.0,"damage_taken":0.0,"cards_obtained":["Slimebound:Teamwork"]},{"damage_healed":0.0,"max_hp_gain":0.0,"max_hp_loss":0.0,"gold_gain":0.0,"event_name":"Back to Basics","player_choice":"Simplicity","floor":29.0,"gold_loss":0.0,"damage_taken":0.0,"cards_upgraded":["Slimebound:Strike_Slimebound","Slimebound:Defend_Slimebound","Slimebound:Defend_Slimebound","Slimebound:Defend_Slimebound","Slimebound:Defend_Slimebound"]},{"cards_removed":["Slimebound:Teamwork"],"damage_healed":0,"gold_gain":0,"player_choice":"Offered Rare","damage_taken":0,"max_hp_gain":10,"max_hp_loss":0,"event_name":"Bonfire Elementals","floor":36,"gold_loss":0}],"is_beta":false,"boss_relics":[{"not_picked":["Calling Bell","Tiny House"],"picked":"Coffee Dripper"},{"not_picked":["Runic Pyramid","SlaversCollar"],"picked":"Velvet Choker"}],"items_purged_floors":[13,27,30,37],"is_endless":false,"potions_floor_spawned":[5,9,10,15,16,19,20,25,32,33,38,43,44,49],"killed_by":"downfall:Silent","ascension_level":0}}