{"host":"fuszjwm6fqgjjp4d","time":1608421897,"event":{"mods":["BaseMod","Bestiary","Colored Map","DeckTracker","Minty Spire (QoL Compilation)","Permanent Neow","Relic Sorter","Relic Stats","StSLib"],"gold_per_floor":[109,129,129,54,54,54,85,85,133,163,163,313,333,362,362,362,362],"floor_reached":16,"playtime":601,"items_purged":[],"score":226,"play_id":"32c71cf0-aae9-4b63-9cf3-ed7b7c0edec6","local_time":"20201219175137","is_ascension_mode":true,"campfire_choices":[{"data":"Flame Barrier","floor":6,"key":"SMITH"},{"data":"Shrug It Off","floor":8,"key":"SMITH"},{"floor":15,"key":"REST"}],"circlet_count":0,"master_deck":["AscendersBane","Strike_R","Strike_R","Strike_R","Defend_R","Defend_R","Defend_R","Defend_R","Bash","Flame Barrier+1","Body Slam+1","Shrug It Off+1","Headbutt","Doubt","Combust","Iron Wave"],"relics":["Burning Blood","Bronze Scales","Toy Ornithopter","Orichalcum","Vajra","Kunai","Lantern"],"acts_visited":["Exordium"],"potions_floor_usage":[7,14],"damage_taken":[{"damage":6,"enemies":"Jaw Worm","floor":1,"turns":5},{"damage":1,"enemies":"2 Louse","floor":2,"turns":4},{"damage":47,"enemies":"Lagavulin","floor":7,"turns":11},{"damage":8,"enemies":"3 Sentries","floor":10,"turns":11},{"damage":3,"enemies":"Small Slimes","floor":13,"turns":3},{"damage":16,"enemies":"Gremlin Nob","floor":14,"turns":4},{"damage":43,"enemies":"Slime Boss","floor":16,"turns":9}],"seed_played":"-5832127717876119020","potions_obtained":[{"floor":2,"key":"BlessingOfTheForge"},{"floor":7,"key":"SteroidPotion"},{"floor":14,"key":"SmokeBomb"}],"is_trial":false,"path_per_floor":["M","M","?","?","?","R","E","R","T","E","T","?","M","E","R","B"],"character_chosen":"IRONCLAD","items_purchased":[],"campfire_rested":1,"item_purchase_floors":[],"current_hp_per_floor":[68,73,73,73,66,66,25,25,25,23,23,23,26,21,43,0,0],"gold":362,"neow_bonus":"RANDOM_COMMON_RELIC","is_daily":false,"chose_seed":false,"campfire_upgraded":2,"win_rate":0.0,"timestamp":1608421897,"path_taken":["M","M","?","?","?","R","E","R","T","E","?","?","?","E","R","BOSS"],"items_purchased_type":[],"build_version":"2020-12-13","purchased_purges":0,"victory":false,"max_hp_per_floor":[75,75,75,75,75,75,75,75,75,75,75,75,75,75,75,75,75],"relic_stats":{"counters":[7,47],"Bronze Scales":[87],"Kunai":[1],"Orichalcum":[36],"obtain_stats":[{"Lantern":14,"Bronze Scales":0,"Vajra":10,"Kunai":11,"Orichalcum":9,"Burning Blood":0,"Toy Ornithopter":7},{"Lantern":6,"Bronze Scales":0,"Vajra":4,"Kunai":4,"Orichalcum":3,"Burning Blood":0,"Toy Ornithopter":3},{"Lantern":38,"Bronze Scales":0,"Vajra":31,"Kunai":31,"Orichalcum":20,"Burning Blood":0,"Toy Ornithopter":20}],"Burning Blood":36,"Toy Ornithopter":5},"card_choices":[{"not_picked":["Wild Strike","Inflame"],"picked":"Flame Barrier","floor":1},{"not_picked":["Carnage","Infernal Blade"],"picked":"Body Slam","floor":2},{"not_picked":["Rampage","Sever Soul"],"picked":"Shrug It Off","floor":7},{"not_picked":["Pommel Strike","Cleave"],"picked":"Headbutt","floor":10},{"not_picked":["Iron Wave","Anger"],"picked":"Combust","floor":13},{"not_picked":["Sword Boomerang","Anger"],"picked":"Iron Wave","floor":14}],"player_experience":1174078,"relics_obtained":[{"floor":7,"key":"Toy Ornithopter"},{"floor":9,"key":"Orichalcum"},{"floor":10,"key":"Vajra"},{"floor":11,"key":"Kunai"},{"floor":14,"key":"Lantern"}],"event_choices":[{"damage_healed":0,"gold_gain":0,"player_choice":"Grow","damage_taken":0,"max_hp_gain":0,"max_hp_loss":0,"event_name":"Living Wall","floor":3,"gold_loss":0,"cards_upgraded":["Body Slam"]},{"cards_removed":["Strike_R"],"damage_healed":0,"gold_gain":0,"player_choice":"Card Removal","damage_taken":0,"max_hp_gain":0,"max_hp_loss":0,"event_name":"The Cleric","floor":4,"gold_loss":75},{"cards_removed":["Strike_R"],"damage_healed":0,"gold_gain":0,"player_choice":"Card Removal","damage_taken":7,"max_hp_gain":0,"max_hp_loss":0,"event_name":"Golden Wing","floor":5,"gold_loss":0},{"damage_healed":0,"gold_gain":150,"player_choice":"AGREE","damage_taken":0,"max_hp_gain":0,"max_hp_loss":0,"event_name":"Liars Game","floor":12,"gold_loss":0,"cards_obtained":["Doubt"]}],"is_beta":false,"boss_relics":[],"items_purged_floors":[],"is_endless":false,"potions_floor_spawned":[2,7,14],"killed_by":"Slime Boss","ascension_level":19}}