{"host":"l2821e3dgmq4sghh","time":1608386753,"event":{"mods":["BaseMod","Colored Powertips","Minty Spire (QoL Compilation)","StSLib"],"gold_per_floor":[10,10,10,23,41,73,73,98,180,205,205,205,205,221,221,221,221],"floor_reached":16,"playtime":1213,"items_purged":[],"score":124,"play_id":"c46a4c4c-1875-41b6-a533-d21bc72abc3a","local_time":"20201219150553","is_ascension_mode":true,"campfire_choices":[{"data":"Compile Driver","floor":7,"key":"SMITH"},{"data":"Dualcast","floor":11,"key":"SMITH"},{"data":"Leap","floor":13,"key":"SMITH"},{"data":"Barrage","floor":15,"key":"SMITH"}],"circlet_count":0,"master_deck":["Strike_B","Strike_B","Strike_B","Strike_B","Defend_B","Defend_B","Defend_B","Defend_B","Zap+1","Dualcast+1","Gash","Rebound","Compile Driver+1","Leap+1","Steam","Barrage+1"],"relics":["Cracked Core","Dead Branch","Emotion Chip","Vajra","PreservedInsect"],"acts_visited":["Exordium"],"potions_floor_usage":[],"damage_taken":[{"damage":1,"enemies":"Cultist","floor":1,"turns":3},{"damage":0,"enemies":"2 Louse","floor":4,"turns":1},{"damage":0,"enemies":"Small Slimes","floor":5,"turns":3},{"damage":21,"enemies":"Lagavulin","floor":6,"turns":6},{"damage":13,"enemies":"3 Sentries","floor":8,"turns":5},{"damage":13,"enemies":"Lagavulin","floor":10,"turns":6},{"damage":1,"enemies":"3 Louse","floor":14,"turns":2},{"damage":27,"enemies":"The Guardian","floor":16,"turns":8}],"seed_played":"-951535276594031100","potions_obtained":[{"floor":8,"key":"GamblersBrew"}],"is_trial":false,"path_per_floor":["M","?","?","M","M","E","R","E","T","E","R","?","R","M","R","B"],"character_chosen":"DEFECT","items_purchased":[],"campfire_rested":0,"item_purchase_floors":[],"current_hp_per_floor":[74,74,74,74,74,53,53,40,40,27,27,27,27,26,26,0,0],"gold":221,"neow_bonus":"ONE_RARE_RELIC","is_daily":false,"chose_seed":false,"campfire_upgraded":4,"win_rate":0.0,"timestamp":1608386753,"path_taken":["M","?","?","?","M","E","R","E","T","E","R","?","R","M","R","BOSS"],"items_purchased_type":[],"build_version":"2020-12-13","purchased_purges":0,"victory":false,"max_hp_per_floor":[75,75,75,75,75,75,75,75,75,75,75,75,75,75,75,75,75],"card_choices":[{"not_picked":["Sweeping Beam","Rip and Tear"],"picked":"Gash","floor":1},{"not_picked":["Coolheaded","Hologram"],"picked":"Rebound","floor":4},{"not_picked":["Heatsinks","Glacier"],"picked":"Compile Driver","floor":5},{"not_picked":["White Noise","Chaos"],"picked":"Leap","floor":6},{"not_picked":["Steam Power","Echo Form","Hyperbeam"],"picked":"SKIP","floor":8},{"not_picked":["Redo","Self Repair"],"picked":"Steam","floor":10},{"not_picked":["Steam","Loop"],"picked":"Barrage","floor":14}],"player_experience":5339561,"relics_obtained":[{"floor":6,"key":"Emotion Chip"},{"floor":8,"key":"Vajra"},{"floor":10,"key":"PreservedInsect"}],"event_choices":[{"damage_healed":0,"gold_gain":0,"player_choice":"Grow","damage_taken":0,"max_hp_gain":0,"max_hp_loss":0,"event_name":"Living Wall","floor":2,"gold_loss":0,"cards_upgraded":["Zap"]},{"damage_healed":0,"gold_gain":0,"player_choice":"Ignored","damage_taken":0,"max_hp_gain":0,"max_hp_loss":0,"event_name":"Transmorgrifier","floor":3,"gold_loss":0},{"damage_healed":0,"gold_gain":0,"player_choice":"Ignored","damage_taken":0,"max_hp_gain":0,"max_hp_loss":0,"event_name":"Liars Game","floor":12,"gold_loss":0}],"is_beta":false,"boss_relics":[],"items_purged_floors":[],"is_endless":false,"potions_floor_spawned":[8],"killed_by":"The Guardian","ascension_level":1}}