{"host":"kpyoctgc7jne3jiy","time":1608420051,"event":{"mods":["AchievementEnabler","BaseMod","Minty Spire (QoL Compilation)"],"gold_per_floor":[115,131,131,55,2,2,22,55,92,175,187,5,5,5,5,128,128,161,161,111,150,249,249,276,276,301,337,337,379,379,9,9,134,134,153,153,58,0,19,19,50,65,88,154,154,170,182,112,112,112,112],"floor_reached":50,"playtime":2255,"items_purged":["Strike_P"],"score":615,"play_id":"7ff56294-8e7e-48d0-a636-1dba387f8075","local_time":"20201220002051","is_ascension_mode":true,"campfire_choices":[{"data":"Prostrate","floor":6,"key":"SMITH"},{"floor":11,"key":"REST"},{"data":"Devotion","floor":13,"key":"SMITH"},{"data":"Defend_P","floor":15,"key":"SMITH"},{"data":"Vault","floor":23,"key":"SMITH"},{"data":"HandOfGreed","floor":25,"key":"SMITH"},{"data":"EmptyBody","floor":28,"key":"SMITH"},{"floor":30,"key":"REST"},{"data":"SashWhip","floor":32,"key":"SMITH"},{"data":"Brilliance","floor":40,"key":"SMITH"},{"floor":45,"key":"REST"},{"floor":49,"key":"REST"}],"circlet_count":0,"master_deck":["Strike_P","Strike_P","Strike_P","Defend_P","Defend_P","Defend_P+1","Eruption","Vigilance+1","Conclude","EmptyBody+1","WheelKick","Prostrate+1","BattleHymn","Devotion+1","HandOfGreed+1","Vault+1","FearNoEvil+1","InnerPeace+1","SashWhip+1","WreathOfFlame+1","Brilliance+1","Prostrate+1","Dark Shackles+1","ForeignInfluence+1"],"relics":["PureWater","Nunchaku","MawBank","Smiling Mask","White Beast Statue","Busted Crown","Toxic Egg 2","Bronze Scales","ClockworkSouvenir","Toy Ornithopter","Red Mask","Calipers","Bag of Preparation"],"acts_visited":["Exordium","TheCity","TheBeyond"],"potions_floor_usage":[8,24,33,33,41,41,46,47,50],"damage_taken":[{"damage":1,"enemies":"Cultist","floor":1,"turns":4},{"damage":1,"enemies":"2 Louse","floor":2,"turns":2},{"damage":2,"enemies":"Jaw Worm","floor":7,"turns":3},{"damage":36,"enemies":"Gremlin Nob","floor":8,"turns":5},{"damage":32,"enemies":"The Guardian","floor":16,"turns":6},{"damage":7,"enemies":"Spheric Guardian","floor":18,"turns":4},{"damage":8,"enemies":"2 Thieves","floor":21,"turns":4},{"damage":0,"enemies":"Gremlin Leader","floor":24,"turns":5},{"damage":4,"enemies":"Cultist and Chosen","floor":27,"turns":4},{"damage":20,"enemies":"Centurion and Healer","floor":29,"turns":5},{"damage":17,"enemies":"Collector","floor":33,"turns":7},{"damage":10,"enemies":"3 Shapes","floor":35,"turns":8},{"damage":9,"enemies":"3 Darklings","floor":39,"turns":5},{"damage":15,"enemies":"Giant Head","floor":41,"turns":7},{"damage":21,"enemies":"Maw","floor":42,"turns":5},{"damage":14,"enemies":"Sphere and 2 Shapes","floor":44,"turns":6},{"damage":18,"enemies":"3 Darklings","floor":46,"turns":5},{"damage":28,"enemies":"Transient","floor":47,"turns":6},{"damage":40,"enemies":"Time Eater","floor":50,"turns":4}],"seed_played":"-5812686204005079973","potions_obtained":[{"floor":7,"key":"AttackPotion"},{"floor":16,"key":"Weak Potion"},{"floor":18,"key":"StancePotion"},{"floor":21,"key":"DistilledChaos"},{"floor":24,"key":"SkillPotion"},{"floor":27,"key":"SpeedPotion"},{"floor":33,"key":"Ancient Potion"},{"floor":35,"key":"PowerPotion"},{"floor":39,"key":"Fire Potion"},{"floor":41,"key":"Swift Potion"},{"floor":42,"key":"Regen Potion"},{"floor":46,"key":"DistilledChaos"},{"floor":47,"key":"DuplicationPotion"}],"is_trial":false,"path_per_floor":["M","M","?","$","$","R","M","E","T","T","R","$","R","$","R","B",null,"M","?","$","M","?","R","E","R","T","M","R","M","R","$","R","B",null,"M","?","$","?","M","R","E","M","T","M","R","M","M","$","R","B"],"character_chosen":"WATCHER","items_purchased":["WheelKick","Prostrate","HandOfGreed","ClockworkSouvenir","WreathOfFlame+1","Toy Ornithopter","Dark Shackles+1","ForeignInfluence+1"],"campfire_rested":4,"item_purchase_floors":[4,5,12,31,31,31,37,48],"current_hp_per_floor":[71,70,70,70,70,70,68,32,32,32,53,53,53,53,53,21,72,65,65,65,57,57,57,57,57,57,53,53,33,54,54,54,47,72,62,62,62,62,53,53,48,27,27,13,34,35,12,12,33,0,0],"gold":112,"neow_bonus":"RANDOM_COMMON_RELIC","is_daily":false,"chose_seed":false,"campfire_upgraded":8,"win_rate":0.0,"timestamp":1608420051,"path_taken":["M","?","?","?","$","R","M","E","T","?","R","$","R","?","R","BOSS","M","?","$","M","?","R","E","R","T","M","R","M","R","$","R","BOSS","M","?","$","?","M","R","E","M","T","M","R","M","?","$","R","BOSS"],"items_purchased_type":["Card","Card","Card","Relic","Card","Relic","Card","Card"],"build_version":"2020-12-13","purchased_purges":1,"victory":false,"max_hp_per_floor":[72,72,72,72,72,72,72,72,72,72,72,72,72,72,72,72,72,72,72,72,72,72,72,72,72,72,72,72,72,72,72,72,72,72,72,72,72,72,72,72,72,72,72,72,72,72,72,72,72,72,72],"card_choices":[{"not_picked":["JustLucky","Study"],"picked":"Conclude","floor":1},{"not_picked":["FlyingSleeves","Wallop"],"picked":"EmptyBody","floor":2},{"not_picked":["Protect","JustLucky"],"picked":"BattleHymn","floor":7},{"not_picked":["FlyingSleeves","Vengeance"],"picked":"Devotion","floor":8},{"not_picked":["DeusExMachina","ConjureBlade"],"picked":"Vault","floor":16},{"not_picked":["Crescendo"],"picked":"SKIP","floor":18},{"not_picked":["FlyingSleeves"],"picked":"SKIP","floor":21},{"not_picked":[],"picked":"FearNoEvil+1","floor":24},{"not_picked":[],"picked":"InnerPeace+1","floor":27},{"not_picked":[],"picked":"SashWhip","floor":29},{"not_picked":[],"picked":"Brilliance","floor":33},{"not_picked":[],"picked":"Prostrate+1","floor":35},{"not_picked":["JustLucky"],"picked":"SKIP","floor":39},{"not_picked":["Establishment"],"picked":"SKIP","floor":41},{"not_picked":["Nirvana+1"],"picked":"SKIP","floor":42},{"not_picked":["ThirdEye+1"],"picked":"SKIP","floor":44},{"not_picked":["BowlingBash+1"],"picked":"SKIP","floor":46},{"not_picked":["PathToVictory+1"],"picked":"SKIP","floor":47}],"player_experience":224211,"relics_obtained":[{"floor":8,"key":"MawBank"},{"floor":9,"key":"Smiling Mask"},{"floor":10,"key":"White Beast Statue"},{"floor":24,"key":"Toxic Egg 2"},{"floor":26,"key":"Bronze Scales"},{"floor":41,"key":"Calipers"},{"floor":43,"key":"Bag of Preparation"}],"event_choices":[{"damage_healed":0,"gold_gain":0,"player_choice":"Forge","damage_taken":0,"max_hp_gain":0,"max_hp_loss":0,"event_name":"Accursed Blacksmith","floor":3,"gold_loss":0,"cards_upgraded":["Vigilance"]},{"damage_healed":0,"gold_gain":0,"player_choice":"Ignored","damage_taken":0,"max_hp_gain":0,"max_hp_loss":0,"event_name":"Vampires","floor":19,"gold_loss":0},{"damage_healed":0,"gold_gain":99,"player_choice":"Stole From Cult","damage_taken":0,"max_hp_gain":0,"max_hp_loss":0,"event_name":"Nest","floor":22,"gold_loss":0},{"cards_removed":["Defend_P"],"damage_healed":0,"gold_gain":0,"player_choice":"Removed Skill","damage_taken":0,"max_hp_gain":0,"max_hp_loss":0,"event_name":"Falling","floor":36,"gold_loss":0},{"damage_healed":0,"gold_gain":0,"player_choice":"Paid","damage_taken":0,"relics_obtained":["Red Mask"],"max_hp_gain":0,"max_hp_loss":0,"event_name":"Tomb of Lord Red Mask","floor":38,"gold_loss":58}],"is_beta":false,"boss_relics":[{"not_picked":["VioletLotus","Empty Cage"],"picked":"Busted Crown"},{"not_picked":["Runic Dome","Cursed Key","Coffee Dripper"]}],"items_purged_floors":[20],"is_endless":false,"potions_floor_spawned":[7,16,18,21,24,27,29,33,35,39,41,42,44,46,47],"killed_by":"Time Eater","ascension_level":2}}