{"host":"3c27c697js19kaoo","time":1608366247,"event":{"mods":["BaseMod","Dota2Spire","Hermit","Minty Spire (QoL Compilation)","Quick Restart","Remilia£®¿Ÿ√◊¿Ú—«£©","Replay The Spire","Robot Space Explorer","Spicy Shops","StSLib","The Alterego","The Cursed","The Servant 0.9.4","vexMod","°æ“≈ŒÔø®≈∆°øREMEMod"],"gold_per_floor":[130,130,170,224,279,279,279,379,379,449,10,36,36,76,76,173,173,173,173],"floor_reached":18,"playtime":642,"items_purged":[],"score":170,"play_id":"8c448f43-4f46-4e01-bc13-b17e7fefcf0b","local_time":"20201219162407","is_ascension_mode":false,"campfire_choices":[{"data":"HandOfGreed","floor":6,"key":"SMITH"},{"data":"Mayhem","floor":13,"key":"SMITH"},{"data":"Die Die Die","floor":15,"key":"SMITH"}],"circlet_count":0,"master_deck":["Strike_G","Strike_G","Strike_G","Strike_G","Defend_G","Defend_G","Defend_G","Defend_G","Defend_G","Survivor","Neutralize","HandOfGreed+1","Prepared","Iron Wave","Slice","Flying Knee","Quick Slash","Mayhem+1","Die Die Die+1","Storm of Steel"],"relics":["Ring of the Snake","REME_ComplimentaryCards","NeowsBlessing","Dota2Spire:UrnOfShadows","Oddly Smooth Stone","Counterbalance","Frozen Eye","Replay:Bottled Snecko","Cursed Key"],"acts_visited":["Exordium","TheCity"],"potions_floor_usage":[8,12,12,14],"damage_taken":[{"damage":0,"enemies":"Jaw Worm","floor":1,"turns":1},{"damage":0,"enemies":"Cultist","floor":3,"turns":2},{"damage":0,"enemies":"Small Slimes","floor":4,"turns":4},{"damage":0,"enemies":"2 Fungi Beasts","floor":5,"turns":5},{"damage":7,"enemies":"3 Sentries","floor":8,"turns":9},{"damage":8,"enemies":"Gremlin Nob","floor":12,"turns":6},{"damage":0,"enemies":"Blue Slaver","floor":14,"turns":1},{"damage":27,"enemies":"Fading Forest","floor":16,"turns":11},{"damage":0,"enemies":"Chosen","floor":18,"turns":1}],"seed_played":"-4893619222475631873","potions_obtained":[{"floor":4,"key":"GhostInAJar"},{"floor":5,"key":"Explosive Potion"},{"floor":8,"key":"SpeedPotion"},{"floor":12,"key":"DuplicationPotion"}],"is_trial":false,"path_per_floor":["M","?","M","M","M","R","?","E","T","?","$","E","R","M","R","B",null,"M"],"character_chosen":"THE_SILENT","items_purchased":["Mayhem","Counterbalance","Frozen Eye"],"campfire_rested":0,"item_purchase_floors":[11,11,11],"current_hp_per_floor":[70,70,70,70,70,70,70,63,63,63,63,55,55,55,55,36,70,70,70],"gold":173,"neow_bonus":"THREE_ENEMY_KILL","is_daily":false,"chose_seed":false,"campfire_upgraded":3,"win_rate":0.0,"timestamp":1608366247,"path_taken":["M","?","?","M","?","R","?","E","T","?","?","E","R","M","R","BOSS","M"],"items_purchased_type":["Card","Relic","Relic"],"build_version":"2020-12-13","purchased_purges":0,"victory":false,"max_hp_per_floor":[70,70,70,70,70,70,70,70,70,70,70,70,70,70,70,70,70,70,70],"card_choices":[{"not_picked":["Finisher","Acrobatics"],"picked":"Prepared","floor":1},{"not_picked":["Sucker Punch","All Out Attack"],"picked":"Slice","floor":3},{"not_picked":["All Out Attack","Deflect"],"picked":"Flying Knee","floor":4},{"not_picked":["Flechettes","Underhanded Strike","Finisher"],"picked":"SKIP","floor":5},{"not_picked":["Wraith Form v2","Flechettes"],"picked":"Quick Slash","floor":8},{"not_picked":["Dagger Throw","ReplayTheSpireMod:Speed Training"],"picked":"Die Die Die","floor":12},{"not_picked":["Acrobatics","Sneak Up","Dagger Throw"],"picked":"SKIP","floor":14},{"not_picked":["ReplayTheSpireMod:Necrosis","Burst"],"picked":"Storm of Steel","floor":16}],"player_experience":139609,"relics_obtained":[{"floor":8,"key":"Dota2Spire:UrnOfShadows"},{"floor":9,"key":"Oddly Smooth Stone"},{"floor":12,"key":"Replay:Bottled Snecko"}],"event_choices":[{"cards_removed":["Strike_G"],"damage_healed":0,"gold_gain":0,"player_choice":"Took Card","damage_taken":0,"max_hp_gain":0,"max_hp_loss":0,"event_name":"NoteForYourself","floor":2,"gold_loss":0,"cards_obtained":["Iron Wave"]},{"damage_healed":0,"gold_gain":70,"player_choice":"Gained Gold","damage_taken":0,"max_hp_gain":0,"max_hp_loss":0,"event_name":"Golden Wing","floor":10,"gold_loss":0}],"is_beta":false,"boss_relics":[{"not_picked":["Empty Cage","Snecko Eye"],"picked":"Cursed Key"}],"items_purged_floors":[],"is_endless":false,"potions_floor_spawned":[4,5,8,12],"killed_by":"Chosen","ascension_level":0}}