{"host":"l7l2v2zs4hqku4vk","time":1608368171,"event":{"mods":["Act Like it!","BaseMod","Colored Powertips","Highlight Path","Minty Spire (QoL Compilation)","Replay The Spire","RumiaBox-露米娅的神秘盒子","StSLib","TestMod","The Servant 0.9.4","篝火指南"],"gold_per_floor":[109,509,219,219,66,66,95,95,95,109,124,145,174,147,147,221,221,235,235,248,248,264,264,264],"floor_reached":23,"playtime":1036,"items_purged":["Eclipse","Strike_R"],"score":598,"play_id":"12c78e06-6cd7-47ad-9595-f9e0f2659b33","local_time":"20201219165611","is_ascension_mode":true,"campfire_choices":[{"data":"Armaments","floor":6,"key":"SMITH"},{"data":"Pommel Strike","floor":8,"key":"SMITH"},{"floor":15,"key":"REST"}],"circlet_count":0,"master_deck":["AscendersBane","Strike_R+1","Strike_R+1","Defend_R","Defend_R","Defend_R","Defend_R","Bash","Rage","Pommel Strike+1","Armaments+1","Shrug It Off","Battle Trance","Blood for Blood","Body Slam","Feed","Double Tap","Entrench","Spot Weakness","Combust"],"relics":["Burning Blood","testmod-BatchProcessingSystem","Omamori","GodSword7","Red Skull","Odd Mushroom","Whetstone","testmod-IncinerationGenerator"],"acts_visited":["Exordium","TheCity"],"potions_floor_usage":[13,16,22,23],"damage_taken":[{"damage":4,"enemies":"Small Slimes","floor":1,"turns":4},{"damage":22,"enemies":"Lagavulin","floor":7,"turns":7},{"damage":2,"enemies":"Jaw Worm","floor":10,"turns":2},{"damage":0,"enemies":"2 Louse","floor":11,"turns":2},{"damage":8,"enemies":"The Mushroom Lair","floor":12,"turns":5},{"damage":4,"enemies":"Gremlin Nob","floor":13,"turns":3},{"damage":12,"enemies":"Exordium Thugs","floor":14,"turns":4},{"damage":28,"enemies":"The Guardian","floor":16,"turns":9},{"damage":13,"enemies":"Shell Parasite","floor":18,"turns":3},{"damage":10,"enemies":"Chosen","floor":20,"turns":5},{"damage":10,"enemies":"Centurion and Healer","floor":22,"turns":5},{"damage":0,"enemies":"Gremlin Leader","floor":23,"turns":5}],"seed_played":"4949172579947998240","potions_obtained":[{"floor":7,"key":"Fruit Juice"},{"floor":11,"key":"FearPotion"},{"floor":13,"key":"Dexterity Potion"},{"floor":16,"key":"LiquidBronze"},{"floor":22,"key":"EntropicBrew"}],"is_trial":false,"path_per_floor":["M","?","$","?","$","R","E","R","T","M","M","?","E","M","R","B",null,"M","?","M","?","M","E"],"character_chosen":"IRONCLAD","items_purchased":["Omamori","Pommel Strike","Armaments"],"campfire_rested":1,"item_purchase_floors":[3,3,5],"current_hp_per_floor":[70,70,70,47,47,47,31,31,31,35,41,39,41,38,61,39,68,61,61,57,57,61,61,61],"gold":264,"neow_bonus":"ONE_RANDOM_RARE_CARD","is_daily":false,"chose_seed":false,"campfire_upgraded":2,"win_rate":0.0,"timestamp":1608368171,"path_taken":["M","?","$","?","$","R","E","R","T","M","M","?","E","M","R","BOSS","M","?","M","?","M","E"],"items_purchased_type":["Relic","Card","Card"],"build_version":"2020-12-13","purchased_purges":2,"victory":false,"max_hp_per_floor":[75,75,75,75,75,75,75,75,75,75,75,75,75,78,78,78,78,78,78,78,78,86,86,86],"card_choices":[{"not_picked":["Sword Boomerang","Headbutt"],"picked":"Rage","floor":1},{"not_picked":["Heavy Blade","Clothesline"],"picked":"Shrug It Off","floor":7},{"not_picked":["ReplayTheSpireMod:Stacked","Anger"],"picked":"Battle Trance","floor":10},{"not_picked":["Armaments","Heavy Blade"],"picked":"Blood for Blood","floor":11},{"not_picked":["Shrug It Off","Uppercut"],"picked":"Body Slam","floor":12},{"not_picked":["Pummel","Evolve"],"picked":"Feed","floor":13},{"not_picked":["Carnage","Clash","Anger"],"picked":"SKIP","floor":14},{"not_picked":["Bludgeon","Berserk"],"picked":"Double Tap","floor":16},{"not_picked":["Clothesline","Anger"],"picked":"Entrench","floor":18},{"not_picked":["Twin Strike","Warcry","Sword Boomerang"],"picked":"SKIP","floor":20},{"not_picked":["Clothesline","Thunderclap+1","Dual Wield"],"picked":"SKIP","floor":22}],"player_experience":1645717,"relics_obtained":[{"floor":7,"key":"GodSword7"},{"floor":9,"key":"Red Skull"},{"floor":12,"key":"Odd Mushroom"},{"floor":13,"key":"Whetstone"}],"event_choices":[{"damage_healed":0,"gold_gain":400,"player_choice":"Sell","damage_taken":0,"max_hp_gain":0,"max_hp_loss":0,"event_name":"恩洛斯的盘子","floor":2,"relics_lost":["testmod-TestBox"],"gold_loss":0},{"damage_healed":0,"gold_gain":0,"player_choice":"Entered Light","damage_taken":23,"max_hp_gain":0,"max_hp_loss":0,"event_name":"Shining Light","floor":4,"gold_loss":0,"cards_upgraded":["Strike_R","Strike_R"]},{"damage_healed":0,"gold_gain":0,"player_choice":"Fought Mushrooms","damage_taken":0,"max_hp_gain":0,"max_hp_loss":0,"event_name":"Mushrooms","floor":12,"gold_loss":0},{"damage_healed":0,"gold_gain":0,"cards_transformed":["Strike_R","Strike_R"],"player_choice":"Became Test Subject","damage_taken":0,"max_hp_gain":0,"max_hp_loss":0,"event_name":"Drug Dealer","floor":19,"gold_loss":0,"cards_obtained":["Spot Weakness","Combust"]},{"damage_healed":0,"gold_gain":0,"player_choice":"Ignored","damage_taken":0,"max_hp_gain":0,"max_hp_loss":0,"event_name":"The Mausoleum","floor":21,"gold_loss":0}],"is_beta":false,"boss_relics":[{"not_picked":["Black Blood","Replay:Drink Me"],"picked":"testmod-IncinerationGenerator"}],"items_purged_floors":[3,5],"is_endless":false,"potions_floor_spawned":[7,11,13,16,22],"killed_by":"Gremlin Leader","ascension_level":20}}