{"host":"sct5htsgcw1q318k","time":1608395300,"event":{"mods":["BaseMod","Colored Map","Minty Spire (QoL Compilation)","Permanent Neow"],"gold_per_floor":[113,113,133,83,130,130,163,163,163,189,189,189,189],"floor_reached":12,"playtime":715,"items_purged":[],"score":126,"play_id":"8c67c818-b718-4ba4-afbb-073c8e634f61","local_time":"20201219102820","is_ascension_mode":true,"campfire_choices":[{"data":"Defragment","floor":6,"key":"SMITH"},{"data":"Reboot","floor":8,"key":"SMITH"},{"floor":11,"key":"REST"}],"circlet_count":0,"master_deck":["AscendersBane","Strike_B","Strike_B","Strike_B","Strike_B","Defend_B","Defend_B","Defend_B","Zap","Dualcast","Echo Form+1","Defragment+1","Turbo","Reboot+1"],"relics":["Cracked Core","Lantern","WingedGreaves","Art of War","Anchor"],"acts_visited":["Exordium"],"potions_floor_usage":[10],"damage_taken":[{"damage":7,"enemies":"2 Louse","floor":1,"turns":2},{"damage":5,"enemies":"Cultist","floor":3,"turns":4},{"damage":16,"enemies":"Gremlin Nob","floor":7,"turns":3},{"damage":20,"enemies":"3 Sentries","floor":10,"turns":5},{"damage":67,"enemies":"Gremlin Nob","floor":12,"turns":4}],"seed_played":"-6464686252177057436","potions_obtained":[{"floor":3,"key":"AttackPotion"}],"is_trial":false,"path_per_floor":["M","?","M","?","T","R","E","R","T","E","R","E"],"character_chosen":"DEFECT","items_purchased":[],"campfire_rested":1,"item_purchase_floors":[],"current_hp_per_floor":[61,61,56,56,56,56,40,40,40,20,40,0,0],"gold":189,"neow_bonus":"THREE_RARE_CARDS","is_daily":false,"chose_seed":false,"campfire_upgraded":2,"win_rate":0.0,"timestamp":1608395300,"path_taken":["M","?","?","?","?","R","E","R","T","E","R","E"],"items_purchased_type":[],"build_version":"2020-12-13","purchased_purges":0,"victory":false,"max_hp_per_floor":[68,68,68,68,68,68,68,68,68,68,68,68,68],"card_choices":[{"not_picked":["Amplify","Thunder Strike"],"picked":"Echo Form","floor":0},{"not_picked":["Sweeping Beam","Redo"],"picked":"Defragment","floor":1},{"not_picked":["Stack","Compile Driver"],"picked":"Turbo","floor":3},{"not_picked":["Melter","Streamline"],"picked":"Reboot","floor":7},{"not_picked":["Fusion","Consume","Double Energy"],"picked":"SKIP","floor":10}],"player_experience":811509,"relics_obtained":[{"floor":5,"key":"Lantern"},{"floor":7,"key":"WingedGreaves"},{"floor":9,"key":"Art of War"},{"floor":10,"key":"Anchor"}],"event_choices":[{"damage_healed":0,"gold_gain":0,"player_choice":"Upgraded","damage_taken":0,"max_hp_gain":0,"max_hp_loss":0,"event_name":"Upgrade Shrine","floor":2,"gold_loss":0,"cards_upgraded":["Echo Form"]},{"cards_removed":["Defend_B"],"damage_healed":0,"gold_gain":0,"player_choice":"Card Removal","damage_taken":0,"max_hp_gain":0,"max_hp_loss":0,"event_name":"The Cleric","floor":4,"gold_loss":50}],"is_beta":false,"boss_relics":[],"items_purged_floors":[],"is_endless":false,"potions_floor_spawned":[3],"killed_by":"Gremlin Nob","ascension_level":10}}