{"host":"4oozkyb2rmpv0j2l","time":1608389280,"event":{"mods":["Act Like it!","Aspiration","BaseMod","Colored Map","Conspire","FutureSeer","Gensokyo","Hallownest","Hubris","KinomotoSakuraMod(木之本樱)","Koishi","KomeijiMod","Lobotomy","LobotomyExtend","Marisa（F雨　魔理沙）","Minty Spire (QoL Compilation)","Prisma Mod","Quick Restart","Rare Cards Sparkle","Reimu（博丽灵梦）","Remilia（蕾米莉亚）","Replay The Spire","Robot Space Explorer","Shop Mod","Spicy Shops","StSLib","TestMod","The Animator","The Bladedancer","The Bug Knight","The Cursed","The Disciple","The Hierophant","The Mystic","The Necromancer","The Runesmith","The Senshi","The Servant 0.9.4","WarShipGirlsR/战舰少女R mod","Youmu（魂魄妖梦）","Yuri Mod","Yuyuko","vexMod","yUi","【东方二次创作】八云紫mod","【遗物卡牌】REMEMod"],"gold_per_floor":[118,118,128,143,153,153,153],"floor_reached":6,"playtime":316,"items_purged":[],"score":44,"play_id":"801e8a1d-15b9-4c5c-b651-9be19b9a351d","local_time":"20201219224800","is_ascension_mode":true,"campfire_choices":[],"circlet_count":0,"master_deck":["Koishi:BasicStrike","Koishi:BasicStrike","Koishi:BasicStrike","Koishi:BasicStrike","Koishi:BasicDefend","Koishi:BasicDefend","Koishi:Provoke","Koishi:HauntingSlash","Koishi:HeartfeltFancy","Koishi:SuperEgo"],"relics":["Koishi:ImaginaryFriend","testmod-TestBox","REME_ComplimentaryCards","LetterFromLob"],"acts_visited":["Gensokyo:Gensokyo"],"potions_floor_usage":[6,6,6],"damage_taken":[{"damage":3,"enemies":"Gensokyo:2_Kodama","floor":1,"turns":5},{"damage":0,"enemies":"Gensokyo:Python","floor":3,"turns":4},{"damage":0,"enemies":"Gensokyo:3_Fairies","floor":4,"turns":4},{"damage":8,"enemies":"Gensokyo:2_Rabbits","floor":5,"turns":5},{"damage":26,"enemies":"Gensokyo:Aya","floor":6,"turns":7}],"seed_played":"5926065224662992141","potions_obtained":[{"floor":3,"key":"Block Potion"},{"floor":4,"key":"EssenceOfSteel"},{"floor":5,"key":"Toxic Potion"}],"is_trial":false,"path_per_floor":["M","?","M","M","M","E"],"character_chosen":"KOISHI","items_purchased":[],"campfire_rested":0,"item_purchase_floors":[],"current_hp_per_floor":[53,53,54,54,50,24,24],"gold":153,"neow_bonus":"REMOVE_TWO","is_daily":false,"chose_seed":false,"campfire_upgraded":0,"win_rate":0.0,"timestamp":1608389280,"path_taken":["M","?","M","M","M","E"],"items_purchased_type":[],"build_version":"2020-12-13","purchased_purges":0,"victory":false,"max_hp_per_floor":[54,54,54,54,54,54,54],"card_choices":[{"not_picked":["Koishi:EmbryosDream","Koishi:YoukaiPolygraph"],"picked":"Koishi:VengefulSpirit","floor":1},{"not_picked":["Koishi:FleetingPhantom","Koishi:Possession","Koishi:Prune"],"picked":"SKIP","floor":3},{"not_picked":["Koishi:PhilosophyOfTheDespised","Koishi:Possession"],"picked":"Koishi:HeartfeltFancy","floor":4},{"not_picked":["Koishi:RacingHeart","Koishi:UnansweredLove"],"picked":"Koishi:SuperEgo","floor":5}],"player_experience":551513,"relics_obtained":[{"floor":1,"key":"LetterFromLob"}],"event_choices":[],"is_beta":false,"boss_relics":[],"items_purged_floors":[],"is_endless":false,"potions_floor_spawned":[3,4,5],"killed_by":"Gensokyo:Aya","ascension_level":3}}