{"host":"26mrfot5w7uj2ebc","time":1608362030,"event":{"mods":["AchievementEnabler","BaseMod","Colored Map","Minty Spire (QoL Compilation)"],"gold_per_floor":[118,118,6,17,27,27,38,3,27,46,61,78,102,116,116,211,211,228,246,261,275,275,275,19,19,19,30,42,56,56,73,73,176,176,188,201,215,215,228,228,228,36,36,71,71,71,71],"floor_reached":46,"playtime":2271,"items_purged":["Defend_P","Strike_P"],"score":475,"play_id":"4474dd89-4cb3-487c-9f9f-6cfd64569db8","local_time":"20201219161350","is_ascension_mode":false,"campfire_choices":[{"data":"Apotheosis","floor":6.0,"key":"SMITH"},{"floor":15.0,"key":"RECALL"},{"floor":23.0,"key":"REST"},{"floor":25.0,"key":"REST"},{"floor":30.0,"key":"REST"},{"floor":32.0,"key":"REST"},{"floor":40.0,"key":"REST"}],"circlet_count":0,"master_deck":["Strike_P+1","Strike_P","Defend_P","Eruption+1","Vigilance","Apotheosis+1","Melter","Conclude","Protect","MentalFortress","PathToVictory","TalkToTheHand","ThirdEye","Ragnarok","SandsOfTime","Alpha","PathToVictory","EmptyBody+1","PathToVictory+1","Evaluate+1","Study","Halt+1","PathToVictory+1","Ragnarok","MentalFortress","PathToVictory+1","PathToVictory","PathToVictory+1","Study","Shame","Blasphemy","Thinking Ahead"],"relics":["PureWater","Lantern","Whetstone","Empty Cage","Nilry\u0027s Codex","Ancient Tea Set","Eternal Feather","Cursed Key","Damaru","Happy Flower"],"acts_visited":["Exordium","TheCity","TheBeyond"],"potions_floor_usage":[46,46],"damage_taken":[{"damage":0.0,"enemies":"Jaw Worm","floor":1.0,"turns":3.0},{"damage":0.0,"enemies":"Cultist","floor":4.0,"turns":3.0},{"damage":0.0,"enemies":"2 Louse","floor":5.0,"turns":2.0},{"damage":5.0,"enemies":"Looter","floor":7.0,"turns":2.0},{"damage":0.0,"enemies":"Blue Slaver","floor":10.0,"turns":2.0},{"damage":0.0,"enemies":"Exordium Thugs","floor":11.0,"turns":2.0},{"damage":4.0,"enemies":"Lots of Slimes","floor":12.0,"turns":4.0},{"damage":0.0,"enemies":"2 Fungi Beasts","floor":14.0,"turns":2.0},{"damage":31.0,"enemies":"The Guardian","floor":16.0,"turns":8.0},{"damage":16.0,"enemies":"Shell Parasite","floor":18.0,"turns":5.0},{"damage":15.0,"enemies":"2 Thieves","floor":19.0,"turns":3.0},{"damage":5.0,"enemies":"Snecko","floor":20.0,"turns":3.0},{"damage":0.0,"enemies":"3 Cultists","floor":21.0,"turns":4.0},{"damage":24.0,"enemies":"Centurion and Healer","floor":27.0,"turns":7.0},{"damage":23.0,"enemies":"Shelled Parasite and Fungi","floor":28.0,"turns":5.0},{"damage":5.0,"enemies":"Snecko","floor":29.0,"turns":5.0},{"damage":31.0,"enemies":"Chosen and Byrds","floor":31.0,"turns":8.0},{"damage":29.0,"enemies":"Collector","floor":33.0,"turns":11.0},{"damage":11.0,"enemies":"Orb Walker","floor":35.0,"turns":3.0},{"damage":16.0,"enemies":"3 Darklings","floor":36.0,"turns":7.0},{"damage":25.0,"enemies":"Transient","floor":37.0,"turns":5.0},{"damage":10.0,"enemies":"Sphere and 2 Shapes","floor":39.0,"turns":5.0},{"damage":37,"enemies":"Reptomancer","floor":44,"turns":6},{"damage":100003,"enemies":"Maw","floor":46,"turns":6}],"seed_played":"1686854118614231985","potions_obtained":[{"floor":1.0,"key":"GamblersBrew"},{"floor":4.0,"key":"Energy Potion"},{"floor":12.0,"key":"SkillPotion"},{"floor":14.0,"key":"Block Potion"},{"floor":18.0,"key":"BottledMiracle"},{"floor":21.0,"key":"PowerPotion"},{"floor":29.0,"key":"BlessingOfTheForge"},{"floor":31.0,"key":"Block Potion"},{"floor":35.0,"key":"SpeedPotion"},{"floor":44,"key":"GamblersBrew"}],"is_trial":false,"path_per_floor":["M","?","$","M","M","R","M","?","T","M","M","M","T","M","R","B",null,"M","M","M","M","?","R","$","R","T","M","M","M","R","M","R","B",null,"M","M","M","?","M","R","?","$","T","E","?","M"],"character_chosen":"WATCHER","items_purchased":["Conclude","Ancient Tea Set","Damaru","Study"],"campfire_rested":5,"item_purchase_floors":[3,24,42,42],"current_hp_per_floor":[51,51,51,51,51,51,46,64,64,64,64,60,60,60,60,29,72,56,41,36,36,20,41,41,62,62,38,15,10,43,12,45,16,72,61,45,20,20,10,46,46,46,46,9,9,0,0],"gold":71,"neow_bonus":"RANDOM_COLORLESS_2","is_daily":false,"chose_seed":false,"campfire_upgraded":1,"win_rate":0.0,"timestamp":1608362030,"path_taken":["M","?","?","M","M","R","M","?","T","M","M","M","?","M","R","BOSS","M","M","M","M","?","R","?","R","T","?","M","M","R","M","R","BOSS","M","M","?","?","M","R","?","?","T","E","?","M"],"items_purchased_type":["Card","Relic","Relic","Card"],"build_version":"2020-12-13","purchased_purges":2,"victory":false,"max_hp_per_floor":[72,72,72,72,72,72,72,72,72,72,72,72,72,72,72,72,72,72,72,72,72,72,72,72,72,72,72,72,72,72,72,72,72,72,72,72,72,72,72,72,72,72,72,72,72,72,72],"card_choices":[{"not_picked":["Panache","Secret Weapon"],"picked":"Apotheosis","floor":0.0},{"not_picked":["ClearTheMind","FearNoEvil"],"picked":"ThirdEye","floor":1.0},{"not_picked":["Perseverance","BowlingBash"],"picked":"Protect","floor":4.0},{"not_picked":["Halt","ThirdEye"],"picked":"MentalFortress","floor":5.0},{"not_picked":["Protect","ClearTheMind"],"picked":"PathToVictory","floor":7.0},{"not_picked":["Vengeance","SashWhip"],"picked":"TalkToTheHand","floor":10.0},{"not_picked":["Crescendo","CutThroughFate"],"picked":"ThirdEye","floor":11.0},{"not_picked":["InnerPeace","CrushJoints"],"picked":"Ragnarok","floor":12.0},{"not_picked":["Vengeance","FlyingSleeves"],"picked":"SandsOfTime","floor":14.0},{"not_picked":["Establishment","Brilliance"],"picked":"Alpha","floor":16.0},{"not_picked":["Perseverance","WheelKick+1"],"picked":"PathToVictory","floor":18.0},{"not_picked":["Collect","FollowUp"],"picked":"EmptyBody+1","floor":19.0},{"not_picked":["Weave","BowlingBash+1"],"picked":"PathToVictory+1","floor":20.0},{"not_picked":["BowlingBash","Prostrate"],"picked":"Evaluate+1","floor":21.0},{"not_picked":["Halt+1","Crescendo","Protect"],"picked":"SKIP","floor":27.0},{"not_picked":["CutThroughFate","CarveReality"],"picked":"Study","floor":28.0},{"not_picked":["CrushJoints+1","FlyingSleeves+1"],"picked":"Halt+1","floor":29.0},{"not_picked":["Evaluate+1","BowlingBash"],"picked":"PathToVictory+1","floor":31.0},{"not_picked":["Brilliance","SpiritShield"],"picked":"Ragnarok","floor":33.0},{"not_picked":["Worship+1","BowlingBash"],"picked":"MentalFortress","floor":35.0},{"not_picked":["Consecrate+1","EmptyBody"],"picked":"PathToVictory+1","floor":36.0},{"not_picked":["InnerPeace","ThirdEye+1"],"picked":"PathToVictory","floor":37.0},{"not_picked":["FearNoEvil+1","DeceiveReality"],"picked":"PathToVictory+1","floor":39.0},{"not_picked":["JustLucky+1","Evaluate+1"],"picked":"Blasphemy","floor":44},{"not_picked":["Trip","Finesse"],"picked":"Thinking Ahead","floor":45}],"player_experience":174224,"relics_obtained":[{"floor":9.0,"key":"Lantern"},{"floor":13.0,"key":"Whetstone"},{"floor":22.0,"key":"Nilry\u0027s Codex"},{"floor":26.0,"key":"Eternal Feather"},{"floor":44,"key":"Happy Flower"}],"event_choices":[{"cards_removed":["ThirdEye"],"damage_healed":0.0,"max_hp_gain":0.0,"max_hp_loss":0.0,"gold_gain":0.0,"event_name":"NoteForYourself","player_choice":"Took Card","floor":2.0,"gold_loss":0.0,"damage_taken":0.0,"cards_obtained":["Melter"]},{"damage_healed":18.0,"max_hp_gain":0.0,"max_hp_loss":0.0,"gold_gain":0.0,"event_name":"The Cleric","player_choice":"Healed","floor":8.0,"gold_loss":35.0,"damage_taken":0.0},{"damage_healed":0.0,"max_hp_gain":0.0,"max_hp_loss":0.0,"gold_gain":0.0,"event_name":"Cursed Tome","player_choice":"Obtained Book","floor":22.0,"gold_loss":0.0,"damage_taken":16.0},{"cards_removed":["Defend_P"],"damage_healed":0.0,"max_hp_gain":0.0,"max_hp_loss":0.0,"gold_gain":0.0,"event_name":"Falling","player_choice":"Removed Skill","floor":38.0,"gold_loss":0.0,"damage_taken":0.0},{"damage_healed":0.0,"max_hp_gain":0.0,"max_hp_loss":0.0,"gold_gain":0.0,"event_name":"Mysterious Sphere","player_choice":"Ignored","floor":41.0,"gold_loss":0.0,"damage_taken":0.0},{"damage_healed":0,"gold_gain":0,"player_choice":"Memory 1","damage_taken":0,"max_hp_gain":0,"max_hp_loss":0,"event_name":"SensoryStone","floor":45,"gold_loss":0}],"is_beta":false,"boss_relics":[{"not_picked":["Velvet Choker","Runic Dome"],"picked":"Empty Cage"},{"not_picked":["Tiny House","Snecko Eye"],"picked":"Cursed Key"}],"items_purged_floors":[3,24],"is_endless":false,"potions_floor_spawned":[1,4,12,14,18,21,29,31,35,44],"killed_by":"Maw","ascension_level":0}}