{"host":"4k3z1vmw52e7hl04","time":1608355156,"event":{"mods":["AchievementEnabler","Aspiration","BaseMod","Best Route Mod","Better Altar","Better Match","Better Note","Better Third Choice","Block Reminder","Colored Powertips","GifTheSpireLib","Hermit","HexUI Lib","Highlight Path","Hubris","Infinite Spire","Minty Spire (QoL Compilation)","Rare Cards Sparkle","Replay The Spire","Shop Mod","Spicy Shops","StSLib","Stuff the Spire","SuperFastMode","Synergy Search","The Animator","The Bug Knight","The Runesmith","everything is the same but u backflip on backflip"],"gold_per_floor":[109,120,120,295,295,295,76,26,77,109,109,35,55,83,83,83,83],"floor_reached":16,"playtime":801,"items_purged":[],"score":131,"play_id":"48c25747-7e4a-447e-aa43-83c13f33ff0f","local_time":"20201218211916","is_ascension_mode":false,"campfire_choices":[{"data":"HollowMod:FocusHealStart","floor":6,"key":"SMITH"},{"floor":11,"key":"REST"},{"floor":15,"key":"REST"}],"circlet_count":0,"master_deck":["HollowMod:NailStrikeStart","HollowMod:NailStrikeStart","HollowMod:NailStrikeStart","HollowMod:NailStrikeStart","HollowMod:QuickDashStart","HollowMod:QuickDashStart","HollowMod:QuickDashStart","HollowMod:QuickDashStart","HollowMod:FocusHealStart+1","HollowMod:PogoStrike","HollowMod:WraithStrike","HollowMod:CycloneSlash","Doubt","HollowMod:BaldurShell","HollowMod:RecoilStrike","HollowMod:SoulSplash","HollowMod:Weaversong","HollowMod:BrokenVessel"],"relics":["HollowMod:VesselMask","NeowsBlessing","Dream Catcher","TheAbacus","betterThird:SlimedRelic","StuffTheSpire:HeavyRock","infinitespire:EmpoweringShard","HollowMod:KingsBrand","Centennial Puzzle"],"acts_visited":["Exordium"],"potions_floor_usage":[10],"damage_taken":[{"damage":0,"enemies":"Small Slimes","floor":1,"turns":2},{"damage":0,"enemies":"2 Louse","floor":2,"turns":1},{"damage":0,"enemies":"Lagavulin","floor":10,"turns":2},{"damage":7,"enemies":"Jaw Worm","floor":13,"turns":4},{"damage":27,"enemies":"3 Sentries","floor":14,"turns":7},{"damage":83,"enemies":"Slime Boss","floor":16,"turns":14}],"seed_played":"-4093195472222763155","potions_obtained":[{"floor":1,"key":"infinitespire:BlackPotion"}],"is_trial":false,"path_per_floor":["M","M","?","?","?","R","$","?","T","E","R","$","M","E","R","B"],"character_chosen":"THE_BUGKNIGHT","items_purchased":["Dream Catcher","TheAbacus","HollowMod:KingsBrand"],"campfire_rested":2,"item_purchase_floors":[7,7,12],"current_hp_per_floor":[75,75,75,75,75,75,75,64,64,70,75,75,71,50,72,0,0],"gold":83,"neow_bonus":"THREE_ENEMY_KILL","is_daily":false,"chose_seed":false,"campfire_upgraded":1,"win_rate":0.0,"timestamp":1608355156,"path_taken":["M","M","?","?","?","R","$","?","T","E","R","?","M","E","R","BOSS"],"items_purchased_type":["Relic","Relic","Relic"],"build_version":"2020-12-13","purchased_purges":0,"victory":false,"max_hp_per_floor":[75,75,75,75,75,75,75,75,75,75,75,75,75,75,75,75,75],"card_choices":[{"not_picked":["HollowMod:InfectedCysts","HollowMod:CloakDash"],"picked":"HollowMod:WraithStrike","floor":1},{"not_picked":["HollowMod:DashSlash","HollowMod:InfectionAssault"],"picked":"HollowMod:CycloneSlash","floor":2},{"not_picked":["HollowMod:BlackTendrils","HollowMod:NewLittleFool"],"picked":"HollowMod:BaldurShell","floor":10},{"not_picked":["HollowMod:ShadowDash","HollowMod:BlackTendrils"],"picked":"HollowMod:RecoilStrike","floor":11},{"not_picked":["HollowMod:PerfectDash","HollowMod:WraithStrike"],"picked":"HollowMod:SoulSplash","floor":13},{"not_picked":["HollowMod:ChannelNail","HollowMod:ShadowDash"],"picked":"HollowMod:Weaversong","floor":14},{"not_picked":["HollowMod:InfectionAssault","HollowMod:VengefulVoid"],"picked":"HollowMod:BrokenVessel","floor":15}],"player_experience":264063,"relics_obtained":[{"floor":9,"key":"StuffTheSpire:HeavyRock"},{"floor":10,"key":"infinitespire:EmpoweringShard"},{"floor":14,"key":"Centennial Puzzle"}],"event_choices":[{"damage_healed":0,"gold_gain":0,"player_choice":"Leave","damage_taken":0,"max_hp_gain":0,"max_hp_loss":0,"event_name":"The Cleric","floor":3,"gold_loss":0},{"damage_healed":0,"gold_gain":175,"player_choice":"AGREE","damage_taken":120,"max_hp_gain":0,"max_hp_loss":0,"event_name":"betterThird:BetterSerpent","floor":4,"gold_loss":0},{"damage_healed":0,"gold_gain":0,"player_choice":"Ignored","damage_taken":0,"max_hp_gain":0,"max_hp_loss":0,"event_name":"Golden Wing","floor":5,"gold_loss":0},{"damage_healed":0,"gold_gain":0,"player_choice":"Slimed","damage_taken":11,"max_hp_gain":0,"max_hp_loss":0,"event_name":"betterThird:BetterGoop","floor":8,"gold_loss":50}],"is_beta":false,"boss_relics":[],"items_purged_floors":[],"is_endless":false,"potions_floor_spawned":[1],"killed_by":"Slime Boss","ascension_level":0}}