{"host":"ibfpjm2kz059o009","time":1608400518,"event":{"mods":["AchievementEnabler","BaseMod","Block Reminder","Colored Powertips","DeckTracker","Googly Eyes","Key Reminder","Minty Spire (QoL Compilation)","Shop Mod","Unceasing Turn Reminder"],"gold_per_floor":[114,289,5,20,35,35,78,78,78,93,123,28,58,73,73,173,173,188,33,48,63,78,78,108,108,108,138,153,153,183,183,183,283,283,298,313,313,0,15,15,45,60,60,90,90,22,52,67,67,67,67],"floor_reached":50,"playtime":2968,"items_purged":[],"score":702,"play_id":"32523439-85b8-4364-8c42-2db7743491f7","local_time":"20201219125518","daily_mods":["Draft","Uncertain Future","Elite Swarm"],"is_ascension_mode":false,"campfire_choices":[{"data":"Searing Blow","floor":6.0,"key":"SMITH"},{"data":"Searing Blow+1","floor":8.0,"key":"SMITH"},{"data":"Searing Blow+2","floor":15.0,"key":"SMITH"},{"data":"Searing Blow+3","floor":23,"key":"SMITH"},{"floor":29,"key":"REST"},{"floor":32,"key":"REST"},{"data":"Searing Blow+4","floor":40,"key":"SMITH"},{"floor":49,"key":"REST"}],"circlet_count":0,"master_deck":["Sword Boomerang","Shrug It Off","Combust","Cleave","Flex","Cleave","Thunderclap","Cleave","Headbutt","Pommel Strike","Shockwave","Blood for Blood","Power Through+1","Ghostly Armor","Armaments+1","Iron Wave","Doubt","Inflame","Bandage Up","Searing Blow+5","Flex","Blood for Blood","Shrug It Off","Anger","Armaments","Double Tap","Fire Breathing","Flex","Feed","Metallicize","Demon Form","Perfected Strike+1","Feed","Wild Strike","Evolve","Reaper","RitualDagger","Limit Break","Wild Strike","Corruption","Offering","Disarm+1","Evolve+1","Blood for Blood","Bludgeon","Battle Trance+1","Barricade+1","Flame Barrier","Juggernaut+1","Disarm+1"],"relics":["Black Blood","Calipers","Incense Burner","Vajra","Bottled Flame","Velvet Choker","Potion Belt","Shuriken","War Paint","Oddly Smooth Stone","Red Mask","White Beast Statue","InkBottle","Frozen Egg 2","Turnip"],"acts_visited":["Exordium","TheCity","TheBeyond"],"potions_floor_usage":[22,31,39,42,44,50,50,50],"damage_taken":[{"damage":0.0,"enemies":"Small Slimes","floor":1.0,"turns":2.0},{"damage":10.0,"enemies":"2 Louse","floor":4.0,"turns":3.0},{"damage":12.0,"enemies":"Jaw Worm","floor":5.0,"turns":2.0},{"damage":19.0,"enemies":"Lagavulin Event","floor":7.0,"turns":6.0},{"damage":0.0,"enemies":"Gremlin Gang","floor":10.0,"turns":2.0},{"damage":19.0,"enemies":"Gremlin Nob","floor":11.0,"turns":5.0},{"damage":20.0,"enemies":"3 Sentries","floor":13.0,"turns":4.0},{"damage":3.0,"enemies":"Blue Slaver","floor":14.0,"turns":3.0},{"damage":4.0,"enemies":"Slime Boss","floor":16.0,"turns":6.0},{"damage":0.0,"enemies":"Spheric Guardian","floor":18.0,"turns":1.0},{"damage":16.0,"enemies":"2 Thieves","floor":20.0,"turns":3.0},{"damage":2,"enemies":"Snake Plant","floor":21,"turns":2},{"damage":20,"enemies":"Centurion and Healer","floor":22,"turns":5},{"damage":28,"enemies":"Slavers","floor":24,"turns":4},{"damage":33,"enemies":"Gremlin Leader","floor":27,"turns":5},{"damage":15,"enemies":"3 Cultists","floor":28,"turns":5},{"damage":20,"enemies":"Slavers","floor":30,"turns":5},{"damage":0,"enemies":"Sentry and Sphere","floor":31,"turns":2},{"damage":47,"enemies":"Champ","floor":33,"turns":10},{"damage":5,"enemies":"3 Shapes","floor":35,"turns":2},{"damage":0,"enemies":"Orb Walker","floor":36,"turns":3},{"damage":14,"enemies":"4 Shapes","floor":39,"turns":5},{"damage":71,"enemies":"Giant Head","floor":41,"turns":10},{"damage":42,"enemies":"Maw","floor":42,"turns":7},{"damage":96,"enemies":"Reptomancer","floor":44,"turns":7},{"damage":80,"enemies":"Giant Head","floor":47,"turns":10},{"damage":23,"enemies":"Spire Growth","floor":48,"turns":4},{"damage":104,"enemies":"Awakened One","floor":50,"turns":5}],"seed_played":"-2908382401684788831","potions_obtained":[{"floor":4.0,"key":"Explosive Potion"},{"floor":10.0,"key":"SmokeBomb"},{"floor":13.0,"key":"Swift Potion"},{"floor":14.0,"key":"Explosive Potion"},{"floor":20.0,"key":"ElixirPotion"},{"floor":21,"key":"FairyPotion"},{"floor":30,"key":"BloodPotion"},{"floor":33,"key":"EssenceOfSteel"},{"floor":41,"key":"ElixirPotion"},{"floor":42,"key":"Weak Potion"},{"floor":44,"key":"BlessingOfTheForge"},{"floor":47,"key":"Strength Potion"},{"floor":48,"key":"SteroidPotion"}],"is_trial":false,"path_per_floor":["M","?","$","M","M","R","?","R","T","M","E","$","E","M","R","B",null,"M","$","M","M","M","R","E","?","T","E","M","R","E","M","R","B",null,"M","M","?","?","M","R","E","M","T","E","?","$","E","M","R","B"],"character_chosen":"IRONCLAD","items_purchased":["Inflame","Bandage Up","Searing Blow","Flex","Fire Breathing","Flex","Feed","Flame Barrier"],"campfire_rested":3,"item_purchase_floors":[3,3,3,3,12,12,19,46],"current_hp_per_floor":[80,80,80,80,74,74,65,65,65,75,66,66,56,62,62,68,83,83,83,76,80,74,74,55,49,49,26,27,56,46,59,89,61,102,102,102,102,102,106,106,56,68,68,34,98,98,46,39,68,0,0],"gold":67,"neow_bonus":"","is_daily":true,"chose_seed":false,"campfire_upgraded":5,"win_rate":0.0,"timestamp":1608400518,"path_taken":["M","?","$","M","M","R","?","R","T","M","E","?","E","M","R","BOSS","M","$","?","?","M","R","E","?","T","E","M","R","E","M","R","BOSS","M","M","?","?","M","R","E","M","T","E","?","$","E","M","R","BOSS"],"items_purchased_type":["Card","Card","Card","Card","Card","Card","Card","Card"],"build_version":"2020-12-13","purchased_purges":0,"victory":false,"max_hp_per_floor":[80,80,80,80,80,80,80,80,80,80,80,80,80,83,83,83,83,83,83,86,86,90,90,93,93,93,93,99,99,99,102,102,102,102,102,102,102,102,108,108,108,112,112,112,98,98,98,98,98,98,98],"card_choices":[{"not_picked":["Havoc","Body Slam"],"picked":"Sword Boomerang","floor":0.0},{"not_picked":["Sword Boomerang","Havoc"],"picked":"Shrug It Off","floor":0.0},{"not_picked":["Rampage","Flex"],"picked":"Combust","floor":0.0},{"not_picked":["Power Through","Sword Boomerang"],"picked":"Cleave","floor":0.0},{"not_picked":["Wild Strike","Thunderclap"],"picked":"Flex","floor":0.0},{"not_picked":["Iron Wave","Clash"],"picked":"Cleave","floor":0.0},{"not_picked":["Clothesline","Power Through"],"picked":"Thunderclap","floor":0.0},{"not_picked":["Pommel Strike","Evolve"],"picked":"Cleave","floor":0.0},{"not_picked":["Clash","Twin Strike"],"picked":"Headbutt","floor":0.0},{"not_picked":["Headbutt","Pummel"],"picked":"Pommel Strike","floor":0.0},{"not_picked":["Sword Boomerang","Warcry"],"picked":"Shockwave","floor":0.0},{"not_picked":["Whirlwind","Clash"],"picked":"Blood for Blood","floor":0.0},{"not_picked":["Clothesline","Battle Trance"],"picked":"Power Through","floor":0.0},{"not_picked":["Shrug It Off","Armaments"],"picked":"Ghostly Armor","floor":0.0},{"not_picked":["Warcry","Pommel Strike"],"picked":"Armaments","floor":0.0},{"not_picked":["Blood for Blood","Anger"],"picked":"Iron Wave","floor":1.0},{"not_picked":["Sword Boomerang","Cleave"],"picked":"Blood for Blood","floor":4.0},{"not_picked":["Sentinel","Clothesline"],"picked":"Shrug It Off","floor":5.0},{"not_picked":["Power Through","Pommel Strike"],"picked":"Anger","floor":7.0},{"not_picked":["Sentinel","Perfected Strike"],"picked":"Armaments","floor":10.0},{"not_picked":["Berserk","Barricade"],"picked":"Double Tap","floor":11.0},{"not_picked":["Berserk","Immolate"],"picked":"Feed","floor":13.0},{"not_picked":["Uppercut","Sword Boomerang"],"picked":"Metallicize","floor":14.0},{"not_picked":["Barricade","Juggernaut"],"picked":"Demon Form","floor":16.0},{"not_picked":["Iron Wave+1","Sever Soul+1"],"picked":"Perfected Strike+1","floor":18.0},{"not_picked":["Clothesline","Rupture"],"picked":"Hemokinesis","floor":20.0},{"not_picked":["Pommel Strike","Seeing Red"],"picked":"Wild Strike","floor":21},{"not_picked":["Flex","Shrug It Off+1"],"picked":"Evolve","floor":22},{"not_picked":["Demon Form","Double Tap"],"picked":"Reaper","floor":24},{"not_picked":["Impervious","Berserk"],"picked":"Limit Break","floor":27},{"not_picked":["Headbutt+1","Rupture"],"picked":"Wild Strike","floor":28},{"not_picked":["Double Tap","Berserk"],"picked":"Corruption","floor":30},{"not_picked":["Fiend Fire","Impervious"],"picked":"Offering","floor":33},{"not_picked":["Cleave+1","Armaments+1"],"picked":"Disarm+1","floor":35},{"not_picked":["Clothesline+1","Sever Soul+1"],"picked":"Evolve+1","floor":36},{"not_picked":["Rupture","Clothesline"],"picked":"Blood for Blood","floor":39},{"not_picked":["Brutality","Fiend Fire"],"picked":"Bludgeon","floor":41},{"not_picked":["Perfected Strike","Cleave"],"picked":"Battle Trance+1","floor":42},{"not_picked":["Brutality+1","Limit Break"],"picked":"Barricade+1","floor":44},{"not_picked":["Impervious","Reaper"],"picked":"Juggernaut+1","floor":47},{"not_picked":["Intimidate","Twin Strike+1"],"picked":"Disarm+1","floor":48}],"player_experience":582804,"relics_obtained":[{"floor":7.0,"key":"Calipers"},{"floor":9.0,"key":"Incense Burner"},{"floor":11.0,"key":"Vajra"},{"floor":13.0,"key":"Bottled Flame"},{"floor":24,"key":"Potion Belt"},{"floor":26,"key":"Shuriken"},{"floor":27,"key":"War Paint"},{"floor":30,"key":"Oddly Smooth Stone"},{"floor":41,"key":"White Beast Statue"},{"floor":43,"key":"InkBottle"},{"floor":44,"key":"Frozen Egg 2"},{"floor":47,"key":"Turnip"}],"event_choices":[{"damage_healed":0.0,"max_hp_gain":0.0,"max_hp_loss":0.0,"gold_gain":175.0,"event_name":"Liars Game","player_choice":"AGREE","floor":2.0,"gold_loss":0.0,"damage_taken":0.0,"cards_obtained":["Doubt"]},{"damage_healed":0.0,"max_hp_gain":0.0,"max_hp_loss":0.0,"gold_gain":0.0,"event_name":"Dead Adventurer","player_choice":"Searched \u00272\u0027 times","floor":7.0,"gold_loss":0.0,"damage_taken":0.0},{"damage_healed":0,"gold_gain":0,"player_choice":"Joined the Cult","damage_taken":6,"max_hp_gain":0,"max_hp_loss":0,"event_name":"Nest","floor":25,"gold_loss":0,"cards_obtained":["RitualDagger"]},{"cards_removed":["Hemokinesis"],"damage_healed":0,"gold_gain":0,"player_choice":"Removed Attack","damage_taken":0,"max_hp_gain":0,"max_hp_loss":0,"event_name":"Falling","floor":37,"gold_loss":0},{"damage_healed":0,"gold_gain":0,"player_choice":"Paid","damage_taken":0,"relics_obtained":["Red Mask"],"max_hp_gain":0,"max_hp_loss":0,"event_name":"Tomb of Lord Red Mask","floor":38,"gold_loss":313},{"damage_healed":98,"gold_gain":0,"player_choice":"Heal","damage_taken":0,"max_hp_gain":0,"max_hp_loss":14,"event_name":"The Moai Head","floor":45,"gold_loss":0}],"is_beta":false,"boss_relics":[{"not_picked":["Snecko Eye","SlaversCollar"],"picked":"Velvet Choker"},{"not_picked":["Calling Bell","Black Star"],"picked":"Black Blood"}],"items_purged_floors":[],"is_endless":false,"potions_floor_spawned":[4,10,13,14,20,21,30,33,41,42,44,47,48],"killed_by":"Awakened One","ascension_level":0}}