{"host":"k6v1xkuzrj71f4ss","time":1608356325,"event":{"mods":["Act Like it!","BaseMod","Bestiary","BetterRewards","Block Reminder","Colored Map","Colored Powertips","Curses Come First","Hubris","Minty Spire (QoL Compilation)","Quick Restart","Relic Stats","Remove Card Discount Mod","Spicy Shops","StSLib","óô»ðÖ¸ÄÏ"],"gold_per_floor":[118,7457,7476,7476,7486,6804,6856,6856,6883,6883,6883,6883,6916,6916,6916,7012,7012,7012,5663,5663,5663,5663,5663,5663,5663,5663,5663,5663,5663,5663,5663,5663,5663,5663,5663,5663,4870,4870,4870,4870,4870,4870,4870,4870,4870,4870,3995,3995,3422,3422],"floor_reached":51,"playtime":4861,"items_purged":["Strike_R","Strike_R","Strike_R","Defend_R","Regret","Doubt","Strike_R","Inflame","Regret","Strike_R+1","Defend_R+1","hubris:ReadiedAction+1","Perfected Strike"],"score":1246,"play_id":"2cc58a66-5b4e-4abe-95d4-3178d8293294","local_time":"20201219133845","is_ascension_mode":true,"campfire_choices":[{"data":"Sword Boomerang","floor":8.0,"key":"SMITH"},{"data":"Bash","floor":11.0,"key":"SMITH"},{"data":"hubris:StunningStrike","floor":15.0,"key":"SMITH"},{"data":"Berserk","floor":32,"key":"SMITH"},{"data":"Sword Boomerang","floor":41,"key":"SMITH"},{"data":"Panache","floor":44,"key":"SMITH"}],"circlet_count":0,"master_deck":["Defend_R+1","Defend_R+1","Bash+1","Twin Strike+1","Pummel+1","Panache+1","Armaments+1","Sword Boomerang+1","Infernal Blade+1","Sword Boomerang+1","Headbutt","Cleave","hubris:StunningStrike+1","Feed+1","Inflame","Bloodletting+1","Violence+1","Outmaneuver+1","Heavy Blade+1","Dropkick+1","Berserk+1","Sword Boomerang+1","hubris:ReadiedAction+1","Heavy Blade+1","Double Tap+1","Infernal Blade+1","Enlightenment+1","The Bomb+1"],"relics":["Burning Blood","NeowsBlessing","OrangePellets","Blue Candle","MealTicket","Toxic Egg 2","FossilizedHelix","hubris:IronBody","hubris:EmptyBottle","Pear","hubris:DeckOfHolding","Juzu Bracelet","Orichalcum","Bag of Marbles","Ectoplasm","Pen Nib","Mango","Vajra","Ginger","Frozen Eye","StoneCalendar","Gambling Chip","Dream Catcher","Darkstone Periapt","Busted Crown","Strawberry","TheAbacus","Magic Flower","PreservedInsect","hubris:Towel","Happy Flower","hubris:GlazedTorus","Omamori","Unceasing Top","Ancient Tea Set","DollysMirror","ClockworkSouvenir","Whetstone","hubris:MysteriousPyramids"],"acts_visited":["Exordium","TheCity","TheBeyond"],"potions_floor_usage":[31,45,45,50,50,50,50,50],"damage_taken":[{"damage":0.0,"enemies":"Jaw Worm","floor":1.0,"turns":1.0},{"damage":0.0,"enemies":"2 Louse","floor":3.0,"turns":1.0},{"damage":0.0,"enemies":"Small Slimes","floor":5.0,"turns":1.0},{"damage":4.0,"enemies":"3 Sentries","floor":7.0,"turns":4.0},{"damage":0.0,"enemies":"Gremlin Nob","floor":13.0,"turns":2.0},{"damage":0.0,"enemies":"Slime Boss","floor":16.0,"turns":6.0},{"damage":0.0,"enemies":"Shell Parasite","floor":18.0,"turns":1.0},{"damage":0.0,"enemies":"Chosen","floor":21.0,"turns":2.0},{"damage":16.0,"enemies":"Gremlin Leader","floor":23.0,"turns":3.0},{"damage":14.0,"enemies":"Slavers","floor":25.0,"turns":3.0},{"damage":0.0,"enemies":"Shelled Parasite and Fungi","floor":27.0,"turns":3.0},{"damage":0.0,"enemies":"Gremlin Leader","floor":28.0,"turns":2.0},{"damage":0.0,"enemies":"Snecko","floor":29.0,"turns":2.0},{"damage":16,"enemies":"Snake Plant","floor":30,"turns":2},{"damage":0,"enemies":"Centurion and Healer","floor":31,"turns":2},{"damage":0,"enemies":"Champ","floor":33,"turns":7},{"damage":9,"enemies":"3 Darklings","floor":35,"turns":2},{"damage":0,"enemies":"Nemesis","floor":40,"turns":3},{"damage":0,"enemies":"Giant Head","floor":42,"turns":3},{"damage":0,"enemies":"Mind Bloom Boss Battle","floor":45,"turns":2},{"damage":0,"enemies":"Orb Walker","floor":48,"turns":2},{"damage":0,"enemies":"hubris:GrandSnecko","floor":50,"turns":3}],"seed_played":"-5066287309594189139","potions_obtained":[{"floor":3.0,"key":"ColorlessPotion"},{"floor":5.0,"key":"ElixirPotion"},{"floor":16.0,"key":"Block Potion"},{"floor":21.0,"key":"AttackPotion"},{"floor":29.0,"key":"Swift Potion"},{"floor":45,"key":"EssenceOfSteel"}],"is_trial":false,"path_per_floor":["M","$","M","?","M","R","E","R","T","?","R","?","E","?","R","B",null,"M","$","?","M","?","E","?","E","T","M","E","M","M","M","R","B",null,"M","?","$","?","?","E","R","E","T","R","?","?","R","M","R","B",null],"character_chosen":"IRONCLAD","items_purchased":["Twin Strike","Pummel","Panache","OrangePellets","Blue Candle","MealTicket","Toxic Egg 2","FossilizedHelix","Intimidate+1","hubris:EmptyBottle","Pear","hubris:DeckOfHolding","Infernal Blade+1","Sword Boomerang","Pen Nib","Mango","Vajra","Ginger","Frozen Eye","Perfected Strike","Inflame","Bloodletting+1","Violence+1","Strawberry","TheAbacus","Magic Flower","PreservedInsect","hubris:ReadiedAction+1","Energy Potion","Ancient Tea Set","DollysMirror","ClockworkSouvenir","EntropicBrew","Enlightenment+1","DistilledChaos","Whetstone","hubris:MysteriousPyramids","The Bomb+1"],"campfire_rested":0,"item_purchase_floors":[2,2,2,2,2,2,2,2,2,6,6,6,6,6,19,19,19,19,19,19,19,19,19,37,37,37,37,37,37,47,47,47,47,47,47,49,49,49],"current_hp_per_floor":[80,80,80,80,80,90,90,90,90,72,72,72,78,78,78,84,90,90,104,104,104,104,94,94,86,86,92,98,104,94,103,103,110,110,107,107,123,123,123,123,123,123,123,123,123,123,123,123,123,123],"gold":3422,"neow_bonus":"THREE_ENEMY_KILL","is_daily":false,"chose_seed":false,"campfire_upgraded":6,"win_rate":0.0,"timestamp":1608356325,"path_taken":["M","$","M","?","M","R","E","R","T","?","R","?","E","?","R","BOSS","M","$","?","M","?","E","?","E","T","M","E","M","M","M","R","BOSS","M","?","?","?","?","E","R","E","T","R","?","?","R","M","R","BOSS"],"items_purchased_type":["Card","Card","Card","Relic","Relic","Relic","Relic","Relic","Card","Relic","Relic","Relic","Card","Card","Relic","Relic","Relic","Relic","Relic","Card","Card","Card","Card","Relic","Relic","Relic","Relic","Card","Potion","Relic","Relic","Relic","Potion","Card","Potion","Relic","Relic","Card"],"build_version":"2020-12-13","purchased_purges":13,"victory":true,"max_hp_per_floor":[80,80,80,80,80,90,90,90,90,90,90,90,90,90,90,90,90,90,104,104,104,104,104,104,104,104,104,104,104,104,107,107,110,110,110,110,123,123,123,123,123,123,123,123,123,123,123,123,123,123],"relic_stats":{"Darkstone Periapt":6,"Happy Flower":[3],"counters":[22,57],"Blue Candle":[1],"Magic Flower":[0],"StoneCalendar":[0],"Pen Nib":[13],"PreservedInsect":172,"Juzu Bracelet":1,"Ginger":[2],"Whetstone":["Twin Strike","Feed"],"Orichalcum":[132],"Burning Blood":68,"OrangePellets":[3],"Dream Catcher":0,"Busted Crown":26,"TheAbacus":[0],"Gambling Chip":[4],"MealTicket":3,"Ectoplasm":616,"obtain_stats":[{"Darkstone Periapt":28,"Vajra":19,"Magic Flower":37,"Mango":19,"StoneCalendar":23,"Juzu Bracelet":7,"Ginger":19,"Whetstone":49,"hubris:EmptyBottle":6,"hubris:MysteriousPyramids":49,"Ancient Tea Set":47,"Burning Blood":0,"ClockworkSouvenir":47,"Frozen Eye":19,"Dream Catcher":26,"TheAbacus":37,"DollysMirror":47,"Gambling Chip":25,"Strawberry":37,"MealTicket":2,"hubris:DeckOfHolding":6,"hubris:IronBody":4,"Toxic Egg 2":2,"hubris:GlazedTorus":42,"Pear":6,"NeowsBlessing":0,"Happy Flower":40,"Blue Candle":2,"Pen Nib":19,"PreservedInsect":37,"Omamori":43,"Orichalcum":9,"hubris:Towel":39,"OrangePellets":2,"Busted Crown":34,"Ectoplasm":17,"Bag of Marbles":13,"FossilizedHelix":2,"Unceasing Top":45},{"Darkstone Periapt":12,"Vajra":7,"Magic Flower":17,"Mango":7,"StoneCalendar":9,"Juzu Bracelet":4,"Ginger":7,"Whetstone":21,"hubris:EmptyBottle":3,"hubris:MysteriousPyramids":21,"Ancient Tea Set":20,"Burning Blood":0,"ClockworkSouvenir":20,"Frozen Eye":7,"Dream Catcher":10,"TheAbacus":17,"DollysMirror":20,"Gambling Chip":10,"Strawberry":17,"MealTicket":1,"hubris:DeckOfHolding":3,"hubris:IronBody":2,"Toxic Egg 2":1,"hubris:GlazedTorus":19,"Pear":3,"NeowsBlessing":0,"Happy Flower":18,"Blue Candle":1,"Pen Nib":7,"PreservedInsect":17,"Omamori":19,"Orichalcum":4,"hubris:Towel":17,"OrangePellets":1,"Busted Crown":16,"Ectoplasm":6,"Bag of Marbles":5,"FossilizedHelix":1,"Unceasing Top":20},{"Darkstone Periapt":29,"Vajra":16,"Magic Flower":44,"Mango":16,"StoneCalendar":21,"Juzu Bracelet":7,"Ginger":16,"Whetstone":54,"hubris:EmptyBottle":3,"hubris:MysteriousPyramids":54,"Ancient Tea Set":52,"Burning Blood":0,"ClockworkSouvenir":52,"Frozen Eye":16,"Dream Catcher":24,"TheAbacus":44,"DollysMirror":52,"Gambling Chip":24,"Strawberry":44,"MealTicket":1,"hubris:DeckOfHolding":3,"hubris:IronBody":2,"Toxic Egg 2":1,"hubris:GlazedTorus":50,"Pear":3,"NeowsBlessing":0,"Happy Flower":47,"Blue Candle":1,"Pen Nib":16,"PreservedInsect":44,"Omamori":50,"Orichalcum":7,"hubris:Towel":44,"OrangePellets":1,"Busted Crown":42,"Ectoplasm":15,"Bag of Marbles":9,"FossilizedHelix":1,"Unceasing Top":52}],"Unceasing Top":[1]},"card_choices":[{"not_picked":["Warcry","Fire Breathing"],"picked":"Inflame","floor":1.0},{"not_picked":["Clothesline","Havoc+1"],"picked":"Armaments+1","floor":3.0},{"not_picked":["Heavy Blade","Clash"],"picked":"Sword Boomerang","floor":5.0},{"not_picked":["Combust","Pommel Strike"],"picked":"Headbutt","floor":7.0},{"not_picked":["Ghostly Armor+1","True Grit+1"],"picked":"Cleave","floor":13.0},{"not_picked":["hubris:StunningStrike","Offering+1"],"picked":"Feed","floor":16.0},{"not_picked":["Cleave","Rupture+1","Wild Strike"],"picked":"SKIP","floor":18.0},{"not_picked":["Clash","Body Slam"],"picked":"Armaments+1","floor":21.0},{"not_picked":["Body Slam","Wild Strike"],"picked":"Heavy Blade+1","floor":23.0},{"not_picked":["Reckless Charge","Clothesline"],"picked":"Dropkick+1","floor":25.0},{"not_picked":["Clash","Carnage"],"picked":"Berserk","floor":27.0},{"not_picked":["Havoc+1","Inflame"],"picked":"Sword Boomerang+1","floor":28.0},{"not_picked":["Warcry+1","Disarm+1","Feel No Pain"],"picked":"SKIP","floor":29.0},{"not_picked":["Headbutt","Cleave"],"picked":"hubris:ReadiedAction+1","floor":30},{"not_picked":["Sword Boomerang","Havoc+1"],"picked":"Heavy Blade+1","floor":31},{"not_picked":["Berserk","Demon Form"],"picked":"Double Tap+1","floor":33},{"not_picked":["Dark Embrace+1"],"picked":"SKIP","floor":35},{"not_picked":["Clothesline"],"picked":"SKIP","floor":40},{"not_picked":["Cleave+1"],"picked":"SKIP","floor":42},{"not_picked":["Ghostly Armor+1"],"picked":"SKIP","floor":48}],"player_experience":95011,"relics_obtained":[{"floor":7.0,"key":"Juzu Bracelet"},{"floor":9.0,"key":"Orichalcum"},{"floor":13.0,"key":"Bag of Marbles"},{"floor":23.0,"key":"StoneCalendar"},{"floor":25.0,"key":"Gambling Chip"},{"floor":26.0,"key":"Dream Catcher"},{"floor":28.0,"key":"Darkstone Periapt"},{"floor":40,"key":"Happy Flower"},{"floor":42,"key":"hubris:GlazedTorus"},{"floor":43,"key":"Omamori"},{"floor":45,"key":"Unceasing Top"}],"event_choices":[{"damage_healed":0.0,"max_hp_gain":0.0,"max_hp_loss":0.0,"gold_gain":0.0,"event_name":"Big Fish","player_choice":"Box","floor":4.0,"gold_loss":0.0,"damage_taken":0.0,"relics_obtained":["hubris:IronBody"],"cards_obtained":["Regret"]},{"damage_healed":0.0,"max_hp_gain":0.0,"max_hp_loss":0.0,"gold_gain":0.0,"event_name":"Shining Light","player_choice":"Entered Light","floor":10.0,"gold_loss":0.0,"damage_taken":18.0,"cards_upgraded":["Pummel","Strike_R"]},{"damage_healed":0.0,"max_hp_gain":0.0,"max_hp_loss":0.0,"gold_gain":0.0,"event_name":"Liars Game","player_choice":"Ignored","floor":12.0,"gold_loss":0.0,"damage_taken":0.0},{"damage_healed":0.0,"max_hp_gain":0.0,"max_hp_loss":0.0,"gold_gain":0.0,"event_name":"The Library","player_choice":"Read","floor":20.0,"gold_loss":0.0,"damage_taken":0.0,"cards_obtained":["Outmaneuver"]},{"cards_removed":["Armaments"],"damage_healed":5.0,"max_hp_gain":0.0,"max_hp_loss":0.0,"gold_gain":0.0,"event_name":"Bonfire Elementals","player_choice":"Offered Common","floor":22.0,"gold_loss":0.0,"damage_taken":0.0},{"cards_removed":["Armaments"],"damage_healed":5.0,"max_hp_gain":0.0,"max_hp_loss":0.0,"gold_gain":0.0,"event_name":"Bonfire Elementals","player_choice":"Offered Special","floor":22.0,"gold_loss":0.0,"damage_taken":0.0},{"damage_healed":0.0,"max_hp_gain":0.0,"max_hp_loss":0.0,"gold_gain":0.0,"event_name":"Back to Basics","player_choice":"Simplicity","floor":24.0,"gold_loss":0.0,"damage_taken":0.0,"cards_upgraded":["Defend_R","Defend_R","Defend_R"]},{"damage_healed":0,"gold_gain":100,"player_choice":"Pray","damage_taken":0,"max_hp_gain":0,"max_hp_loss":0,"event_name":"Golden Shrine","floor":36,"gold_loss":0},{"damage_healed":0,"gold_gain":0,"player_choice":"Ignored","damage_taken":0,"max_hp_gain":0,"max_hp_loss":0,"event_name":"Tomb of Lord Red Mask","floor":38,"gold_loss":0},{"damage_healed":0,"gold_gain":0,"player_choice":"Fight","damage_taken":0,"max_hp_gain":0,"max_hp_loss":0,"event_name":"MindBloom","floor":45,"gold_loss":0},{"cards_removed":["Intimidate"],"damage_healed":0,"gold_gain":0,"player_choice":"Removed Skill","damage_taken":0,"max_hp_gain":0,"max_hp_loss":0,"event_name":"Falling","floor":46,"gold_loss":0}],"is_beta":false,"boss_relics":[{"not_picked":["Black Star","hubris:Backtick"],"picked":"Ectoplasm"},{"not_picked":["Runic Cube","Snecko Eye"],"picked":"Busted Crown"}],"items_purged_floors":[2,2,2,2,6,19,19,19,37,37,37,37,47],"is_endless":false,"potions_floor_spawned":[3,5,16,21,29,31,33,40,45,48],"ascension_level":2}}