{"host":"hfvpa4llnnjpeawn","time":1608366820,"event":{"mods":["2.2 Compatiblity","AchievementEnabler","Act Like it!","Aspiration","Bard","BaseMod","Beaked The Cultist","Better Sensory Stone","Better Skull","Better Third Choice","BetterRewards","CapriCore","Conspire","Downfall","Elementarium","Energized Spire","Hermit","Hubris","Jorbs\u0027s Wanderer Trilogy","Koishi","Lobotomy","LobotomyExtend","Minty Spire (QoL Compilation)","Replay The Spire","Shade Mod","Spicy Shops","StSLib","The Bladedancer","The Factory","The Gatherer","The Jungle","Waifu the Spire","Wandering Minibosses"],"gold_per_floor":[115,126,126,32,43,68,68,87,87,106,120,120,120,59,59,164,164,198,217,217,217,167,193,193,193,193],"floor_reached":25,"playtime":2153,"items_purged":[],"score":271,"play_id":"14292cb7-066b-4843-a5cf-37fdf9ef92d2","local_time":"20201219033340","is_ascension_mode":false,"campfire_choices":[{"floor":7.0,"key":"REST"},{"data":"hermit:ShadowCloak","floor":13.0,"key":"SMITH"},{"floor":15.0,"key":"REST"}],"circlet_count":0,"master_deck":["hermit:Strike_Hermit","hermit:Strike_Hermit","hermit:Strike_Hermit","hermit:Strike_Hermit","hermit:Defend_Hermit","hermit:Defend_Hermit","hermit:Defend_Hermit","hermit:Defend_Hermit","hermit:Snapshot","hermit:Covet","hermit:Misfire","hermit:Vantage","hermit:BodyArmor","hermit:ShadowCloak+1","hermit:Spite","LongBird","hermit:Grudge+1","OSAHOGD","hermit:Cheat","Rudolta","LittleHelper","hermit:Reprieve","VoidDream","hermit:Dissolve","Violence","expansioncontent:StudyTheSpire","expansioncontent:YouAreMine","BlueStar","hermit:DeadOrAlive","Wellcheers","WhitesApple","hermit:FinalCanter","Shame","PunishingBird","hermit:CalledShot"],"relics":["hermit:Momento","CogitoBucket","CultistMask","Lantern","Counterbalance","LuminousBracelet","ReplayTheSpireMod:ShopPack","LetterFromLob","Cursed Key","hermit:Spyglass","hubris:Teleporter","MutagenicStrength"],"acts_visited":["Exordium","TheCity"],"potions_floor_usage":[16,23],"damage_taken":[{"damage":1.0,"enemies":"Cultist","floor":1.0,"turns":4.0},{"damage":9.0,"enemies":"Small Slimes","floor":2.0,"turns":6.0},{"damage":0.0,"enemies":"2 Louse","floor":5.0,"turns":3.0},{"damage":30.0,"enemies":"Gremlin Nob","floor":6.0,"turns":5.0},{"damage":2.0,"enemies":"Blue Slaver","floor":8.0,"turns":3.0},{"damage":12.0,"enemies":"Large Slime","floor":10.0,"turns":3.0},{"damage":9.0,"enemies":"Looter","floor":11.0,"turns":5.0},{"damage":33,"enemies":"The Guardian","floor":16,"turns":10},{"damage":14,"enemies":"3 Byrds","floor":18,"turns":6},{"damage":27,"enemies":"Shell Parasite","floor":19,"turns":3},{"damage":31,"enemies":"Book of Stabbing","floor":23,"turns":4},{"damage":137,"enemies":"Slavers","floor":25,"turns":5}],"seed_played":"-2137106497586006924","potions_obtained":[{"floor":10.0,"key":"Explosive Potion"},{"floor":11.0,"key":"BlessingOfTheForge"},{"floor":16,"key":"Elixir"},{"floor":19,"key":"champ:CounterPotion"}],"is_trial":false,"path_per_floor":["M","M","?","$","M","E","R","M","T","M","M","?","R","$","R","B",null,"M","M","?","?","?","E","?","E"],"character_chosen":"HERMIT","items_purchased":["hermit:BodyArmor","hermit:ShadowCloak","ReplayTheSpireMod:ShopPack"],"campfire_rested":2,"item_purchase_floors":[4,4,14],"current_hp_per_floor":[74,65,65,65,65,35,57,55,55,58,55,55,55,55,82,67,90,90,65,65,65,85,63,63,0,0],"gold":193,"neow_bonus":"","is_daily":false,"chose_seed":false,"campfire_upgraded":1,"win_rate":0.0,"timestamp":1608366820,"path_taken":["M","?","?","$","M","E","R","M","T","?","M","?","R","$","R","BOSS","M","M","?","?","?","E","?","E"],"items_purchased_type":["Card","Card","Relic"],"build_version":"2020-12-13","purchased_purges":0,"victory":false,"max_hp_per_floor":[75,75,75,75,75,75,75,75,75,90,90,90,90,90,90,90,90,90,90,90,90,90,90,90,90,90],"card_choices":[{"not_picked":["hermit:LowProfile","hermit:Enervate"],"picked":"hermit:Misfire","floor":1.0},{"not_picked":["hermit:Snipe","hermit:Ricochet"],"picked":"hermit:Vantage","floor":2.0},{"not_picked":["hermit:Malice","hermit:PistolWhip"],"picked":"hermit:Spite","floor":5.0},{"not_picked":["QueenBee","PunishingBird"],"picked":"LongBird","floor":5.0},{"not_picked":["hermit:HighCaliber","hermit:FromBeyond"],"picked":"hermit:Grudge","floor":6.0},{"not_picked":["CrumblingArmor","HeroicMonk","SpiderBud"],"picked":"Singing Bowl","floor":6.0},{"not_picked":["PunishingBird","Alriune"],"picked":"OSAHOGD","floor":6.0},{"not_picked":["hermit:BodyArmor","hermit:Brawl"],"picked":"hermit:Cheat","floor":8.0},{"not_picked":["BlackSwan","CrumblingArmor"],"picked":"Rudolta","floor":8.0},{"not_picked":["BeautyBeast","OldLady"],"picked":"LittleHelper","floor":10.0},{"not_picked":["hermit:CalledShot","hermit:SprayPray"],"picked":"hermit:Reprieve","floor":10.0},{"not_picked":["CherryBlossoms","ShyLook","VoidDream"],"picked":"Singing Bowl","floor":11.0},{"not_picked":["CherryBlossoms","CrumblingArmor"],"picked":"VoidDream","floor":11.0},{"not_picked":["hermit:Deadeye","hermit:Desperado"],"picked":"hermit:Dissolve","floor":11.0},{"not_picked":["Thinking Ahead","Secret Technique"],"picked":"Violence","floor":14.0},{"not_picked":["hubris:Ssssneak","expansioncontent:Hexaburn"],"picked":"expansioncontent:StudyTheSpire","floor":14.0},{"not_picked":["Replay:SS_forest_5","Finesse"],"picked":"expansioncontent:YouAreMine","floor":14.0},{"not_picked":["SingingMachine","OldLady"],"picked":"BlueStar","floor":16},{"not_picked":["hermit:Adapt","hermit:BlackWind"],"picked":"hermit:DeadOrAlive","floor":16},{"not_picked":["SpiderBud","OldLady"],"picked":"Wellcheers","floor":18},{"not_picked":["hermit:BodyArmor","hermit:WideOpen","hermit:Grudge"],"picked":"SKIP","floor":18},{"not_picked":["Scorched","HappyTeddy","Bloodbath"],"picked":"Singing Bowl","floor":19},{"not_picked":["Scorched","Bloodbath"],"picked":"WhitesApple","floor":19},{"not_picked":["hermit:Ricochet","hermit:Vantage"],"picked":"hermit:FinalCanter","floor":19},{"not_picked":["LaLuna","HappyTeddy"],"picked":"PunishingBird","floor":23},{"not_picked":["hermit:Snipe","hermit:Grudge"],"picked":"hermit:CalledShot","floor":23}],"player_experience":271146,"relics_obtained":[{"floor":6.0,"key":"Lantern"},{"floor":9.0,"key":"Counterbalance"},{"floor":16,"key":"LetterFromLob"},{"floor":23,"key":"hubris:Teleporter"}],"event_choices":[{"damage_healed":0.0,"max_hp_gain":0.0,"max_hp_loss":0.0,"gold_gain":0.0,"event_name":"FaceTrader","player_choice":"Trade","floor":3.0,"gold_loss":0.0,"damage_taken":0.0,"relics_obtained":["CultistMask"]},{"damage_healed":0,"gold_gain":0,"player_choice":"Ignored","damage_taken":0,"max_hp_gain":0,"max_hp_loss":0,"event_name":"Vampires","floor":20,"gold_loss":0},{"damage_healed":0,"gold_gain":0,"player_choice":"Stole Relic","damage_taken":0,"relics_obtained":["hermit:Spyglass"],"max_hp_gain":0,"max_hp_loss":0,"event_name":"Addict","floor":21,"gold_loss":0,"cards_obtained":["Shame"]},{"damage_healed":0,"gold_gain":0,"player_choice":"Inject Mutagens","damage_taken":0,"relics_obtained":["MutagenicStrength"],"max_hp_gain":0,"max_hp_loss":0,"event_name":"Drug Dealer","floor":24,"gold_loss":0}],"is_beta":false,"boss_relics":[{"not_picked":["Painkiller Herb","aspiration:RunicSpoon"],"picked":"Cursed Key"}],"items_purged_floors":[],"is_endless":false,"potions_floor_spawned":[10,11,16,18,19],"killed_by":"Slavers","ascension_level":0}}