{"host":"nc9kxycvldgbp2kx","time":1608387509,"event":{"mods":["2.2 Compatiblity","AchievementEnabler","AlwaysNeverKeys","BaseMod","Colored Powertips","GifTheSpireLib","Highlight Path","Minty Spire (QoL Compilation)","Permanent Neow","Quick Restart","Random Character Button","Rare Cards Sparkle","Relic Sorter","Relic Stats","StSLib","Transform Curses"],"gold_per_floor":[109,109,129,129,144,144,188,188,188,188,222,297,316,316,316],"floor_reached":14,"playtime":5115,"items_purged":[],"score":98,"play_id":"ad3dd597-9ecf-4208-a4f6-c5720d30ee75","local_time":"20201219151829","is_ascension_mode":false,"campfire_choices":[{"data":"Flex","floor":6.0,"key":"SMITH"},{"data":"Heavy Blade","floor":8.0,"key":"SMITH"}],"circlet_count":0,"master_deck":["Strike_R","Strike_R","Strike_R","Strike_R","Defend_R","Defend_R","Defend_R","Defend_R","Bash","Limit Break","Twin Strike","Flex+1","Warcry","Heavy Blade+1","Regret","Flex"],"relics":["Burning Blood","Golden Idol","Self Forming Clay","Molten Egg 2","Question Card","InkBottle"],"acts_visited":["Exordium"],"potions_floor_usage":[14],"damage_taken":[{"damage":8.0,"enemies":"Jaw Worm","floor":1.0,"turns":5.0},{"damage":2.0,"enemies":"2 Louse","floor":3.0,"turns":3.0},{"damage":1.0,"enemies":"Cultist","floor":5.0,"turns":3.0},{"damage":18.0,"enemies":"Lagavulin","floor":7.0,"turns":5.0},{"damage":25.0,"enemies":"3 Sentries","floor":11.0,"turns":6.0},{"damage":11.0,"enemies":"Lots of Slimes","floor":13.0,"turns":5.0},{"damage":15,"enemies":"Gremlin Nob","floor":14,"turns":5}],"seed_played":"302691733664891639","potions_obtained":[{"floor":13.0,"key":"Ancient Potion"}],"is_trial":false,"path_per_floor":["M","?","M","?","M","R","E","R","T","?","E","?","M","E"],"character_chosen":"IRONCLAD","items_purchased":[],"campfire_rested":0,"item_purchase_floors":[],"current_hp_per_floor":[78,58,62,62,67,67,55,55,55,55,36,25,20,5,5],"gold":316,"neow_bonus":"ONE_RANDOM_RARE_CARD","is_daily":false,"chose_seed":false,"campfire_upgraded":2,"win_rate":0.0,"timestamp":1608387509,"path_taken":["M","?","M","?","M","R","E","R","T","?","E","?","?","E"],"items_purchased_type":[],"build_version":"2020-12-13","purchased_purges":0,"victory":false,"max_hp_per_floor":[80,80,80,80,80,80,80,80,80,80,80,80,80,80,80],"relic_stats":{"counters":[7,32],"Golden Idol":27,"Self Forming Clay":[39],"Question Card":2,"obtain_stats":[{"Golden Idol":2,"Self Forming Clay":7,"Molten Egg 2":9,"Question Card":10,"Burning Blood":0,"InkBottle":11},{"Golden Idol":1,"Self Forming Clay":4,"Molten Egg 2":4,"Question Card":4,"Burning Blood":0,"InkBottle":5},{"Golden Idol":5,"Self Forming Clay":16,"Molten Egg 2":16,"Question Card":16,"Burning Blood":0,"InkBottle":22}],"Burning Blood":36,"InkBottle":[2]},"card_choices":[{"not_picked":["Clash","Thunderclap"],"picked":"Twin Strike","floor":1.0},{"not_picked":["Body Slam","Power Through"],"picked":"Flex","floor":3.0},{"not_picked":["Barricade","Shrug It Off"],"picked":"Warcry","floor":5.0},{"not_picked":["Power Through","Armaments"],"picked":"Heavy Blade","floor":7.0},{"not_picked":["Cleave+1","Feel No Pain","Clash+1"],"picked":"Flex","floor":11.0},{"not_picked":["Sever Soul+1","Shrug It Off","Havoc","True Grit"],"picked":"SKIP","floor":13.0}],"player_experience":235341,"relics_obtained":[{"floor":7.0,"key":"Self Forming Clay"},{"floor":9.0,"key":"Molten Egg 2"},{"floor":11.0,"key":"InkBottle"}],"event_choices":[{"damage_healed":0.0,"max_hp_gain":0.0,"max_hp_loss":0.0,"gold_gain":0.0,"event_name":"Golden Idol","player_choice":"Take Damage","floor":2.0,"gold_loss":0.0,"damage_taken":20.0,"relics_obtained":["Golden Idol"]},{"cards_removed":["Strike_R"],"damage_healed":0.0,"max_hp_gain":0.0,"max_hp_loss":0.0,"gold_gain":0.0,"event_name":"Living Wall","player_choice":"Forget","floor":4.0,"gold_loss":0.0,"damage_taken":0.0},{"damage_healed":0.0,"max_hp_gain":0.0,"max_hp_loss":0.0,"gold_gain":0.0,"event_name":"Big Fish","player_choice":"Box","floor":10.0,"gold_loss":0.0,"damage_taken":0.0,"relics_obtained":["Question Card"],"cards_obtained":["Regret"]},{"damage_healed":0.0,"max_hp_gain":0.0,"max_hp_loss":0.0,"gold_gain":75.0,"event_name":"World of Goop","player_choice":"Gather Gold","floor":12.0,"gold_loss":0.0,"damage_taken":11.0}],"is_beta":false,"boss_relics":[],"items_purged_floors":[],"is_endless":false,"potions_floor_spawned":[13],"killed_by":"Gremlin Nob","ascension_level":0}}