{"host":"y76clbnovzmw9ubx","time":1608342935,"event":{"mods":["AchievementEnabler","BaseMod","Minty Spire (QoL Compilation)","Permanent Neow","Relic Stats"],"gold_per_floor":[117,128,128,142,165,201,201,201,225,250,270,294,294,335,335,458,458,481,0,25,48,69,113,113,153,180,219,219,259,259,284,284,415,415,428,449,142,142,160,493,493,493],"floor_reached":41,"playtime":3470,"items_purged":[],"score":862,"play_id":"acf47f64-12f8-4928-a9ff-c46009dc6178","local_time":"20201218205535","is_ascension_mode":true,"campfire_choices":[{"floor":8,"key":"REST"},{"floor":13,"key":"REST"},{"data":"Eruption","floor":15,"key":"SMITH"},{"floor":24,"key":"REST"},{"floor":28,"key":"REST"},{"floor":32,"key":"REST"}],"circlet_count":0,"master_deck":["Strike_P+1","Strike_P+1","Strike_P+1","Defend_P+1","Defend_P+1","Defend_P+1","Defend_P+1","Eruption+1","Vigilance","Vault","BowlingBash+1","EmptyMind","FearNoEvil+1","LessonLearned+1","FlurryOfBlows","LessonLearned+1","ConjureBlade+1","ClearTheMind+1","CrushJoints+1","MentalFortress","ThirdEye+1","FlurryOfBlows+1","Adaptation+1","FlurryOfBlows","Protect+1","FlurryOfBlows+1","EmptyMind+1","Brilliance","LikeWater+1","ConjureBlade+1"],"relics":["PureWater","Regal Pillow","Ancient Tea Set","Centennial Puzzle","VioletLotus","Pocketwatch","Orichalcum","GoldenEye","Pear","Oddly Smooth Stone","Sozu","Damaru","Chemical X"],"acts_visited":["Exordium","TheCity","TheBeyond"],"potions_floor_usage":[11,14,16,21,23,33],"damage_taken":[{"damage":21,"enemies":"Small Slimes","floor":1,"turns":10},{"damage":2,"enemies":"2 Louse","floor":2,"turns":4},{"damage":0,"enemies":"Cultist","floor":4,"turns":3},{"damage":19,"enemies":"Gremlin Gang","floor":5,"turns":6},{"damage":22,"enemies":"3 Sentries","floor":6,"turns":10},{"damage":19,"enemies":"Exordium Wildlife","floor":10,"turns":3},{"damage":0,"enemies":"Large Slime","floor":11,"turns":7},{"damage":6,"enemies":"Lots of Slimes","floor":12,"turns":3},{"damage":13,"enemies":"Gremlin Nob","floor":14,"turns":3},{"damage":0,"enemies":"Slime Boss","floor":16,"turns":6},{"damage":0,"enemies":"Spheric Guardian","floor":18,"turns":4},{"damage":0,"enemies":"Chosen","floor":20,"turns":5},{"damage":0,"enemies":"Sentry and Sphere","floor":21,"turns":4},{"damage":2,"enemies":"Chosen and Byrds","floor":22,"turns":5},{"damage":30,"enemies":"Slavers","floor":23,"turns":4},{"damage":12,"enemies":"Gremlin Leader","floor":25,"turns":7},{"damage":29,"enemies":"Book of Stabbing","floor":27,"turns":7},{"damage":3,"enemies":"Gremlin Leader","floor":29,"turns":6},{"damage":23,"enemies":"Snake Plant","floor":31,"turns":5},{"damage":38,"enemies":"Automaton","floor":33,"turns":9},{"damage":19,"enemies":"3 Shapes","floor":35,"turns":5},{"damage":2,"enemies":"3 Darklings","floor":36,"turns":7},{"damage":0,"enemies":"Transient","floor":39,"turns":6},{"damage":49,"enemies":"Giant Head","floor":41,"turns":8}],"seed_played":"2278028795456927818","potions_obtained":[{"floor":4,"key":"Ancient Potion"},{"floor":6,"key":"LiquidBronze"},{"floor":11,"key":"Fire Potion"},{"floor":12,"key":"BlessingOfTheForge"},{"floor":18,"key":"Fire Potion"},{"floor":20,"key":"BottledMiracle"},{"floor":21,"key":"EssenceOfSteel"},{"floor":27,"key":"PowerPotion"}],"is_trial":false,"path_per_floor":["M","M","?","M","M","E","?","R","T","M","M","M","R","E","R","B",null,"M","$","M","M","M","E","R","E","T","E","R","E","?","M","R","B",null,"M","M","$","?","M","?","E"],"character_chosen":"WATCHER","items_purchased":["CrushJoints","MentalFortress","Pocketwatch","BottledMiracle","ThirdEye","Damaru","Chemical X"],"campfire_rested":5,"item_purchase_floors":[19,19,19,19,19,37,37],"current_hp_per_floor":[44,42,42,42,23,1,1,36,36,17,17,11,46,33,33,33,59,59,59,59,59,57,27,62,50,50,31,69,66,66,43,77,39,68,49,47,47,47,47,47,0,0],"gold":493,"neow_bonus":"ONE_RANDOM_RARE_CARD","is_daily":false,"chose_seed":false,"campfire_upgraded":1,"win_rate":0.0,"timestamp":1608342935,"path_taken":["M","M","?","M","M","E","?","R","T","M","?","?","R","E","R","BOSS","M","$","M","M","M","E","R","E","T","E","R","E","?","M","R","BOSS","M","M","$","?","M","?","E"],"items_purchased_type":["Card","Card","Relic","Potion","Card","Relic","Relic"],"build_version":"2020-12-13","purchased_purges":0,"victory":false,"max_hp_per_floor":[72,72,67,67,67,67,67,67,67,67,67,67,67,67,67,67,67,67,67,67,67,67,67,67,67,67,77,77,77,77,77,77,77,77,77,77,77,77,77,77,77,77],"relic_stats":{"Sozu":1,"Regal Pillow":71,"Centennial Puzzle":[30],"counters":[24,137],"VioletLotus":[26],"Chemical X":[4],"Orichalcum":[90],"GoldenEye":[14],"obtain_stats":[{"Regal Pillow":6,"Pear":27,"Golden Idol":3,"Oddly Smooth Stone":29,"Damaru":37,"Orichalcum":23,"Ancient Tea Set":9,"GoldenEye":25,"Sozu":34,"Centennial Puzzle":14,"VioletLotus":17,"Chemical X":37,"PureWater":0,"Pocketwatch":19},{"Regal Pillow":5,"Pear":17,"Golden Idol":2,"Oddly Smooth Stone":18,"Damaru":22,"Orichalcum":15,"Ancient Tea Set":5,"GoldenEye":16,"Sozu":20,"Centennial Puzzle":9,"VioletLotus":10,"Chemical X":22,"PureWater":0,"Pocketwatch":11},{"Regal Pillow":33,"Pear":91,"Golden Idol":14,"Oddly Smooth Stone":97,"Damaru":123,"Orichalcum":77,"Ancient Tea Set":33,"GoldenEye":84,"Sozu":111,"Centennial Puzzle":49,"VioletLotus":55,"Chemical X":123,"PureWater":0,"Pocketwatch":59}],"Pocketwatch":[48]},"card_choices":[{"not_picked":["FlyingSleeves","ClearTheMind","SashWhip"],"picked":"SKIP","floor":1},{"not_picked":["FlyingSleeves","SashWhip"],"picked":"ClearTheMind","floor":1},{"not_picked":["CutThroughFate","CrushJoints"],"picked":"BowlingBash","floor":2},{"not_picked":["Crescendo","Nirvana"],"picked":"EmptyMind","floor":4},{"not_picked":["SashWhip","PathToVictory","BowlingBash"],"picked":"SKIP","floor":5},{"not_picked":["Collect","Halt"],"picked":"FearNoEvil","floor":6},{"not_picked":["Conclude","PathToVictory"],"picked":"LessonLearned","floor":10},{"not_picked":["Crescendo","JustLucky"],"picked":"FlurryOfBlows","floor":11},{"not_picked":["BowlingBash","WaveOfTheHand"],"picked":"LessonLearned","floor":12},{"not_picked":["Judgement","SignatureMove","FollowUp"],"picked":"SKIP","floor":14},{"not_picked":["Blasphemy","DeusExMachina"],"picked":"ConjureBlade","floor":16},{"not_picked":["Consecrate","FlyingSleeves"],"picked":"ClearTheMind+1","floor":18},{"not_picked":["CrushJoints","FollowUp","JustLucky+1"],"picked":"SKIP","floor":20},{"not_picked":["ReachHeaven","BattleHymn+1"],"picked":"FlurryOfBlows","floor":21},{"not_picked":["Indignation","EmptyBody+1","FlyingSleeves"],"picked":"SKIP","floor":22},{"not_picked":["ThirdEye","Crescendo"],"picked":"Adaptation+1","floor":23},{"not_picked":["SandsOfTime","Consecrate"],"picked":"FlurryOfBlows","floor":25},{"not_picked":["WheelKick","MasterReality"],"picked":"Protect+1","floor":27},{"not_picked":["ThirdEye","Consecrate"],"picked":"FlurryOfBlows","floor":29},{"not_picked":["ReachHeaven","Crescendo"],"picked":"LikeWater+1","floor":31},{"not_picked":["Alpha","MasterReality"],"picked":"ConjureBlade","floor":33},{"not_picked":["SashWhip+1","ReachHeaven","Weave+1"],"picked":"SKIP","floor":35},{"not_picked":["EmptyFist","CrushJoints","EmptyBody"],"picked":"SKIP","floor":36},{"not_picked":["ClearTheMind","EmptyBody+1","Halt"],"picked":"SKIP","floor":39}],"player_experience":2904869,"relics_obtained":[{"floor":6,"key":"Regal Pillow"},{"floor":9,"key":"Ancient Tea Set"},{"floor":14,"key":"Centennial Puzzle"},{"floor":23,"key":"Orichalcum"},{"floor":25,"key":"GoldenEye"},{"floor":27,"key":"Pear"},{"floor":29,"key":"Oddly Smooth Stone"}],"event_choices":[{"damage_healed":0,"gold_gain":0,"player_choice":"Lose Max HP","damage_taken":0,"relics_obtained":["Golden Idol"],"max_hp_gain":0,"max_hp_loss":5,"event_name":"Golden Idol","floor":3,"gold_loss":0},{"damage_healed":0,"gold_gain":0,"player_choice":"Leave","damage_taken":0,"max_hp_gain":0,"max_hp_loss":0,"event_name":"FaceTrader","floor":7,"gold_loss":0},{"damage_healed":0,"gold_gain":0,"cards_transformed":["Strike_P","ClearTheMind"],"player_choice":"Became Test Subject","damage_taken":0,"max_hp_gain":0,"max_hp_loss":0,"event_name":"Drug Dealer","floor":30,"gold_loss":0,"cards_obtained":["EmptyMind","Brilliance"]},{"damage_healed":0,"gold_gain":0,"player_choice":"Memory 1","damage_taken":0,"max_hp_gain":0,"max_hp_loss":0,"event_name":"SensoryStone","floor":38,"gold_loss":0},{"damage_healed":0,"gold_gain":333,"player_choice":"Gave Idol","damage_taken":0,"max_hp_gain":0,"max_hp_loss":0,"event_name":"The Moai Head","floor":40,"relics_lost":["Golden Idol"],"gold_loss":0}],"is_beta":false,"boss_relics":[{"not_picked":["HolyWater","Ectoplasm"],"picked":"VioletLotus"},{"not_picked":["Runic Pyramid","Empty Cage"],"picked":"Sozu"}],"items_purged_floors":[],"is_endless":false,"potions_floor_spawned":[4,6,11,12,18,20,21,27,39],"killed_by":"Giant Head","ascension_level":9}}