{"host":"y7sd46uq4xlni546","time":1608409567,"event":{"mods":["AchievementEnabler","BaseMod","Colored Map","Colored Powertips","Minty Spire (QoL Compilation)","Random Character Button","Rare Cards Sparkle","StSLib"],"gold_per_floor":[113,129,142,142,204,232,263,263,289,322,372,422,422,453,453,557,557,576,626,676,726,796,881,1031,1118,1118,973,1008,1008,1070,1125,1125,1222,1222,1240,1316,1366,1416,1137,1170,1170,1205,1205,1255,1328,1375,1098,1131,1131,1161,1161,1161,515,547,547],"floor_reached":56,"playtime":2901,"items_purged":[],"score":2514,"play_id":"a08d5f46-4dbb-4981-ad9c-bf285752bcec","local_time":"20201219212607","daily_mods":["SealedDeck","Diverse","Heirloom","Time Dilation","Flight"],"is_ascension_mode":true,"campfire_choices":[{"data":"Wraith Form v2","floor":8.0,"key":"SMITH"},{"floor":15.0,"key":"RECALL"},{"data":"DevaForm","floor":32.0,"key":"SMITH"},{"data":"Ragnarok","floor":41.0,"key":"SMITH"},{"data":"Heavy Blade","floor":49,"key":"SMITH"},{"data":"Echo Form","floor":52,"key":"SMITH"}],"circlet_count":0,"master_deck":["Demon Form","Wraith Form v2+1","Echo Form+1","DevaForm+1","AscendersBane","Quick Slash","Backflip","Coolheaded","Blur+1","Fusion","Streamline","Capacitor","Heavy Blade+1","Core Surge","Bullet Time","Dark Embrace","Wish+1","Necronomicurse","Bludgeon","Ragnarok+1","WheelKick+1","Wraith Form v2+1","Limit Break+1","Chrysalis+1"],"relics":["Snecko Eye","Unceasing Top","Bird Faced Urn","SsserpentHead","Du-Vu Doll","Ancient Tea Set","Strawberry","PreservedInsect","Oddly Smooth Stone","Mango","Empty Cage","Necronomicon","War Paint","Mummified Hand","Mercury Hourglass","Lee\u0027s Waffle","Vajra","Ice Cream","Ornamental Fan","Coffee Dripper","Potion Belt","Bag of Marbles","Matryoshka","Anchor","Omamori","Sundial","MawBank","Centennial Puzzle","Cables","Toxic Egg 2","DollysMirror","Bronze Scales","Happy Flower","Pen Nib","Nunchaku","TheAbacus","Gremlin Horn"],"acts_visited":["Exordium","TheCity","TheBeyond","TheEnding"],"potions_floor_usage":[46,46,46,46,54],"damage_taken":[{"damage":0.0,"enemies":"Cultist","floor":1.0,"turns":3.0},{"damage":0.0,"enemies":"Small Slimes","floor":2.0,"turns":2.0},{"damage":0.0,"enemies":"Jaw Worm","floor":3.0,"turns":3.0},{"damage":2.0,"enemies":"3 Louse","floor":5.0,"turns":2.0},{"damage":0.0,"enemies":"Gremlin Nob","floor":6.0,"turns":3.0},{"damage":6.0,"enemies":"3 Sentries","floor":7.0,"turns":3.0},{"damage":0.0,"enemies":"Lagavulin","floor":10.0,"turns":5.0},{"damage":14.0,"enemies":"3 Sentries","floor":14.0,"turns":4.0},{"damage":1.0,"enemies":"Slime Boss","floor":16.0,"turns":4.0},{"damage":11.0,"enemies":"2 Thieves","floor":18.0,"turns":4.0},{"damage":0.0,"enemies":"Shell Parasite","floor":22.0,"turns":3.0},{"damage":21.0,"enemies":"Slavers","floor":23.0,"turns":3.0},{"damage":3.0,"enemies":"Book of Stabbing","floor":25.0,"turns":4.0},{"damage":18.0,"enemies":"Gremlin Leader","floor":28.0,"turns":3.0},{"damage":2.0,"enemies":"Slavers","floor":30.0,"turns":4.0},{"damage":3.0,"enemies":"Gremlin Leader","floor":31.0,"turns":2.0},{"damage":0.0,"enemies":"Collector","floor":33.0,"turns":3.0},{"damage":0.0,"enemies":"3 Darklings","floor":35.0,"turns":3.0},{"damage":0.0,"enemies":"Giant Head","floor":40.0,"turns":3.0},{"damage":0.0,"enemies":"Nemesis","floor":42.0,"turns":1.0},{"damage":0.0,"enemies":"Giant Head","floor":45.0,"turns":2.0},{"damage":0,"enemies":"Reptomancer","floor":46,"turns":1},{"damage":0,"enemies":"Nemesis","floor":48,"turns":1},{"damage":0,"enemies":"Awakened One","floor":50,"turns":5},{"damage":0,"enemies":"Shield and Spear","floor":54,"turns":1},{"damage":1,"enemies":"The Heart","floor":55,"turns":4}],"seed_played":"8353432266240631938","potions_obtained":[{"floor":3.0,"key":"PowerPotion"},{"floor":6.0,"key":"Explosive Potion"},{"floor":10.0,"key":"Ancient Potion"},{"floor":18.0,"key":"Weak Potion"},{"floor":21.0,"key":"EntropicBrew"},{"floor":28.0,"key":"Block Potion"},{"floor":31.0,"key":"EntropicBrew"},{"floor":35.0,"key":"Explosive Potion"},{"floor":40.0,"key":"BlessingOfTheForge"}],"is_trial":true,"path_per_floor":["M","M","M","?","M","E","E","R","T","E","?","T","?","E","R","B",null,"M","?","?","?","M","E","?","E","T","$","E","$","E","E","R","B",null,"M","T","?","?","$","E","R","E","T","T","E","E","$","E","R","B",null,"R","$","E","B",null],"character_chosen":"DEFECT","items_purchased":["Lee\u0027s Waffle","Bag of Marbles","Ragnarok","DollysMirror","Bronze Scales","Pen Nib","Nunchaku","TheAbacus","Chrysalis+1"],"campfire_rested":0,"item_purchase_floors":[27,39,39,47,47,53,53,53,53],"current_hp_per_floor":[75,75,75,75,73,75,73,73,73,82,70,70,70,76,76,89,94,93,77,77,77,87,80,80,87,87,103,89,89,103,103,103,103,103,103,103,98,98,98,98,98,98,98,98,98,98,98,98,98,98,98,98,98,98,97],"gold":547,"neow_bonus":"","is_daily":false,"chose_seed":false,"campfire_upgraded":5,"win_rate":0.0,"timestamp":1608409567,"path_taken":["M","?","?","?","?","E","E","R","T","E","?","?","?","E","R","BOSS","M","?","?","?","?","E","?","E","T","$","E","$","E","E","R","BOSS","M","?","?","?","$","E","R","E","T","?","E","E","$","E","R","BOSS","R","$","E","BOSS"],"items_purchased_type":["Relic","Relic","Card","Relic","Relic","Relic","Relic","Relic","Card"],"build_version":"2020-12-13","purchased_purges":0,"victory":true,"max_hp_per_floor":[75,75,75,75,75,75,75,75,75,82,82,82,82,96,96,96,96,96,96,96,96,96,96,96,96,96,103,103,103,103,103,103,103,103,103,103,98,98,98,98,98,98,98,98,98,98,98,98,98,98,98,98,98,98,98],"card_choices":[{"not_picked":["Shrug It Off","FlyingSleeves"],"picked":"Capacitor","floor":1.0},{"not_picked":["Streamline","Coolheaded"],"picked":"Heavy Blade","floor":2.0},{"not_picked":["Heel Hook","Judgement","Backflip"],"picked":"SKIP","floor":3.0},{"not_picked":["Vengeance","Pommel Strike","Body Slam"],"picked":"SKIP","floor":5.0},{"not_picked":["Gash","Rampage"],"picked":"Core Surge","floor":6.0},{"not_picked":["True Grit","Power Through"],"picked":"Bullet Time","floor":7.0},{"not_picked":["Ball Lightning","Dagger Spray","Darkness"],"picked":"SKIP","floor":10.0},{"not_picked":["Dagger Spray","Pray"],"picked":"Dark Embrace","floor":14.0},{"not_picked":["Brilliance","Corpse Explosion"],"picked":"Wish","floor":16.0},{"not_picked":["Coolheaded","Metallicize","Beam Cell"],"picked":"SKIP","floor":18.0},{"not_picked":["Iron Wave","Whirlwind","WreathOfFlame"],"picked":"SKIP","floor":22.0},{"not_picked":["Genetic Algorithm","Flying Knee","Berserk"],"picked":"SKIP","floor":23.0},{"not_picked":["Dagger Spray","Meditate","Pray"],"picked":"SKIP","floor":25.0},{"not_picked":["Backflip+1","Havoc","Blood for Blood"],"picked":"SKIP","floor":28.0},{"not_picked":["Darkness","Blasphemy","Ball Lightning+1"],"picked":"SKIP","floor":30.0},{"not_picked":["Footwork+1","Body Slam","Dark Embrace"],"picked":"SKIP","floor":31.0},{"not_picked":["Establishment","Limit Break"],"picked":"Bludgeon","floor":33.0},{"not_picked":["BootSequence+1","LikeWater","FlyingSleeves"],"picked":"SKIP","floor":35.0},{"not_picked":["Evaluate+1","Collect+1","Perfected Strike"],"picked":"SKIP","floor":40.0},{"not_picked":["Dark Embrace+1","Clothesline+1"],"picked":"WheelKick+1","floor":42.0},{"not_picked":["PiercingWail+1","Thunderclap","Second Wind+1"],"picked":"SKIP","floor":45.0},{"not_picked":["PiercingWail+1","Sweeping Beam","Protect+1"],"picked":"SKIP","floor":46},{"not_picked":["Cold Snap+1","Gash"],"picked":"Limit Break+1","floor":48},{"not_picked":["Go for the Eyes+1","Compile Driver","Intimidate+1"],"picked":"SKIP","floor":54}],"player_experience":476922,"relics_obtained":[{"floor":6.0,"key":"Du-Vu Doll"},{"floor":7.0,"key":"Ancient Tea Set"},{"floor":10.0,"key":"Strawberry"},{"floor":12.0,"key":"Oddly Smooth Stone"},{"floor":14.0,"key":"Mango"},{"floor":19.0,"key":"Necronomicon"},{"floor":23.0,"key":"War Paint"},{"floor":25.0,"key":"Mummified Hand"},{"floor":26.0,"key":"Mercury Hourglass"},{"floor":28.0,"key":"Vajra"},{"floor":30.0,"key":"Ice Cream"},{"floor":31.0,"key":"Ornamental Fan"},{"floor":36.0,"key":"Potion Belt"},{"floor":40.0,"key":"Matryoshka"},{"floor":42.0,"key":"Anchor"},{"floor":43.0,"key":"Omamori"},{"floor":43.0,"key":"Sundial"},{"floor":44.0,"key":"MawBank"},{"floor":44.0,"key":"Centennial Puzzle"},{"floor":45.0,"key":"Cables"},{"floor":46,"key":"Toxic Egg 2"},{"floor":48,"key":"Happy Flower"},{"floor":54,"key":"Gremlin Horn"}],"event_choices":[{"damage_healed":0.0,"max_hp_gain":0.0,"max_hp_loss":0.0,"gold_gain":0.0,"event_name":"FaceTrader","player_choice":"Trade","floor":4.0,"gold_loss":0.0,"damage_taken":0.0,"relics_obtained":["SsserpentHead"]},{"damage_healed":0.0,"max_hp_gain":0.0,"max_hp_loss":0.0,"gold_gain":0.0,"event_name":"Scrap Ooze","player_choice":"Success","floor":11.0,"gold_loss":0.0,"damage_taken":12.0,"relics_obtained":["PreservedInsect"]},{"cards_removed":["Headbutt"],"damage_healed":0.0,"max_hp_gain":0.0,"max_hp_loss":0.0,"gold_gain":0.0,"event_name":"The Cleric","player_choice":"Card Removal","floor":13.0,"gold_loss":50.0,"damage_taken":0.0},{"damage_healed":0.0,"max_hp_gain":0.0,"max_hp_loss":0.0,"gold_gain":0.0,"event_name":"Cursed Tome","player_choice":"Obtained Book","floor":19.0,"gold_loss":0.0,"damage_taken":16.0},{"cards_removed":["Reinforced Body"],"damage_healed":0.0,"max_hp_gain":0.0,"max_hp_loss":0.0,"gold_gain":0.0,"event_name":"Back to Basics","player_choice":"Elegance","floor":20.0,"gold_loss":0.0,"damage_taken":0.0},{"damage_healed":0.0,"max_hp_gain":0.0,"max_hp_loss":0.0,"gold_gain":0.0,"event_name":"Lab","player_choice":"Got Potions","floor":21.0,"gold_loss":0.0,"damage_taken":0.0},{"damage_healed":0.0,"max_hp_gain":0.0,"max_hp_loss":0.0,"gold_gain":100.0,"event_name":"Golden Shrine","player_choice":"Pray","floor":24.0,"gold_loss":0.0,"damage_taken":0.0},{"damage_healed":0.0,"max_hp_gain":0.0,"max_hp_loss":5.0,"gold_gain":0.0,"event_name":"Winding Halls","player_choice":"Max HP","floor":37.0,"gold_loss":0.0,"damage_taken":0.0},{"damage_healed":0.0,"max_hp_gain":0.0,"max_hp_loss":0.0,"gold_gain":0.0,"event_name":"Tomb of Lord Red Mask","player_choice":"Ignored","floor":38.0,"gold_loss":0.0,"damage_taken":0.0}],"is_beta":false,"boss_relics":[{"not_picked":["Runic Dome","Sozu"],"picked":"Empty Cage"},{"not_picked":["Astrolabe","Velvet Choker"],"picked":"Coffee Dripper"}],"items_purged_floors":[],"is_endless":false,"potions_floor_spawned":[3,6,10,18,28,31,33,35,40],"ascension_level":10}}