{"host":"ydb2tj77qwtn71sy","time":1608382442,"event":{"mods":["2.2 Compatiblity","AchievementEnabler","Aspiration","BaseMod","Bestiary","Better Note","Better Skull","Better Third Choice","BetterRewards","Colored Map","Colored Powertips","Conspire","DeckTracker","Displayed Cursed Tome","Infinite Spire","Lobotomy","Minty Spire (QoL Compilation)","Relic Stats","Replay The Spire","Spicy Shops","StSLib","The Blue Laboratory","Uncapped"],"gold_per_floor":[111,127,141,161,181,206,220,90,115,115,165,165,165,184,184,283,283,295,309,309,309],"floor_reached":20,"playtime":1034,"items_purged":[],"score":348,"play_id":"115d26a5-a663-45bc-84db-d8299c8ff6ce","local_time":"20201219215402","is_ascension_mode":true,"campfire_choices":[{"floor":10,"key":"REST"},{"data":"Noxious Fumes","floor":13,"key":"SMITH"},{"data":"Neutralize","floor":15,"key":"SMITH"}],"circlet_count":0,"master_deck":["Strike_G","Strike_G","Strike_G","Strike_G","Strike_G+1","Defend_G","Defend_G","Defend_G","Defend_G","Defend_G","Survivor","Neutralize+1","Blade Dance","Skewer","Flying Knee","Poisoned Stab","Dash","Bane","Crippling Poison","Escape Plan","Outmaneuver","Sucker Punch","Noxious Fumes+1","Deadly Poison","Footwork","Phantasmal Killer","Hidden Blade+1","Deflect"],"relics":["Ring of the Snake","Sling","Mirror","Replay:Wax Seal","conspire:TopHat","aspiration:TomeofQuesting","Busted Crown"],"acts_visited":["Exordium","TheCity"],"potions_floor_usage":[18],"damage_taken":[{"damage":10,"enemies":"conspire:RoseBush","floor":1,"turns":3},{"damage":0,"enemies":"2 Louse","floor":2,"turns":2},{"damage":1,"enemies":"Jaw Worm","floor":3,"turns":2},{"damage":0,"enemies":"2 Fungi Beasts","floor":4,"turns":3},{"damage":3,"enemies":"Gremlin Gang","floor":5,"turns":4},{"damage":5,"enemies":"Replay:BlueRogue","floor":6,"turns":8},{"damage":11,"enemies":"Lots of Slimes","floor":7,"turns":5},{"damage":6,"enemies":"Large Slime","floor":14,"turns":6},{"damage":24,"enemies":"Hexaghost","floor":16,"turns":9},{"damage":20,"enemies":"2 Thieves","floor":18,"turns":4},{"damage":17,"enemies":"Spheric Guardian","floor":19,"turns":5},{"damage":23,"enemies":"conspire:HollyBat","floor":20,"turns":8}],"seed_played":"-7338726362984730779","potions_obtained":[{"floor":1,"key":"Strength Potion"},{"floor":2,"key":"GamblersBrew"},{"floor":6,"key":"Swift Potion"}],"is_trial":false,"path_per_floor":["M","M","M","M","M","E","M","$","T","R","?","?","R","M","R","B",null,"M","M","M"],"character_chosen":"THE_SILENT","items_purchased":["Sling","Mirror","Replay:Wax Seal","Blade Dance","Skewer","Flying Knee","Noxious Fumes","Deadly Poison"],"campfire_rested":1,"item_purchase_floors":[0,0,0,0,0,0,8,8],"current_hp_per_floor":[60,60,59,59,56,51,40,40,40,61,61,61,61,55,55,31,60,40,23,0,0],"gold":309,"neow_bonus":"","is_daily":false,"chose_seed":false,"campfire_upgraded":2,"win_rate":0.0,"timestamp":1608382442,"path_taken":["M","M","M","M","M","E","M","$","T","R","?","?","R","M","R","BOSS","M","M","M"],"items_purchased_type":["Relic","Relic","Relic","Card","Card","Card","Card","Card"],"build_version":"2020-12-13","purchased_purges":0,"victory":false,"max_hp_per_floor":[70,70,70,70,70,70,70,70,70,70,70,70,70,70,70,70,70,70,70,70,70],"relic_stats":{"Busted Crown":6,"counters":[46,207],"obtain_stats":[{"Ice Cream":46,"Divine Protection":43,"Lantern":0,"Replay:PocketPolymizer":24,"Spirit Poop":20,"Blue Doll":9,"conspire:SpecialSausage":34,"aspiration:TomeofQuesting":9,"Cursed Key":21,"Sling":0,"conspire:TopHat":43,"Nunchaku":14,"HornCleat":3,"Matryoshka":26,"MealTicket":9,"Toxic Egg 2":4,"Replay:Wax Seal":0,"Ring of the Snake":0,"Eternal Feather":6,"ReplayTheSpireMod:SealedPack":17,"aspiration:HummingbirdHeart":28,"Orichalcum":44,"Busted Crown":17,"infinitespire:Satchel":21,"Mirror":0},{"Ice Cream":33,"Divine Protection":31,"Lantern":6,"Replay:PocketPolymizer":19,"Spirit Poop":17,"Blue Doll":11,"conspire:SpecialSausage":25,"aspiration:TomeofQuesting":41,"Cursed Key":17,"Sling":34,"conspire:TopHat":31,"Nunchaku":14,"HornCleat":1,"Matryoshka":20,"MealTicket":5,"Toxic Egg 2":8,"Replay:Wax Seal":34,"Ring of the Snake":0,"Eternal Feather":10,"ReplayTheSpireMod:SealedPack":15,"aspiration:HummingbirdHeart":21,"Orichalcum":32,"Busted Crown":43,"infinitespire:Satchel":17,"Mirror":34},{"Ice Cream":145,"Divine Protection":134,"Lantern":19,"Replay:PocketPolymizer":86,"Spirit Poop":81,"Blue Doll":44,"conspire:SpecialSausage":109,"aspiration:TomeofQuesting":175,"Cursed Key":81,"Sling":148,"conspire:TopHat":134,"Nunchaku":53,"HornCleat":2,"Matryoshka":89,"MealTicket":12,"Toxic Egg 2":27,"Replay:Wax Seal":148,"Ring of the Snake":0,"Eternal Feather":41,"ReplayTheSpireMod:SealedPack":69,"aspiration:HummingbirdHeart":96,"Orichalcum":142,"Busted Crown":190,"infinitespire:Satchel":81,"Mirror":148}],"Ring of the Snake":[92]},"card_choices":[{"not_picked":["Choke","Masterful Stab"],"picked":"Poisoned Stab","floor":1},{"not_picked":["Dodge and Roll","Outmaneuver"],"picked":"Dash","floor":2},{"not_picked":["Predator","Draining Mist"],"picked":"Bane","floor":3},{"not_picked":["Well Laid Plans","Acrobatics"],"picked":"Crippling Poison","floor":4},{"not_picked":["Crippling Poison","Cloak And Dagger"],"picked":"Escape Plan","floor":5},{"not_picked":["Malaise","Backflip"],"picked":"Outmaneuver","floor":6},{"not_picked":["Cloak And Dagger","Sneak Up"],"picked":"Sucker Punch","floor":7},{"not_picked":["ReplayTheSpireMod:Speed Training","Quick Slash"],"picked":"Footwork","floor":14},{"not_picked":["Atom Bomb","Tools of the Trade"],"picked":"Phantasmal Killer","floor":16},{"not_picked":[],"picked":"Hidden Blade+1","floor":18},{"not_picked":[],"picked":"Deflect","floor":19}],"player_experience":368996,"relics_obtained":[{"floor":6,"key":"conspire:TopHat"},{"floor":9,"key":"aspiration:TomeofQuesting"}],"event_choices":[{"damage_healed":0,"gold_gain":50,"player_choice":"Gained Gold","damage_taken":0,"max_hp_gain":0,"max_hp_loss":0,"event_name":"Golden Wing","floor":11,"gold_loss":0}],"is_beta":false,"boss_relics":[{"not_picked":["Replay:Wanted Poster","Astrolabe"],"picked":"Busted Crown"}],"items_purged_floors":[],"is_endless":false,"potions_floor_spawned":[1,2,6,7,16],"killed_by":"conspire:HollyBat","ascension_level":5}}