{"host":"ya062ahhhuj9au1o","time":1608341700,"event":{"mods":["BaseMod","Better Third Choice","Filter the Spire","Hermit","Minty Spire (QoL Compilation)","Random Character Button","Robot Space Explorer","Somnambulant","StSLib","The Bug Knight","The Cursed","The Servant 0.9.4"],"gold_per_floor":[118,118,118,138,114,114,141,163,190,201,201,201,201,213,213,309,309,328,342,373,373,390,390,420,340,392,392,392,311,311,323,323,418,418,435,435,455,470,470,470,482,482,482,482,501,551,186,213,213,213],"floor_reached":51,"playtime":3164,"items_purged":["RobotSpaceExplorer:ShockKick+1"],"score":1046,"play_id":"18779f8a-033f-4969-a28e-eef3c9afd45f","local_time":"20201218203500","is_ascension_mode":true,"campfire_choices":[{"data":"RobotSpaceExplorer:Pulsar","floor":6.0,"key":"SMITH"},{"floor":13.0,"key":"REST"},{"data":"RobotSpaceExplorer:Fix","floor":15.0,"key":"SMITH"},{"data":"RobotSpaceExplorer:LuckyStrike","floor":23.0,"key":"SMITH"},{"data":"RobotSpaceExplorer:MiniBoosters","floor":27.0,"key":"SMITH"},{"data":"RobotSpaceExplorer:Scan","floor":30.0,"key":"SMITH"},{"data":"RobotSpaceExplorer:MiniDrones","floor":32.0,"key":"SMITH"},{"data":"RobotSpaceExplorer:MiniLasers","floor":40,"key":"SMITH"},{"data":"RobotSpaceExplorer:Ammunition","floor":42,"key":"SMITH"},{"data":"RobotSpaceExplorer:RigExplosive","floor":49,"key":"SMITH"}],"circlet_count":0,"master_deck":["RobotSpaceExplorer:Scan+1","RobotSpaceExplorer:MiniLasers+1","RobotSpaceExplorer:RigExplosive","RobotSpaceExplorer:Ammunition+1","RobotSpaceExplorer:Discharger+1","RobotSpaceExplorer:ShockMissile+1","RobotSpaceExplorer:LuckyStrike+1","RobotSpaceExplorer:StarLightning+1","RobotSpaceExplorer:Fix+1","RobotSpaceExplorer:ScrapMissile","RobotSpaceExplorer:MiniBoosters+1","RobotSpaceExplorer:ScrapToss+1","RobotSpaceExplorer:GlueShot+1","RobotSpaceExplorer:MiniBoosters+1","RobotSpaceExplorer:RigExplosive+1","RobotSpaceExplorer:MiniDrones+1","RobotSpaceExplorer:ScrapMissile","RobotSpaceExplorer:ScrapToss+1","RobotSpaceExplorer:JunkDive","RobotSpaceExplorer:MiniDrones+1","RobotSpaceExplorer:JunkDive+1","RobotSpaceExplorer:Probe+1","RobotSpaceExplorer:MiniDrones+1","RobotSpaceExplorer:ScrapMissile","Good Instincts","RobotSpaceExplorer:ExhaustFan","RobotSpaceExplorer:ScrapMissile+1"],"relics":["Pandora\u0027s Box","betterThird:SlimedRelic","StrikeDummy","Odd Mushroom","Oddly Smooth Stone","Toy Ornithopter","Red Mask","Ancient Tea Set","Bag of Marbles","Runic Pyramid","Eternal Feather","Unceasing Top","Orrery","Letter Opener"],"acts_visited":["Exordium","TheCity","TheBeyond"],"potions_floor_usage":[38,38,41,45,46,48,48,50,50,50],"damage_taken":[{"damage":4.0,"enemies":"Small Slimes","floor":1.0,"turns":3.0},{"damage":0.0,"enemies":"2 Louse","floor":4.0,"turns":2.0},{"damage":9.0,"enemies":"Gremlin Nob","floor":7.0,"turns":3.0},{"damage":5.0,"enemies":"The Mushroom Lair","floor":8.0,"turns":3.0},{"damage":0.0,"enemies":"Cultist","floor":10.0,"turns":3.0},{"damage":0.0,"enemies":"3 Louse","floor":14.0,"turns":3.0},{"damage":0.0,"enemies":"Slime Boss","floor":16.0,"turns":7.0},{"damage":0.0,"enemies":"2 Thieves","floor":18.0,"turns":4.0},{"damage":0.0,"enemies":"Chosen","floor":19.0,"turns":4.0},{"damage":0.0,"enemies":"Masked Bandits","floor":20.0,"turns":3.0},{"damage":7.0,"enemies":"Centurion and Healer","floor":22.0,"turns":6.0},{"damage":0.0,"enemies":"Book of Stabbing","floor":24.0,"turns":4.0},{"damage":0.0,"enemies":"Cultist and Chosen","floor":31.0,"turns":4.0},{"damage":12.0,"enemies":"Champ","floor":33.0,"turns":7.0},{"damage":11.0,"enemies":"3 Darklings","floor":35.0,"turns":3.0},{"damage":0.0,"enemies":"Orb Walker","floor":37.0,"turns":2.0},{"damage":0,"enemies":"Maw","floor":38,"turns":6},{"damage":2,"enemies":"Sphere and 2 Shapes","floor":41,"turns":3},{"damage":5,"enemies":"3 Darklings","floor":45,"turns":3},{"damage":18,"enemies":"Mind Bloom Boss Battle","floor":46,"turns":4},{"damage":14,"enemies":"Reptomancer","floor":48,"turns":6},{"damage":0,"enemies":"Donu and Deca","floor":50,"turns":6}],"seed_played":"-582361413834550658","potions_obtained":[{"floor":1.0,"key":"Block Potion"},{"floor":4.0,"key":"AttackPotion"},{"floor":10.0,"key":"FearPotion"},{"floor":20.0,"key":"SteroidPotion"}],"is_trial":false,"path_per_floor":["M","?","?","M","?","R","E","?","T","M","?","?","R","M","R","B",null,"M","M","?","$","M","R","E","$","T","R","?","$","R","M","R","B",null,"M","?","M","M","?","R","M","R","T","?","M","?","$","E","R","B",null],"character_chosen":"RobotSpaceExplorer","items_purchased":["RobotSpaceExplorer:MiniBoosters","RobotSpaceExplorer:RigExplosive","Orrery","Good Instincts","RobotSpaceExplorer:ExhaustFan"],"campfire_rested":1,"item_purchase_floors":[25,29,47,47,47],"current_hp_per_floor":[64,64,49,53,42,42,33,32,32,36,29,29,51,55,55,66,73,75,75,75,75,68,68,73,73,73,73,59,59,59,70,70,68,77,69,69,69,80,76,76,76,76,76,76,71,63,63,65,76,76],"gold":213,"neow_bonus":"BOSS_RELIC","is_daily":false,"chose_seed":false,"campfire_upgraded":9,"win_rate":0.0,"timestamp":1608341700,"path_taken":["M","?","?","M","?","R","E","?","T","M","?","?","R","M","R","BOSS","M","?","?","$","M","R","E","$","T","R","?","$","R","M","R","BOSS","M","?","?","M","?","R","M","R","T","?","M","?","$","E","R","BOSS"],"items_purchased_type":["Card","Card","Relic","Card","Card"],"build_version":"2020-12-13","purchased_purges":1,"victory":true,"max_hp_per_floor":[75,75,75,75,75,75,75,75,75,75,75,75,75,75,75,75,75,75,75,75,75,75,75,75,75,75,75,80,80,80,80,80,80,80,80,80,80,80,76,76,76,76,76,76,76,76,76,76,76,76],"card_choices":[{"not_picked":["RobotSpaceExplorer:FreezingShield","RobotSpaceExplorer:MetalStrike"],"picked":"RobotSpaceExplorer:Fix","floor":1.0},{"not_picked":["RobotSpaceExplorer:FranticSearch","RobotSpaceExplorer:DoubleBlock"],"picked":"RobotSpaceExplorer:Pulsar","floor":4.0},{"not_picked":["RobotSpaceExplorer:Counterblock","RobotSpaceExplorer:Ammunition"],"picked":"RobotSpaceExplorer:ScrapMissile","floor":7.0},{"not_picked":["RobotSpaceExplorer:Jetpack","RobotSpaceExplorer:BigMissile"],"picked":"RobotSpaceExplorer:JunkDive","floor":8.0},{"not_picked":["RobotSpaceExplorer:MetalStrike","RobotSpaceExplorer:FranticSearch"],"picked":"RobotSpaceExplorer:MiniBoosters","floor":10.0},{"not_picked":["RobotSpaceExplorer:FranticSearch","RobotSpaceExplorer:Smokescreen","RobotSpaceExplorer:GlueSpray"],"picked":"SKIP","floor":14.0},{"not_picked":["RobotSpaceExplorer:SurgingStrike","RobotSpaceExplorer:MakeshiftVolley","RobotSpaceExplorer:TurboDodge+1"],"picked":"SKIP","floor":18.0},{"not_picked":["RobotSpaceExplorer:DualCore","RobotSpaceExplorer:Pulsar","RobotSpaceExplorer:ShockKick"],"picked":"SKIP","floor":19.0},{"not_picked":["RobotSpaceExplorer:Pulsar","RobotSpaceExplorer:Asteroid"],"picked":"RobotSpaceExplorer:ScrapToss+1","floor":20.0},{"not_picked":["RobotSpaceExplorer:ShockKick","RobotSpaceExplorer:FrostMissile"],"picked":"RobotSpaceExplorer:GlueShot+1","floor":22.0},{"not_picked":["RobotSpaceExplorer:GlueShot","RobotSpaceExplorer:FranticSearch","RobotSpaceExplorer:StarDust+1"],"picked":"SKIP","floor":24.0},{"not_picked":["RobotSpaceExplorer:ScrapMissile+1","RobotSpaceExplorer:StarLightning"],"picked":"RobotSpaceExplorer:MiniDrones","floor":31.0},{"not_picked":["RobotSpaceExplorer:ShockKick","RobotSpaceExplorer:Probe"],"picked":"RobotSpaceExplorer:ScrapMissile","floor":35.0},{"not_picked":["RobotSpaceExplorer:GlueShot+1","RobotSpaceExplorer:FreezeRay+1","RobotSpaceExplorer:Pulsar+1"],"picked":"SKIP","floor":37.0},{"not_picked":["RobotSpaceExplorer:StarLightning+1","RobotSpaceExplorer:Discharger+1"],"picked":"RobotSpaceExplorer:ScrapToss+1","floor":38},{"not_picked":["RobotSpaceExplorer:MetalStrike","RobotSpaceExplorer:FrostMissile+1"],"picked":"RobotSpaceExplorer:ShockKick+1","floor":41},{"not_picked":["RobotSpaceExplorer:BigMissile","RobotSpaceExplorer:ImprovisedAttack","RobotSpaceExplorer:JunkDive"],"picked":"SKIP","floor":45},{"not_picked":["RobotSpaceExplorer:BigMissile","RobotSpaceExplorer:ImprovisedAttack"],"picked":"RobotSpaceExplorer:JunkDive","floor":45},{"not_picked":["RobotSpaceExplorer:StarLightning+1","RobotSpaceExplorer:Electroshield"],"picked":"RobotSpaceExplorer:MiniDrones+1","floor":46},{"not_picked":["RobotSpaceExplorer:FranticSearch","RobotSpaceExplorer:PowerCollector"],"picked":"RobotSpaceExplorer:JunkDive+1","floor":47},{"not_picked":["RobotSpaceExplorer:RigExplosive+1","RobotSpaceExplorer:Blaster"],"picked":"RobotSpaceExplorer:Probe+1","floor":47},{"not_picked":["RobotSpaceExplorer:GlueSpray+1","RobotSpaceExplorer:SlimeMissile+1"],"picked":"RobotSpaceExplorer:MiniDrones+1","floor":47},{"not_picked":["RobotSpaceExplorer:SurgingShield","RobotSpaceExplorer:Pulsar"],"picked":"RobotSpaceExplorer:ScrapMissile","floor":47},{"not_picked":["RobotSpaceExplorer:SwiftStep+1","RobotSpaceExplorer:ShovelStrike"],"picked":"RobotSpaceExplorer:ScrapMissile+1","floor":48}],"player_experience":1643909,"relics_obtained":[{"floor":7.0,"key":"StrikeDummy"},{"floor":8.0,"key":"Odd Mushroom"},{"floor":9.0,"key":"Oddly Smooth Stone"},{"floor":20.0,"key":"Red Mask"},{"floor":24.0,"key":"Ancient Tea Set"},{"floor":26.0,"key":"Bag of Marbles"},{"floor":43,"key":"Eternal Feather"},{"floor":46,"key":"Unceasing Top"},{"floor":48,"key":"Letter Opener"}],"event_choices":[{"damage_healed":0.0,"max_hp_gain":0.0,"max_hp_loss":0.0,"gold_gain":0.0,"event_name":"Living Wall","player_choice":"Grow","floor":2.0,"gold_loss":0.0,"damage_taken":0.0,"cards_upgraded":["RobotSpaceExplorer:StarLightning"]},{"damage_healed":64.0,"max_hp_gain":0.0,"max_hp_loss":75.0,"gold_gain":0.0,"event_name":"betterThird:BetterShining","player_choice":"Upgrade","floor":3.0,"gold_loss":0.0,"damage_taken":15.0,"cards_upgraded":["RobotSpaceExplorer:Discharger","RobotSpaceExplorer:ShockMissile"]},{"damage_healed":0.0,"max_hp_gain":0.0,"max_hp_loss":0.0,"gold_gain":0.0,"event_name":"betterThird:BetterGoop","player_choice":"Slimed","floor":5.0,"gold_loss":24.0,"damage_taken":11.0},{"damage_healed":0.0,"max_hp_gain":0.0,"max_hp_loss":0.0,"gold_gain":0.0,"event_name":"Mushrooms","player_choice":"Fought Mushrooms","floor":8.0,"gold_loss":0.0,"damage_taken":0.0},{"damage_healed":0.0,"max_hp_gain":0.0,"max_hp_loss":0.0,"gold_gain":0.0,"event_name":"betterThird:BetterScrap","player_choice":"Relic ","floor":11.0,"gold_loss":0.0,"damage_taken":7.0,"cards_obtained":["Concentrate"]},{"damage_healed":0.0,"max_hp_gain":0.0,"max_hp_loss":0.0,"gold_gain":0.0,"event_name":"Upgrade Shrine","player_choice":"Upgraded","floor":12.0,"gold_loss":0.0,"damage_taken":0.0,"cards_upgraded":["RobotSpaceExplorer:MiniBoosters"]},{"damage_healed":0.0,"max_hp_gain":0.0,"max_hp_loss":0.0,"gold_gain":0.0,"event_name":"Masked Bandits","player_choice":"Fought Bandits","floor":20.0,"gold_loss":0.0,"damage_taken":0.0},{"damage_healed":0.0,"max_hp_gain":5.0,"max_hp_loss":0.0,"gold_gain":0.0,"event_name":"Forgotten Altar","player_choice":"Shed Blood","floor":28.0,"gold_loss":0.0,"damage_taken":19.0},{"cards_removed":["RobotSpaceExplorer:Pulsar"],"damage_healed":0.0,"max_hp_gain":0.0,"max_hp_loss":0.0,"gold_gain":0.0,"event_name":"Purifier","player_choice":"Purged","floor":36.0,"gold_loss":0.0,"damage_taken":0.0},{"damage_healed":0,"gold_gain":0,"player_choice":"Max HP","damage_taken":0,"max_hp_gain":0,"max_hp_loss":4,"event_name":"Winding Halls","floor":39,"gold_loss":0},{"cards_removed":["RobotSpaceExplorer:JunkDive"],"damage_healed":0,"gold_gain":0,"player_choice":"Removed Skill","damage_taken":0,"max_hp_gain":0,"max_hp_loss":0,"event_name":"Falling","floor":44,"gold_loss":0},{"damage_healed":0,"gold_gain":0,"player_choice":"Fight","damage_taken":0,"max_hp_gain":0,"max_hp_loss":0,"event_name":"MindBloom","floor":46,"gold_loss":0}],"is_beta":false,"boss_relics":[{"not_picked":["Snecko Eye","Busted Crown","Astrolabe"]},{"not_picked":["Philosopher\u0027s Stone","SlaversCollar"],"picked":"Runic Pyramid"}],"items_purged_floors":[47],"is_endless":false,"potions_floor_spawned":[1,4,10,14,20,22,31,38,41,46],"ascension_level":6}}