{"host":"lyyljzh2o9w4r18r","time":1608367030,"event":{"mods":["BaseMod","Minty Spire (QoL Compilation)","StSLib"],"gold_per_floor":[117,192,30,30,45,77,77,96,145,245,259,285,297,312,312,417,417,435,186,186,105,105,105,20,51,75,93,93,93,93,93,93,193,193,207,111,111,130,149,175,175,175,175,30,30,30,42,71,83,95],"floor_reached":51,"playtime":2616,"items_purged":["Defend_G","Eviscerate"],"score":993,"play_id":"9ca0d723-6687-472f-8fa8-16e8be9b849e","local_time":"20201219173710","is_ascension_mode":true,"campfire_choices":[{"data":"Infinite Blades","floor":7.0,"key":"SMITH"},{"floor":15.0,"key":"REST"},{"data":"Accuracy","floor":23.0,"key":"SMITH"},{"floor":28.0,"key":"REST"},{"floor":30.0,"key":"REST"},{"data":"After Image","floor":32.0,"key":"SMITH"},{"floor":41,"key":"REST"},{"floor":45,"key":"REST"},{"floor":49,"key":"REST"}],"circlet_count":0,"master_deck":["Survivor","Neutralize","Infinite Blades+1","Cloak And Dagger","PiercingWail","Blade Dance","Cloak And Dagger","Noxious Fumes","Deadly Poison","Doppelganger","After Image+1","A Thousand Cuts","Footwork","Prepared","Infinite Blades","Acrobatics","Accuracy+1","Backflip","Accuracy+1","A Thousand Cuts+1","Reflex+1","Bullet Time+1","Blade Dance+1","Masterful Stab+1","Well Laid Plans+1","Blur+1","Transmutation"],"relics":["Ring of the Snake","NeowsBlessing","Centennial Puzzle","Snake Skull","Orichalcum","Pandora\u0027s Box","Tough Bandages","Blood Vial","Paper Crane","Juzu Bracelet","Astrolabe","PreservedInsect","Molten Egg 2","Chemical X","MawBank"],"acts_visited":["TheCity","TheBeyond"],"potions_floor_usage":[50,50],"damage_taken":[{"damage":0.0,"enemies":"Jaw Worm","floor":1.0,"turns":1.0},{"damage":0.0,"enemies":"2 Louse","floor":5.0,"turns":1.0},{"damage":0.0,"enemies":"3 Sentries","floor":6.0,"turns":2.0},{"damage":1.0,"enemies":"Small Slimes","floor":8.0,"turns":4.0},{"damage":2.0,"enemies":"Red Slaver","floor":11.0,"turns":3.0},{"damage":10.0,"enemies":"Lagavulin","floor":12.0,"turns":6.0},{"damage":5.0,"enemies":"Looter","floor":13.0,"turns":3.0},{"damage":3.0,"enemies":"Blue Slaver","floor":14.0,"turns":3.0},{"damage":28.0,"enemies":"Hexaghost","floor":16.0,"turns":6.0},{"damage":16.0,"enemies":"Shell Parasite","floor":18.0,"turns":6.0},{"damage":26.0,"enemies":"Book of Stabbing","floor":25.0,"turns":6.0},{"damage":13.0,"enemies":"2 Thieves","floor":27.0,"turns":4.0},{"damage":3.0,"enemies":"Champ","floor":33.0,"turns":11.0},{"damage":9.0,"enemies":"Orb Walker","floor":35.0,"turns":3.0},{"damage":18,"enemies":"3 Shapes","floor":38,"turns":2},{"damage":0,"enemies":"Transient","floor":39,"turns":5},{"damage":37,"enemies":"Nemesis","floor":40,"turns":5},{"damage":6,"enemies":"Spire Growth","floor":47,"turns":4},{"damage":0,"enemies":"Giant Head","floor":48,"turns":5},{"damage":73,"enemies":"Time Eater","floor":50,"turns":8}],"seed_played":"-7016559828053259549","potions_obtained":[{"floor":5.0,"key":"Explosive Potion"},{"floor":6.0,"key":"Strength Potion"},{"floor":11.0,"key":"SkillPotion"},{"floor":13.0,"key":"FearPotion"},{"floor":25.0,"key":"PowerPotion"},{"floor":33.0,"key":"CunningPotion"}],"is_trial":false,"path_per_floor":["M","?","$","?","M","E","R","M","T","?","M","E","M","M","R","B",null,"M","$","?","$","?","R","?","E","T","M","R","?","R","?","R","B",null,"M","$","?","M","M","E","R","?","T","$","R","?","M","E","R","B",null],"character_chosen":"THE_SILENT","items_purchased":["Infinite Blades","Cloak And Dagger","FairyPotion","Acrobatics","Accuracy","GhostInAJar","Chemical X"],"campfire_rested":6,"item_purchase_floors":[3,3,19,19,21,36,44],"current_hp_per_floor":[70,59,59,59,59,59,59,58,58,58,56,46,41,38,59,31,60,44,44,44,44,44,44,44,20,20,9,30,30,51,51,51,50,65,58,58,58,42,44,9,30,30,30,30,51,51,47,49,70,21],"gold":107,"neow_bonus":"THREE_ENEMY_KILL","is_daily":false,"chose_seed":false,"campfire_upgraded":3,"win_rate":0.0,"timestamp":1608367030,"path_taken":["M","?","$","?","M","E","R","?","T","?","M","E","?","M","R","BOSS","BOSS","M","$","?","$","?","R","?","E","T","M","R","?","R","?","R","BOSS","M","?","?","M","M","E","R","?","T","$","R","?","M","E","R","BOSS"],"items_purchased_type":["Card","Card","Potion","Card","Card","Potion","Relic"],"build_version":"2020-12-13","purchased_purges":2,"victory":true,"max_hp_per_floor":[70,70,70,70,70,70,70,70,70,70,70,70,70,70,70,70,70,70,70,70,70,70,70,70,70,70,70,70,70,70,70,70,70,70,70,70,70,70,70,70,70,70,70,70,70,70,70,70,70,70],"card_choices":[{"not_picked":["Prepared","Slice","Deflect"],"picked":"SKIP","floor":1.0},{"not_picked":["Poisoned Stab","Endless Agony"],"picked":"PiercingWail","floor":5.0},{"not_picked":["Backflip","Distraction"],"picked":"Blade Dance","floor":6.0},{"not_picked":["Venomology","Quick Slash"],"picked":"Cloak And Dagger","floor":8.0},{"not_picked":["Choke","Reflex"],"picked":"Noxious Fumes","floor":11.0},{"not_picked":["Dagger Spray","PiercingWail"],"picked":"Deadly Poison","floor":12.0},{"not_picked":["PiercingWail","Slice"],"picked":"Doppelganger","floor":13.0},{"not_picked":["Cloak And Dagger","Poisoned Stab"],"picked":"Dodge and Roll","floor":14.0},{"not_picked":["Storm of Steel","Corpse Explosion"],"picked":"After Image","floor":16.0},{"not_picked":["Endless Agony","Cloak And Dagger","Leg Sweep"],"picked":"SKIP","floor":18.0},{"not_picked":["Sucker Punch","Caltrops","Dash"],"picked":"SKIP","floor":25.0},{"not_picked":["Prepared","Dash"],"picked":"Backflip","floor":27.0},{"not_picked":["Envenom","Storm of Steel"],"picked":"A Thousand Cuts","floor":33.0},{"not_picked":["Reflex+1","Prepared+1","Flechettes"],"picked":"SKIP","floor":35.0},{"not_picked":["Reflex+1","Prepared+1","Flechettes"],"picked":"SKIP","floor":35.0},{"not_picked":["PiercingWail","Backflip+1"],"picked":"Masterful Stab+1","floor":38},{"not_picked":["Blade Dance","Outmaneuver"],"picked":"Well Laid Plans+1","floor":39},{"not_picked":["PiercingWail","Underhanded Strike+1"],"picked":"Blur+1","floor":40},{"not_picked":["Finesse","Mind Blast+1"],"picked":"Transmutation","floor":46},{"not_picked":["Eviscerate+1","Noxious Fumes+1","Slice+1"],"picked":"SKIP","floor":47},{"not_picked":["Prepared","Riddle With Holes+1","Tools of the Trade"],"picked":"SKIP","floor":48}],"player_experience":177641,"relics_obtained":[{"floor":6.0,"key":"Centennial Puzzle"},{"floor":9.0,"key":"Snake Skull"},{"floor":12.0,"key":"Orichalcum"},{"floor":25.0,"key":"Paper Crane"},{"floor":26.0,"key":"Juzu Bracelet"},{"floor":40,"key":"PreservedInsect"},{"floor":43,"key":"Molten Egg 2"},{"floor":48,"key":"MawBank"}],"event_choices":[{"damage_healed":0.0,"max_hp_gain":0.0,"max_hp_loss":0.0,"gold_gain":75.0,"event_name":"World of Goop","player_choice":"Gather Gold","floor":2.0,"gold_loss":0.0,"damage_taken":11.0},{"cards_removed":["Strike_G"],"damage_healed":0.0,"max_hp_gain":0.0,"max_hp_loss":0.0,"gold_gain":0.0,"event_name":"Living Wall","player_choice":"Forget","floor":4.0,"gold_loss":0.0,"damage_taken":0.0},{"damage_healed":0.0,"max_hp_gain":0.0,"max_hp_loss":0.0,"gold_gain":100.0,"event_name":"Golden Shrine","player_choice":"Pray","floor":10.0,"gold_loss":0.0,"damage_taken":0.0},{"damage_healed":0.0,"max_hp_gain":0.0,"max_hp_loss":0.0,"gold_gain":0.0,"event_name":"The Mausoleum","player_choice":"Opened","floor":20.0,"gold_loss":0.0,"damage_taken":0.0,"relics_obtained":["Tough Bandages"]},{"cards_removed":["Predator"],"damage_healed":0.0,"max_hp_gain":0.0,"max_hp_loss":0.0,"gold_gain":0.0,"event_name":"Back to Basics","player_choice":"Elegance","floor":22.0,"gold_loss":0.0,"damage_taken":0.0},{"damage_healed":0.0,"max_hp_gain":0.0,"max_hp_loss":0.0,"gold_gain":0.0,"event_name":"Addict","player_choice":"Obtained Relic","floor":24.0,"gold_loss":85.0,"damage_taken":0.0,"relics_obtained":["Blood Vial"]},{"damage_healed":0.0,"max_hp_gain":0.0,"max_hp_loss":0.0,"gold_gain":0.0,"event_name":"Vampires","player_choice":"Ignored","floor":29.0,"gold_loss":0.0,"damage_taken":0.0},{"damage_healed":0.0,"max_hp_gain":0.0,"max_hp_loss":0.0,"gold_gain":0.0,"event_name":"Duplicator","player_choice":"Copied","floor":31.0,"gold_loss":0.0,"damage_taken":0.0,"cards_obtained":["Accuracy"]},{"damage_healed":0.0,"max_hp_gain":0.0,"max_hp_loss":0.0,"gold_gain":0.0,"event_name":"Accursed Blacksmith","player_choice":"Forge","floor":37.0,"gold_loss":0.0,"damage_taken":0.0,"cards_upgraded":["A Thousand Cuts"]},{"damage_healed":0,"gold_gain":0,"player_choice":"Ignored","damage_taken":0,"max_hp_gain":0,"max_hp_loss":0,"event_name":"Tomb of Lord Red Mask","floor":42,"gold_loss":0},{"damage_healed":0,"gold_gain":0,"player_choice":"Memory 1","damage_taken":0,"max_hp_gain":0,"max_hp_loss":0,"event_name":"SensoryStone","floor":46,"gold_loss":0}],"is_beta":false,"boss_relics":[{"not_picked":["Sozu","SlaversCollar"],"picked":"Pandora\u0027s Box"},{"not_picked":["Philosopher\u0027s Stone","Black Star"],"picked":"Astrolabe"}],"items_purged_floors":[3,19],"is_endless":false,"potions_floor_spawned":[5,6,11,13,25,33,38,39,47],"ascension_level":5}}