{"host":"sabve5zmqufxyc5o","time":1608357776,"event":{"mods":["2.2 Compatiblity","AchievementEnabler","Act Like it!","BaseMod","Block Reminder","Colored Map","Colored Powertips","DeckTracker","KOR Keyword Fix","Keyboard Shortcuts","Minty Spire (QoL Compilation)","Quick Restart","Rare Cards Sparkle","Relic Stats","StSLib","SuperFastMode"],"gold_per_floor":[114,130,95,112,112,143,158,158,158],"floor_reached":8,"playtime":142,"items_purged":[],"score":116,"play_id":"3b4b5792-e53e-4a75-8efe-6f03112e8a32","local_time":"20201219150256","is_ascension_mode":true,"campfire_choices":[],"circlet_count":0,"master_deck":["AscendersBane","Strike_B","Strike_B","Strike_B","Strike_B","Defend_B","Defend_B","Defend_B","Defend_B","Zap+1","Dualcast","Aggregate","Genetic Algorithm","White Noise","Skim","BootSequence"],"relics":["Cracked Core","Bag of Preparation"],"acts_visited":["Exordium"],"potions_floor_usage":[8,8],"damage_taken":[{"damage":12.0,"enemies":"Small Slimes","floor":1.0,"turns":3.0},{"damage":0.0,"enemies":"2 Louse","floor":2.0,"turns":2.0},{"damage":0.0,"enemies":"Cultist","floor":4.0,"turns":4.0},{"damage":35.0,"enemies":"3 Sentries","floor":6.0,"turns":7.0},{"damage":17,"enemies":"2 Fungi Beasts","floor":7,"turns":3},{"damage":13,"enemies":"Lagavulin","floor":8,"turns":7}],"seed_played":"2962664547678557717","potions_obtained":[{"floor":5.0,"key":"Explosive Potion"},{"floor":5.0,"key":"Energy Potion"},{"floor":6.0,"key":"PowerPotion"},{"floor":7,"key":"Fire Potion"}],"is_trial":false,"path_per_floor":["M","M","?","M","?","E","M","E"],"character_chosen":"DEFECT","items_purchased":[],"campfire_rested":0,"item_purchase_floors":[],"current_hp_per_floor":[52,52,69,69,69,34,17,4,4],"gold":158,"neow_bonus":"UPGRADE_CARD","is_daily":false,"chose_seed":false,"campfire_upgraded":0,"win_rate":0.0,"timestamp":1608357776,"path_taken":["M","M","?","M","?","E","M","E"],"items_purchased_type":[],"build_version":"2020-12-13","purchased_purges":0,"victory":false,"max_hp_per_floor":[71,71,71,71,71,71,71,71,71],"relic_stats":{"counters":[6,26],"Bag of Preparation":[4],"obtain_stats":[{"Bag of Preparation":6,"Cracked Core":0},{"Bag of Preparation":4,"Cracked Core":0},{"Bag of Preparation":16,"Cracked Core":0}]},"card_choices":[{"not_picked":["Redo","Barrage"],"picked":"Aggregate","floor":1.0},{"not_picked":["Melter","Redo"],"picked":"Genetic Algorithm","floor":2.0},{"not_picked":["Storm","Reprogram"],"picked":"White Noise","floor":4.0},{"not_picked":["Auto Shields","Barrage"],"picked":"Skim","floor":6.0},{"not_picked":["Rebound","Stack"],"picked":"BootSequence","floor":7}],"player_experience":789363,"relics_obtained":[{"floor":6.0,"key":"Bag of Preparation"}],"event_choices":[{"damage_healed":17.0,"max_hp_gain":0.0,"max_hp_loss":0.0,"gold_gain":0.0,"event_name":"The Cleric","player_choice":"Healed","floor":3.0,"gold_loss":35.0,"damage_taken":0.0},{"damage_healed":0.0,"max_hp_gain":0.0,"max_hp_loss":0.0,"gold_gain":0.0,"event_name":"Lab","player_choice":"Got Potions","floor":5.0,"gold_loss":0.0,"damage_taken":0.0}],"is_beta":false,"boss_relics":[],"items_purged_floors":[],"is_endless":false,"potions_floor_spawned":[6,7],"killed_by":"Lagavulin","ascension_level":20}}