{"host":"ds1yr10zonoc6w4a","time":1608409165,"event":{"mods":["2.2 Compatiblity","AchievementEnabler","Act Like it!","BaseMod","Downfall","Elementarium","Infinite Spire","Jorbs\u0027s Wanderer Trilogy","Menagerie","Minty Spire (QoL Compilation)","Pale of the Ancients","StSLib","The Animator","Wandering Minibosses","[IsaacMod]????"],"gold_per_floor":[99,99,119,119,119,149,149,184,184,184,184],"floor_reached":10,"playtime":1001,"items_purged":[],"score":72,"play_id":"02a0023b-0824-4b28-b1e8-0a0f805edd9a","local_time":"20201219131925","is_ascension_mode":false,"campfire_choices":[{"data":"sneckomod:Unknown","floor":1,"key":"SMITH"},{"data":"sneckomod:Nope","floor":5,"key":"SMITH"}],"circlet_count":0,"master_deck":["sneckomod:Strike","sneckomod:Strike","sneckomod:Defend","sneckomod:Defend","sneckomod:Defend","sneckomod:TailWhip","sneckomod:SnekBite","sneckomod:Unknown+1","sneckomod:Unknown","DoctorFetus","Menagerie:SagesJudgement","sneckomod:Nope+1","sneckomod:IronFang","sneckomod:ImprovisedGuard","Menagerie:LightningBolt"],"relics":["sneckomod:SneckoSoul","HushsDoor","MaYiHuaBei","Menagerie:HuntersKnife","Ginger","Ice Cream","Centennial Puzzle"],"acts_visited":["Menagerie:Menagerie"],"potions_floor_usage":[6],"damage_taken":[{"damage":9,"enemies":"Menagerie:MonstrousExperiment","floor":3,"turns":3},{"damage":30,"enemies":"Menagerie:MaskedSummoner","floor":6,"turns":9},{"damage":30,"enemies":"Menagerie:VoidReaper","floor":8,"turns":6},{"damage":25,"enemies":"Menagerie:Hydra","floor":10,"turns":4}],"seed_played":"7105757798709964597","potions_obtained":[{"floor":3,"key":"sneckomod:DiceRollPotion"},{"floor":8,"key":"Slimebound:ThreeZeroPotion"}],"is_trial":false,"path_per_floor":["R","?","M","?","R","E","T","E","?","E"],"character_chosen":"THE_SNECKO","items_purchased":[],"campfire_rested":0,"item_purchase_floors":[],"current_hp_per_floor":[99,94,85,85,85,55,55,25,25,0,0],"gold":184,"neow_bonus":"TEN_PERCENT_HP_BONUS","is_daily":false,"chose_seed":false,"campfire_upgraded":2,"win_rate":0.0,"timestamp":1608409165,"path_taken":["R","?","?","?","R","E","T","E","?","E"],"items_purchased_type":[],"build_version":"2020-12-13","purchased_purges":0,"victory":false,"max_hp_per_floor":[99,99,99,92,92,92,92,92,92,92,92],"card_choices":[{"not_picked":[],"picked":"DoctorFetus","floor":0},{"not_picked":["sneckomod:Unknown1Cost","sneckomod:SoulExchange"],"picked":"sneckomod:Nope","floor":3},{"not_picked":["sneckomod:SoulRoll","sneckomod:UnknownCommonAttack"],"picked":"sneckomod:IronFang","floor":6},{"not_picked":["sneckomod:DiceCrush","sneckomod:UnknownClassSLIMEBOUND"],"picked":"sneckomod:ImprovisedGuard","floor":8}],"player_experience":444072,"relics_obtained":[{"floor":6,"key":"Ginger"},{"floor":7,"key":"Ice Cream"},{"floor":8,"key":"Centennial Puzzle"}],"event_choices":[{"damage_healed":0,"gold_gain":0,"player_choice":"Help the mage","damage_taken":5,"max_hp_gain":0,"max_hp_loss":0,"event_name":"Menagerie:MageAndMonster","floor":2,"gold_loss":0,"cards_obtained":["Menagerie:SagesJudgement"]},{"damage_healed":0,"gold_gain":0,"player_choice":"Take","damage_taken":0,"relics_obtained":["Menagerie:HuntersKnife"],"max_hp_gain":0,"max_hp_loss":7,"event_name":"Menagerie:BigGameHunter","floor":4,"gold_loss":0},{"damage_healed":0,"gold_gain":0,"cards_transformed":["sneckomod:Strike"],"player_choice":"Grasp","damage_taken":0,"max_hp_gain":0,"max_hp_loss":0,"event_name":"Menagerie:MagesHand","floor":9,"gold_loss":0,"cards_obtained":["Menagerie:LightningBolt"]}],"is_beta":false,"boss_relics":[],"items_purged_floors":[],"is_endless":false,"potions_floor_spawned":[3,8],"killed_by":"Menagerie:Hydra","ascension_level":0}}