{"host":"Teixeira","time":1608357775,"event":{"mods":["2.2 Compatiblity","Aspiration","BaseMod","Better Match","Better Note","Better Sensory Stone","Better Skull","Better Third Choice","Colored Map","Colored Powertips","Hermit","Hubris","Infinite Spire","Marked Mod","Minty Spire (QoL Compilation)","Permanent Neow","Quick Restart","Rare Cards Sparkle","Relic Filter","Replay The Spire","Spicy Shops","StSLib","SuperFastMode"],"gold_per_floor":[132,132,175,22,64,123,123,184,184,233,272,300,371,410,410,561,661,707,750,750,787,787,841,493,493,493,493,530,530,573,602,602,760,760,801,551,551,551,551,551,621,621,669,669,397,436,495,532,532,559],"floor_reached":51,"playtime":3271,"items_purged":["Defend_P","MarkedMod:FirstStrike","Strike_P","Eruption+1","Defend_P"],"score":919,"play_id":"03da33f0-1c3d-4a4e-84d8-3cdc2a407339","local_time":"20201219030255","is_ascension_mode":true,"campfire_choices":[{"data":"Eruption","floor":7.0,"key":"SMITH"},{"data":"TalkToTheHand","floor":15.0,"key":"SMITH"},{"data":"Crescendo","floor":27.0,"key":"SMITH"},{"floor":29.0,"key":"DIG"},{"floor":32.0,"key":"DIG"},{"data":"Hallucinations","floor":40.0,"key":"PURGE"},{"data":"Devotion","floor":42.0,"key":"SMITH"},{"data":"Devotion","floor":44.0,"key":"SMITH"},{"floor":49,"key":"DIG"}],"circlet_count":0,"master_deck":["Strike_P","Strike_P","Strike_P","Defend_P","Defend_P","Vigilance","WheelKick+1","SashWhip+1","TalkToTheHand+1","Devotion+1","EmptyBody","EmptyFist","CarveReality","CrushJoints","Crescendo+1","Devotion+1","Pray","Study+1","Replay:Vibes","Prostrate","Judgement"],"relics":["PureWater","aspiration:Nostalgia","Burning Blood","Golden Idol","Question Card","Replay:Bandana","Guide Book","infinitespire:Bottled Soul","FossilizedHelix","Nunchaku","aspiration:TomeofQuesting","Dream Catcher","Replay:Wanted Poster","Black Star","Ancient Tea Set","Prayer Wheel","hubris:EvacipatedBox","Happy Flower","hubris:SlimyHat","HandDrill","Replay:Multitool","Simple Rune","Bag of Preparation","aspiration:IroncladSkillbook","Blood Vial","hubris:Towel","ReplayTheSpireMod:Ring of Addiction","Chameleon Ring","hubris:EmptyBottle","Letter Opener","Du-Vu Doll","hubris:MobiusCoin","Blue Doll","Anchor","Damaru","infinitespire:CheckeredPen","Quantum Egg"],"acts_visited":["Exordium","TheCity","TheBeyond"],"potions_floor_usage":[47,50,50,50,50,50],"damage_taken":[{"damage":5.0,"enemies":"Jaw Worm","floor":1.0,"turns":4.0},{"damage":18.0,"enemies":"infinitespire:Voidling","floor":3.0,"turns":4.0},{"damage":0.0,"enemies":"Cultist","floor":5.0,"turns":3.0},{"damage":18.0,"enemies":"Lagavulin","floor":6.0,"turns":5.0},{"damage":18.0,"enemies":"3 Sentries","floor":8.0,"turns":3.0},{"damage":8.0,"enemies":"Lagavulin","floor":10.0,"turns":5.0},{"damage":14.0,"enemies":"Lots of Slimes","floor":11.0,"turns":5.0},{"damage":0.0,"enemies":"Red Slaver","floor":12.0,"turns":2.0},{"damage":2.0,"enemies":"Gremlin Nob","floor":13.0,"turns":4.0},{"damage":4.0,"enemies":"Gremlin Gang","floor":14.0,"turns":4.0},{"damage":0.0,"enemies":"Slime Boss","floor":16.0,"turns":5.0},{"damage":10.0,"enemies":"2 Thieves","floor":18.0,"turns":4.0},{"damage":6.0,"enemies":"Shell Parasite","floor":19.0,"turns":3.0},{"damage":11.0,"enemies":"Shelled Parasite and Fungi","floor":21.0,"turns":5.0},{"damage":0.0,"enemies":"Replay:Snechameleon","floor":23.0,"turns":4.0},{"damage":15.0,"enemies":"Snake Plant","floor":28.0,"turns":3.0},{"damage":0.0,"enemies":"Snecko","floor":30.0,"turns":3.0},{"damage":0.0,"enemies":"Cultist and Chosen","floor":31.0,"turns":5.0},{"damage":29.0,"enemies":"Collector","floor":33.0,"turns":4.0},{"damage":10.0,"enemies":"3 Darklings","floor":35.0,"turns":4.0},{"damage":19.0,"enemies":"Nemesis","floor":41.0,"turns":9.0},{"damage":0,"enemies":"Orb Walker","floor":46,"turns":2},{"damage":12,"enemies":"Reptomancer","floor":47,"turns":4},{"damage":0,"enemies":"Sphere and 2 Shapes","floor":48,"turns":2},{"damage":10,"enemies":"Time Eater","floor":50,"turns":4}],"seed_played":"-7439827784526011263","potions_obtained":[{"floor":3.0,"key":"Elixir"},{"floor":8.0,"key":"Dexterity Potion"},{"floor":10.0,"key":"Fire Potion"},{"floor":13.0,"key":"EssenceOfSteel"},{"floor":18.0,"key":"Regen Potion"},{"floor":21.0,"key":"Adrenaline Potion"},{"floor":28.0,"key":"EssenceOfSteel"},{"floor":33.0,"key":"FearPotion"},{"floor":38.0,"key":"DistilledChaos"},{"floor":46,"key":"AttackPotion"},{"floor":47,"key":"Explosive Potion"}],"is_trial":false,"path_per_floor":["M","?","M","$","M","E","R","E","T","E","M","M","E","M","R","B",null,"M","M","AVR","M","$","E","$","?","T","R","M","R","M","M","R","B",null,"M","$","?","?","T","R","E","R","T","R","$","M","E","M","R_BF","B",null],"character_chosen":"WATCHER","items_purchased":["Guide Book","Prayer Wheel","hubris:EvacipatedBox","Replay:Vibes","HandDrill","Blood Vial","Anchor"],"campfire_rested":0,"item_purchase_floors":[4,22,22,24,24,36,45],"current_hp_per_floor":[72,65,53,53,59,47,47,35,35,33,25,31,35,37,37,43,72,68,68,68,63,20,38,38,38,38,38,29,29,35,41,41,18,72,72,72,72,72,72,72,63,63,63,63,63,70,68,70,70,70],"gold":559,"neow_bonus":"NOSTALGIA","is_daily":false,"chose_seed":false,"campfire_upgraded":5,"win_rate":0.0,"timestamp":1608357775,"path_taken":["M","?","?","$","M","E","R","E","T","E","?","M","E","M","R","BOSS","M","M","AVR","?","?","E","$","?","T","R","M","R","M","M","R","BOSS","M","$","?","?","?","R","E","R","T","R","$","M","E","M","R_BF","BOSS"],"items_purchased_type":["Relic","Relic","Relic","Card","Relic","Relic","Relic"],"build_version":"2020-11-17","purchased_purges":5,"victory":true,"max_hp_per_floor":[72,72,72,72,72,72,72,72,72,72,72,72,72,72,72,72,72,72,72,72,72,72,72,72,72,72,72,72,72,72,72,72,72,72,72,72,72,72,72,72,72,72,72,72,72,70,70,70,70,70],"card_choices":[{"not_picked":["LikeWater","Replay:ManipulateFuture","Evaluate"],"picked":"WheelKick","floor":1.0},{"not_picked":["JustLucky","WreathOfFlame","Nirvana"],"picked":"SashWhip","floor":3.0},{"not_picked":["MarkedMod:GentlePulse","Protect","Evaluate","FlurryOfBlows"],"picked":"SKIP","floor":5.0},{"not_picked":["InnerPeace","BattleHymn","Crescendo"],"picked":"TalkToTheHand","floor":6.0},{"not_picked":["CrushJoints","Perseverance","Adaptation"],"picked":"Devotion","floor":8.0},{"not_picked":["ClearTheMind","ThirdEye","MarkedMod:OneThousandNeedles"],"picked":"EmptyBody","floor":10.0},{"not_picked":["MarkedMod:GentlePulse","BattleHymn","Protect"],"picked":"EmptyFist","floor":11.0},{"not_picked":["Protect","MarkedMod:GracefulMovements","Replay:DivineShield"],"picked":"CarveReality","floor":12.0},{"not_picked":["Nirvana","WindmillStrike","EmptyMind"],"picked":"CrushJoints","floor":13.0},{"not_picked":["Replay:Hum","MarkedMod:NorthStar","Evaluate"],"picked":"Crescendo","floor":14.0},{"not_picked":["MarkedMod:SlowDance","Scrawl","MarkedMod:NorthStar"],"picked":"Devotion","floor":16.0},{"not_picked":["MarkedMod:Acupuncture","ThirdEye","MarkedMod:GentlePulse+1"],"picked":"MarkedMod:FirstStrike","floor":18.0},{"not_picked":["CutThroughFate","Swivel","Evaluate"],"picked":"Pray","floor":19.0},{"not_picked":["CrushJoints","DeceiveReality","MarkedMod:GentlePulse","DevaForm"],"picked":"SKIP","floor":21.0},{"not_picked":["Replay:Hum","ThirdEye","Replay:ManipulateFuture"],"picked":"Study+1","floor":23.0},{"not_picked":["Crescendo","ClearTheMind","MarkedMod:GentlePulse","WindmillStrike+1"],"picked":"SKIP","floor":28.0},{"not_picked":["FlyingSleeves+1","SashWhip","SignatureMove","ClearTheMind"],"picked":"SKIP","floor":28.0},{"not_picked":["Replay:ManipulateFuture","Tantrum","CrushJoints"],"picked":"Prostrate","floor":30.0},{"not_picked":["MarkedMod:NorthStar","Weave","Conclude","Replay:BluntJabs"],"picked":"SKIP","floor":30.0},{"not_picked":["Weave+1","MarkedMod:OneThousandNeedles+1","Crescendo","ClearTheMind"],"picked":"SKIP","floor":31.0},{"not_picked":["Wallop","Collect+1","EmptyMind","MarkedMod:FirstStrike"],"picked":"SKIP","floor":31.0},{"not_picked":["Weave+1","MarkedMod:OneThousandNeedles+1","Crescendo","ClearTheMind"],"picked":"SKIP","floor":31.0},{"not_picked":["Wallop","Collect+1","EmptyMind","MarkedMod:FirstStrike"],"picked":"SKIP","floor":31.0},{"not_picked":["DevaForm","Replay:LoomingThreat","Replay:AllIn"],"picked":"Judgement","floor":33.0},{"not_picked":["Replay:AtTheReady+1","CutThroughFate","ReplayTheSpireMod:Strike From Hell","Twin Strike+1","Replay:Vibes"],"picked":"SKIP","floor":35.0},{"not_picked":["EmptyFist","FlurryOfBlows+1","Shrug It Off+1","hubris:ReadiedAction","Body Slam"],"picked":"SKIP","floor":35.0},{"not_picked":["CrushJoints","Crescendo+1","Twin Strike+1","CutThroughFate+1","Barricade"],"picked":"SKIP","floor":41.0},{"not_picked":["Shockwave","Prostrate","Replay:Battleflow+1","Heavy Blade+1","Consecrate"],"picked":"SKIP","floor":46},{"not_picked":["Uppercut+1","MarkedMod:NorthStar","Cleave+1","Sword Boomerang+1","Life Link+1"],"picked":"SKIP","floor":46},{"not_picked":["Headbutt+1","Flex+1","Spot Weakness+1","WaveOfTheHand","hubris:ReadiedAction+1"],"picked":"SKIP","floor":47},{"not_picked":["Replay:AtTheReady+1","Feel No Pain+1","Replay:BluntJabs+1","Twin Strike","Pummel+1"],"picked":"SKIP","floor":48},{"not_picked":["BowlingBash+1","Run Through+1","Juggernaut","Cleave+1","Replay:BluntJabs+1"],"picked":"SKIP","floor":48}],"player_experience":32756,"relics_obtained":[{"floor":6.0,"key":"infinitespire:Bottled Soul"},{"floor":8.0,"key":"FossilizedHelix"},{"floor":9.0,"key":"Nunchaku"},{"floor":10.0,"key":"aspiration:TomeofQuesting"},{"floor":13.0,"key":"Dream Catcher"},{"floor":23.0,"key":"Happy Flower"},{"floor":23.0,"key":"hubris:SlimyHat"},{"floor":26.0,"key":"Replay:Multitool"},{"floor":29.0,"key":"Simple Rune"},{"floor":32.0,"key":"Bag of Preparation"},{"floor":38.0,"key":"ReplayTheSpireMod:Ring of Addiction"},{"floor":38.0,"key":"Chameleon Ring"},{"floor":38.0,"key":"hubris:EmptyBottle"},{"floor":39.0,"key":"Letter Opener"},{"floor":41.0,"key":"Du-Vu Doll"},{"floor":41.0,"key":"hubris:MobiusCoin"},{"floor":43.0,"key":"Blue Doll"},{"floor":47,"key":"Damaru"},{"floor":47,"key":"infinitespire:CheckeredPen"},{"floor":49,"key":"Quantum Egg"}],"event_choices":[{"damage_healed":0.0,"max_hp_gain":0.0,"max_hp_loss":0.0,"gold_gain":0.0,"event_name":"Wheel of Change","player_choice":"Damaged","floor":2.0,"gold_loss":0.0,"damage_taken":7.0},{"cards_removed":["Study"],"damage_healed":0.0,"max_hp_gain":0.0,"max_hp_loss":0.0,"gold_gain":0.0,"event_name":"betterNote:BetterNote","player_choice":"Give","floor":25.0,"gold_loss":0.0,"damage_taken":0.0,"cards_obtained":["DevaForm"]}],"is_beta":true,"boss_relics":[{"not_picked":["Busted Crown","aspiration:RandomNobGenerator"],"picked":"Replay:Wanted Poster"},{"not_picked":["hubris:GrandSneckoEye","Replay:Bronze Core","Philosopher\u0027s Stone"],"picked":"aspiration:IroncladSkillbook"}],"items_purged_floors":[20,22,24,36,45],"is_endless":false,"potions_floor_spawned":[3,8,10,13,18,21,28,33,46,47,48],"ascension_level":1}}