{"host":"d0verjtbj2sjunpo","time":1608347400,"event":{"mods":["AchievementEnabler","Aspiration","BaseMod","Better Altar","Better Third Choice","BetterRewards","Downfall","Marisa????????","Minty Spire (QoL Compilation)","Replay The Spire","StSLib","The Cursed","The Servant 0.9.4"],"gold_per_floor":[109,109,109,109,125,150,150,179,179,190,205,217,217,227,227,326,326,294,351,441,457,457,457,457],"floor_reached":23,"playtime":1534,"items_purged":[],"score":311,"play_id":"94a29d44-fcee-49e4-acdc-29d5e20b8cd9","local_time":"20201218211000","is_ascension_mode":true,"campfire_choices":[{"floor":7,"key":"REST"},{"floor":15,"key":"REST"}],"circlet_count":0,"master_deck":["Strike_B","Strike_B","Strike_B","Strike_B","Defend_B","Defend_B","Defend_B","Defend_B","Zap","Dualcast","Capacitor","Tempest","Languid","Apotheosis+1","Stack+1","Storm","Amplify","Cold Snap","Crystallizer","Compile Driver","Conserve Battery","Ball Lightning","Mirror Shield","Replay:Sluggish","Decay","Delirium","Glacier","Tempest+1","Barrage+1","Writhe"],"relics":["Cracked Core","ReplayTheSpireMod:Ring of Exchange","Peace Pipe","Mango","Symbiotic Virus","Replay:Ancient Bell","Blue Doll","Meat on the Bone","FossilizedHelix","Mirror","Snack Pack"],"acts_visited":["Exordium","TheCity"],"potions_floor_usage":[16,16,16],"damage_taken":[{"damage":9,"enemies":"2 Louse","floor":1,"turns":3},{"damage":2,"enemies":"Small Slimes","floor":5,"turns":3},{"damage":37,"enemies":"3 Sentries","floor":6,"turns":8},{"damage":16,"enemies":"Lagavulin","floor":8,"turns":7},{"damage":1,"enemies":"Cultist","floor":10,"turns":4},{"damage":4,"enemies":"Looter","floor":11,"turns":3},{"damage":8,"enemies":"Large Slime","floor":12,"turns":3},{"damage":8,"enemies":"2 Fungi Beasts","floor":14,"turns":5},{"damage":34,"enemies":"The Guardian","floor":16,"turns":8},{"damage":19,"enemies":"2 Thieves","floor":18,"turns":5},{"damage":20,"enemies":"3 Byrds","floor":21,"turns":5},{"damage":62,"enemies":"Slavers","floor":23,"turns":4}],"seed_played":"5843659412840351454","potions_obtained":[{"floor":5,"key":"BlessingOfTheForge"},{"floor":6,"key":"Explosive Potion"},{"floor":10,"key":"AttackPotion"},{"floor":12,"key":"Elixir"},{"floor":14,"key":"Block Potion"},{"floor":19,"key":"Milkshake"}],"is_trial":false,"path_per_floor":["M","?","?","?","M","E","R","E","T","M","M","M","?","M","R","B",null,"M","?","?","M","?","E"],"character_chosen":"DEFECT","items_purchased":["Capacitor"],"campfire_rested":2,"item_purchase_floors":[0],"current_hp_per_floor":[66,66,66,66,64,27,49,47,47,46,42,34,34,26,52,18,89,70,70,58,50,50,0,0],"gold":457,"neow_bonus":"","is_daily":false,"chose_seed":false,"campfire_upgraded":0,"win_rate":0.0,"timestamp":1608347400,"path_taken":["M","?","?","?","?","E","R","E","T","M","M","M","?","M","R","BOSS","M","?","?","?","?","E"],"items_purchased_type":["Card"],"build_version":"2020-12-13","purchased_purges":0,"victory":false,"max_hp_per_floor":[75,75,75,75,75,75,75,89,89,89,89,89,89,89,89,89,89,89,89,89,89,89,89,89],"card_choices":[{"not_picked":["ReplaySolidLightProjector","Reinforced Body"],"picked":"Tempest","floor":1},{"not_picked":["BootSequence","Chaos"],"picked":"Storm","floor":5},{"not_picked":["Sweeping Beam","Rebound"],"picked":"Amplify","floor":6},{"not_picked":["Barrage","Turbo"],"picked":"Cold Snap","floor":8},{"not_picked":["Steam","Undo"],"picked":"Crystallizer","floor":10},{"not_picked":["Barrage","Panic Button"],"picked":"Compile Driver","floor":11},{"not_picked":["Beam Cell","Steam"],"picked":"Conserve Battery","floor":12},{"not_picked":["Rebound","Sweeping Beam"],"picked":"Ball Lightning","floor":14},{"not_picked":["Buffer","ReplayTheSpireMod:Fabricate Wheel"],"picked":"Mirror Shield","floor":16},{"not_picked":["Doubt","ReplayTheSpireMod:Splinters"],"picked":"Replay:Sluggish","floor":17},{"not_picked":["Normality","hexamod:Haunted"],"picked":"Decay","floor":17},{"not_picked":["Regret","Looming Evil"],"picked":"Delirium","floor":17},{"not_picked":["Ball Lightning","ReplayTheSpireMod:Reroute Power"],"picked":"Glacier","floor":18},{"not_picked":["Coolheaded+1","Barrage"],"picked":"Tempest+1","floor":19},{"not_picked":["Compile Driver","Recycle"],"picked":"Barrage+1","floor":21}],"player_experience":180992,"relics_obtained":[{"floor":2,"key":"ReplayTheSpireMod:Ring of Exchange"},{"floor":6,"key":"Peace Pipe"},{"floor":8,"key":"Mango"},{"floor":9,"key":"Symbiotic Virus"},{"floor":19,"key":"Mirror"}],"event_choices":[{"damage_healed":66,"gold_gain":0,"player_choice":"Embrace","damage_taken":0,"max_hp_gain":0,"max_hp_loss":75,"event_name":"betterThird:BetterShining","floor":3,"gold_loss":0},{"damage_healed":0,"gold_gain":0,"player_choice":"1 cards matched","damage_taken":0,"max_hp_gain":0,"max_hp_loss":0,"event_name":"Match and Keep!","floor":4,"gold_loss":0,"cards_obtained":["Stack"]},{"damage_healed":0,"gold_gain":90,"player_choice":"GOLD ","damage_taken":12,"max_hp_gain":0,"max_hp_loss":0,"event_name":"Knowing Skull","floor":20,"potions_obtained":[],"gold_loss":0,"cards_obtained":[]},{"damage_healed":0,"gold_gain":0,"player_choice":"Opened","damage_taken":0,"relics_obtained":["Snack Pack"],"max_hp_gain":0,"max_hp_loss":0,"event_name":"The Mausoleum","floor":22,"gold_loss":0,"cards_obtained":["Writhe"]}],"is_beta":false,"boss_relics":[{"not_picked":["Cauldron","ChewingGum"],"picked":"Replay:Ancient Bell"},{"not_picked":["Bag of Preparation","Centennial Puzzle"],"picked":"Blue Doll"},{"not_picked":["Solar Panel","White Beast Statue"],"picked":"Meat on the Bone"},{"not_picked":["Prayer Wheel","Durian"],"picked":"FossilizedHelix"}],"items_purged_floors":[],"is_endless":false,"potions_floor_spawned":[5,6,10,12,14],"killed_by":"Slavers","ascension_level":1}}