{"host":"vb5dgh04hi6ixelx","time":1608391281,"event":{"mods":["Act Like it!","BaseMod","Colored Map","Downfall","GifTheSpireLib","Gremlin Mod","Hallownest","HexUI Lib","Infinite Spire","Minty Spire (QoL Compilation)","Replay The Spire","StSLib","The Animator","The Factory","The Gatherer","The Jungle","The Spell Scribe"],"gold_per_floor":[199,218,218,218,229,240,271,271,271,604,604,634,645,645,645,645,655,751,751,751,771,169,203,222,222,249,249,249],"floor_reached":27,"playtime":1155,"items_purged":[],"score":261,"play_id":"5039ba41-0fb5-4b58-aba8-b5d53d90cb05","local_time":"20201219152121","is_ascension_mode":true,"campfire_choices":[{"data":"Slimebound:Split","floor":1,"key":"SMITH"},{"data":"Slimebound:CorrosiveSpit","floor":8,"key":"SMITH"},{"data":"Slimebound:SamplingLick","floor":11,"key":"SMITH"},{"data":"Slimebound:SlimeSlap","floor":20,"key":"SMITH"},{"data":"Slimebound:OozeBath","floor":25,"key":"SMITH"}],"circlet_count":0,"master_deck":["Slimebound:Strike_Slimebound","Slimebound:Strike_Slimebound","Slimebound:Tackle","Slimebound:Defend_Slimebound","Slimebound:Defend_Slimebound","Slimebound:Defend_Slimebound","Slimebound:Defend_Slimebound","Slimebound:Split+1","Slimebound:CorrosiveSpit+1","Slimebound:SlimeBrawl","Slimebound:LeechEnergy","Slimebound:LeechEnergy","Slimebound:SplitLeeching","Slimebound:SamplingLick+1","Slimebound:SplitBruiser","Slimebound:RollThrough","Slimebound:SplitBruiser","Slimebound:SlimeSlap+1","Slimebound:GoopTackle+1","Slimebound:OozeBath+1","Slimebound:Equalize"],"relics":["Juzu Bracelet","infinitespire:Broken Mirror","Old Coin","ReplayTheSpireMod:TigerMarble","Letter Opener","m_BurningSludge","Painkiller Herb","Vajra","Replay:Lucky Slots","Mirror","infinitespire:ShieldingShard","Replay:Baseball"],"acts_visited":["Exordium","TheCity"],"potions_floor_usage":[27,27],"damage_taken":[{"damage":9,"enemies":"Cultist","floor":2,"turns":3},{"damage":11,"enemies":"2 Louse","floor":5,"turns":3},{"damage":8,"enemies":"Small Slimes","floor":6,"turns":3},{"damage":35,"enemies":"Lagavulin","floor":7,"turns":6},{"damage":33,"enemies":"3 Sentries","floor":10,"turns":8},{"damage":15,"enemies":"Replay:BlueRogue","floor":12,"turns":4},{"damage":8,"enemies":"2 Fungi Beasts","floor":13,"turns":2},{"damage":14,"enemies":"Blue Slaver","floor":17,"turns":2},{"damage":48,"enemies":"downfall:Silent","floor":18,"turns":6},{"damage":18,"enemies":"Chosen","floor":21,"turns":2},{"damage":38,"enemies":"downfall:FleeingMerchant","floor":22,"turns":4},{"damage":44,"enemies":"Nightmare","floor":23,"turns":4},{"damage":11,"enemies":"Shell Parasite","floor":24,"turns":2},{"damage":45,"enemies":"Replay:Snechameleon","floor":27,"turns":2}],"seed_played":"-6949067218214038960","potions_obtained":[{"floor":5,"key":"BlessingOfTheForge"},{"floor":7,"key":"infinitespire:BlackPotion"},{"floor":17,"key":"Energy Potion"}],"is_trial":false,"path_per_floor":["R","M","PTL","PTL","M","M","E","R","T","E","R","E","M","T","?","?","M","B",null,"T","?","T","NM","?","T","T","E"],"character_chosen":"SLIMEBOUND","items_purchased":["Vajra","Replay:Lucky Slots","Mirror"],"campfire_rested":0,"item_purchase_floors":[22,22,22],"current_hp_per_floor":[60,60,60,60,60,60,48,48,48,39,39,52,60,60,60,60,60,34,60,60,60,49,31,38,38,38,0,0],"gold":249,"neow_bonus":"HUNDRED_GOLD","is_daily":false,"chose_seed":false,"campfire_upgraded":5,"win_rate":0.0,"timestamp":1608391281,"path_taken":["R","M","PTL","PTL","M","M","E","R","T","E","R","E","M","?","?","?","M","BOSS","T","?","T","NM","?","T","T","E"],"items_purchased_type":["Relic","Relic","Relic"],"build_version":"2020-12-13","purchased_purges":0,"victory":false,"max_hp_per_floor":[60,60,60,60,60,60,60,60,60,60,60,60,60,60,60,60,60,60,60,60,60,60,60,60,60,60,60,60],"card_choices":[{"not_picked":["Slimebound:SplitLeeching","Slimebound:LivingWall"],"picked":"Slimebound:SlimeBrawl","floor":2},{"not_picked":["Slimebound:Schlurp","Slimebound:LeechingTouch"],"picked":"Slimebound:LeechEnergy","floor":5},{"not_picked":["Slimebound:DisruptingSlam","Slimebound:SplitBruiser"],"picked":"Slimebound:LeechEnergy","floor":6},{"not_picked":["Slimebound:Grow","Slimebound:Replication"],"picked":"Slimebound:SplitLeeching","floor":7},{"not_picked":["Slimebound:Prepare","Slimebound:TongueLash"],"picked":"Slimebound:SamplingLick","floor":10},{"not_picked":["Slimebound:GrowthPunch","Slimebound:FlameTackle"],"picked":"Slimebound:SplitBruiser","floor":12},{"not_picked":["Slimebound:SamplingLick","Slimebound:Schlurp"],"picked":"Slimebound:RollThrough","floor":13},{"not_picked":["Slimebound:Chomp","Slimebound:Dissolve"],"picked":"Slimebound:SplitBruiser","floor":17},{"not_picked":["Slimebound:MinionMaster","Hemogenesis"],"picked":"Slimebound:SlimeSlap","floor":18},{"not_picked":["Slimebound:SplitBruiser","Slimebound:SamplingLick"],"picked":"Slimebound:GoopTackle+1","floor":21},{"not_picked":["Slimebound:GoopSpray","Slimebound:GrowthPunch","Slimebound:ViciousTackle"],"picked":"SKIP","floor":22},{"not_picked":["Slimebound:ItLooksTasty","Slimebound:GrowthPunch"],"picked":"Slimebound:OozeBath","floor":23},{"not_picked":["Slimebound:RollThrough","Slimebound:SplitBruiser"],"picked":"Slimebound:Equalize","floor":24}],"player_experience":1117544,"relics_obtained":[{"floor":7,"key":"Juzu Bracelet"},{"floor":9,"key":"infinitespire:Broken Mirror"},{"floor":10,"key":"Old Coin"},{"floor":12,"key":"ReplayTheSpireMod:TigerMarble"},{"floor":14,"key":"Letter Opener"},{"floor":23,"key":"infinitespire:ShieldingShard"},{"floor":26,"key":"Replay:Baseball"}],"event_choices":[],"is_beta":false,"boss_relics":[{"not_picked":["SacredBark","Kintsugi"],"picked":"Painkiller Herb"}],"items_purged_floors":[],"is_endless":true,"potions_floor_spawned":[5,7,17,18],"killed_by":"Replay:Snechameleon","ascension_level":1}}