{"host":"m2106ztvmcgfoyc9","time":1608390294,"event":{"mods":["BaseMod","Minty Spire (QoL Compilation)","Relic Stats"],"gold_per_floor":[163,174,192,42,55,55,110,122,147,160,190,213,213,240,240,317,317,331,59,72,89,12,12,27,27,27,27,27,57,57,70,70,144,144,163,163,163,0,13,40,40,40,65,65,85,101,101,101,101],"floor_reached":48,"playtime":2214,"items_purged":["Defend_G","Strike_G"],"score":1130,"play_id":"66159258-1d2c-42da-941d-30a7b5c52960","local_time":"20201219160454","is_ascension_mode":true,"campfire_choices":[{"data":"Skewer","floor":6,"key":"SMITH"},{"floor":13,"key":"REST"},{"data":"All Out Attack","floor":15,"key":"SMITH"},{"floor":23,"key":"REST"},{"data":"Footwork","floor":25,"key":"SMITH"},{"data":"Underhanded Strike","floor":28,"key":"SMITH"},{"floor":32,"key":"REST"},{"floor":41,"key":"RECALL"}],"circlet_count":0,"master_deck":["AscendersBane","Strike_G","Defend_G","Defend_G","Defend_G","Survivor","Neutralize+1","Leg Sweep","PiercingWail","Escape Plan","Dagger Throw","All Out Attack+1","Skewer+1","Terror","Heel Hook","Phantasmal Killer","Corpse Explosion","Dodge and Roll+1","Deadly Poison+1","Calculated Gamble+1","Dagger Throw+1","Underhanded Strike+1","Footwork+1","Well Laid Plans","Backflip","Wraith Form v2","Blur","Underhanded Strike+1","Flying Knee+1"],"relics":["Tiny House","Bronze Scales","Blood Vial","Orichalcum","Lantern","Astrolabe","Chemical X","Paper Crane","Nloth\u0027s Gift","Runic Pyramid","Omamori","MealTicket","Smiling Mask","Blue Candle"],"acts_visited":["Exordium","TheCity","TheBeyond"],"potions_floor_usage":[7,7,11,16,16,33,44,45],"damage_taken":[{"damage":9,"enemies":"Cultist","floor":1,"turns":6},{"damage":1,"enemies":"Small Slimes","floor":2,"turns":4},{"damage":0,"enemies":"Jaw Worm","floor":3,"turns":7},{"damage":6,"enemies":"Lots of Slimes","floor":5,"turns":2},{"damage":21,"enemies":"Lagavulin Event","floor":7,"turns":5},{"damage":0,"enemies":"2 Fungi Beasts","floor":8,"turns":2},{"damage":8,"enemies":"Blue Slaver","floor":10,"turns":4},{"damage":6,"enemies":"Gremlin Nob","floor":11,"turns":3},{"damage":12,"enemies":"3 Sentries","floor":14,"turns":6},{"damage":17,"enemies":"Slime Boss","floor":16,"turns":4},{"damage":21,"enemies":"Spheric Guardian","floor":18,"turns":4},{"damage":16,"enemies":"2 Thieves","floor":20,"turns":2},{"damage":15,"enemies":"Cultist and Chosen","floor":21,"turns":4},{"damage":0,"enemies":"Centurion and Healer","floor":24,"turns":5},{"damage":1,"enemies":"Gremlin Leader","floor":29,"turns":5},{"damage":0,"enemies":"Snecko","floor":31,"turns":5},{"damage":26,"enemies":"Automaton","floor":33,"turns":10},{"damage":3,"enemies":"3 Darklings","floor":35,"turns":4},{"damage":0,"enemies":"3 Shapes","floor":39,"turns":4},{"damage":34,"enemies":"Reptomancer","floor":40,"turns":7},{"damage":4,"enemies":"Maw","floor":45,"turns":7},{"damage":16,"enemies":"Writhing Mass","floor":46,"turns":6},{"damage":0,"enemies":"Nemesis","floor":48,"turns":1}],"seed_played":"2002910786432631848","potions_obtained":[{"floor":0,"key":"FairyPotion"},{"floor":1,"key":"PowerPotion"},{"floor":2,"key":"ColorlessPotion"},{"floor":7,"key":"CunningPotion"},{"floor":11,"key":"Swift Potion"},{"floor":14,"key":"Energy Potion"},{"floor":20,"key":"Fire Potion"},{"floor":21,"key":"SkillPotion"},{"floor":33,"key":"FairyPotion"},{"floor":35,"key":"SteroidPotion"},{"floor":44,"key":"Fruit Juice"},{"floor":44,"key":"Weak Potion"},{"floor":46,"key":"Strength Potion"}],"is_trial":false,"path_per_floor":["M","M","M","$","M","R","?","M","T","M","E","T","R","E","R","B",null,"M","$","M","M","$","R","M","R","T","?","R","E","?","M","R","B",null,"M","?","?","$","M","E","R","$","T","?","M","M","T","E"],"character_chosen":"THE_SILENT","items_purchased":["All Out Attack","Chemical X","Well Laid Plans","Omamori"],"campfire_rested":3,"item_purchase_floors":[4,19,22,38],"current_hp_per_floor":[55,54,54,54,48,48,27,27,27,21,17,17,38,28,28,13,57,38,38,24,11,11,32,34,34,34,34,34,35,35,37,58,34,62,61,61,61,61,63,31,31,46,46,51,49,35,35,37,37],"gold":101,"neow_bonus":"BOSS_RELIC","is_daily":false,"chose_seed":false,"campfire_upgraded":4,"win_rate":0.0,"timestamp":1608390294,"path_taken":["M","?","M","?","M","R","?","M","T","M","E","?","R","E","R","BOSS","M","?","?","M","$","R","M","R","T","?","R","E","?","M","R","BOSS","M","?","?","$","M","E","R","?","T","?","M","?","?","E"],"items_purchased_type":["Card","Relic","Card","Relic"],"build_version":"2020-12-13","purchased_purges":2,"victory":false,"max_hp_per_floor":[71,71,71,71,71,71,71,71,71,71,71,71,71,71,71,71,71,71,71,71,71,71,71,71,71,71,71,71,71,71,71,71,71,71,71,71,67,67,67,67,67,67,67,72,72,72,72,72,72],"relic_stats":{"Blood Vial":34,"counters":[23,107],"Bronze Scales":[185],"Astrolabe":["Dodge and Roll","Deadly Poison","Calculated Gamble"],"Blue Candle":[0],"MealTicket":15,"Nloth\u0027s Gift":0,"Chemical X":[12],"Orichalcum":[162],"Smiling Mask":0,"obtain_stats":[{"Lantern":14,"Tiny House":0,"Astrolabe":17,"Blue Candle":47,"Omamori":38,"Orichalcum":11,"Paper Crane":29,"Smiling Mask":43,"Blood Vial":9,"Du-Vu Doll":26,"Bronze Scales":7,"MealTicket":40,"Nloth\u0027s Gift":30,"Chemical X":19,"Ring of the Snake":0,"Runic Pyramid":34},{"Lantern":9,"Tiny House":0,"Astrolabe":10,"Blue Candle":22,"Omamori":18,"Orichalcum":8,"Paper Crane":15,"Smiling Mask":20,"Blood Vial":6,"Du-Vu Doll":14,"Bronze Scales":5,"MealTicket":20,"Nloth\u0027s Gift":15,"Chemical X":11,"Ring of the Snake":0,"Runic Pyramid":17},{"Lantern":39,"Tiny House":0,"Astrolabe":43,"Blue Candle":106,"Omamori":82,"Orichalcum":33,"Paper Crane":63,"Smiling Mask":93,"Blood Vial":26,"Du-Vu Doll":58,"Bronze Scales":24,"MealTicket":93,"Nloth\u0027s Gift":63,"Chemical X":47,"Ring of the Snake":0,"Runic Pyramid":78}]},"card_choices":[{"not_picked":["Sucker Punch","Riddle With Holes"],"picked":"Leg Sweep","floor":0},{"not_picked":["Well Laid Plans","Distraction"],"picked":"PiercingWail","floor":1},{"not_picked":["Outmaneuver","Finisher"],"picked":"Escape Plan","floor":2},{"not_picked":["Deflect","Outmaneuver"],"picked":"Dagger Throw","floor":3},{"not_picked":["Poisoned Stab","Terror"],"picked":"Skewer","floor":5},{"not_picked":["Escape Plan","Backflip"],"picked":"Terror","floor":7},{"not_picked":["Reflex","Poisoned Stab","Flying Knee"],"picked":"SKIP","floor":8},{"not_picked":["Infinite Blades","Poisoned Stab"],"picked":"Heel Hook","floor":10},{"not_picked":["Poisoned Stab","Well Laid Plans"],"picked":"Phantasmal Killer","floor":11},{"not_picked":["Prepared","Quick Slash","Slice"],"picked":"SKIP","floor":14},{"not_picked":["Bullet Time","Malaise"],"picked":"Corpse Explosion","floor":16},{"not_picked":["Cloak And Dagger","Quick Slash"],"picked":"Dagger Throw+1","floor":18},{"not_picked":["Deflect","Dagger Spray"],"picked":"Underhanded Strike","floor":20},{"not_picked":["Die Die Die","Bouncing Flask"],"picked":"Footwork","floor":21},{"not_picked":["Dagger Spray","Prepared","Terror"],"picked":"SKIP","floor":24},{"not_picked":["Infinite Blades","Expertise"],"picked":"Backflip","floor":29},{"not_picked":["Dodge and Roll","Backstab","Deflect"],"picked":"SKIP","floor":31},{"not_picked":["Corpse Explosion","Bullet Time"],"picked":"Wraith Form v2","floor":33},{"not_picked":["Infinite Blades","Sucker Punch"],"picked":"Blur","floor":35},{"not_picked":["Backstab","Cloak And Dagger"],"picked":"Underhanded Strike+1","floor":39},{"not_picked":["Distraction","Quick Slash","Eviscerate"],"picked":"SKIP","floor":40},{"not_picked":["Sucker Punch","Prepared"],"picked":"Flying Knee+1","floor":45},{"not_picked":["Bane","Storm of Steel","Cloak And Dagger+1"],"picked":"SKIP","floor":46}],"player_experience":960799,"relics_obtained":[{"floor":7,"key":"Bronze Scales"},{"floor":9,"key":"Blood Vial"},{"floor":11,"key":"Orichalcum"},{"floor":14,"key":"Lantern"},{"floor":26,"key":"Du-Vu Doll"},{"floor":29,"key":"Paper Crane"},{"floor":40,"key":"MealTicket"},{"floor":43,"key":"Smiling Mask"},{"floor":47,"key":"Blue Candle"}],"event_choices":[{"damage_healed":0,"gold_gain":0,"player_choice":"Searched \u00271\u0027 times","damage_taken":0,"max_hp_gain":0,"max_hp_loss":0,"event_name":"Dead Adventurer","floor":7,"gold_loss":0},{"damage_healed":0,"gold_gain":0,"player_choice":"Ignored","damage_taken":0,"max_hp_gain":0,"max_hp_loss":0,"event_name":"The Mausoleum","floor":27,"gold_loss":0},{"damage_healed":0,"gold_gain":0,"player_choice":"Traded Relic","damage_taken":0,"relics_obtained":["Nloth\u0027s Gift"],"max_hp_gain":0,"max_hp_loss":0,"event_name":"N\u0027loth","floor":30,"relics_lost":["Du-Vu Doll"],"gold_loss":0},{"cards_removed":["Strike_G"],"damage_healed":0,"gold_gain":0,"player_choice":"Removed Attack","damage_taken":0,"max_hp_gain":0,"max_hp_loss":0,"event_name":"Falling","floor":36,"gold_loss":0},{"damage_healed":0,"gold_gain":0,"player_choice":"Max HP","damage_taken":0,"max_hp_gain":0,"max_hp_loss":4,"event_name":"Winding Halls","floor":37,"gold_loss":0},{"damage_healed":0,"gold_gain":0,"player_choice":"Got Potions","damage_taken":0,"max_hp_gain":0,"max_hp_loss":0,"event_name":"Lab","floor":44,"gold_loss":0}],"is_beta":false,"boss_relics":[{"not_picked":["Empty Cage","SacredBark"],"picked":"Astrolabe"},{"not_picked":["Runic Dome","Philosopher\u0027s Stone"],"picked":"Runic Pyramid"}],"items_purged_floors":[4,19],"is_endless":false,"potions_floor_spawned":[1,2,7,11,14,20,21,33,35,46],"killed_by":"Nemesis","ascension_level":20}}