{"host":"ze754j8gfb8asmsl","time":1608347412,"event":{"mods":["BaseMod","Lobotomy","LobotomyExtend","Marisa（F雨　魔理沙）","Minty Spire (QoL Compilation)","Quick Restart","Relic Stats","Replay The Spire","RumiaBox-露米娅的神秘盒子","Shop Mod","StSLib","vexMod","【东方二次创作】八云紫mod","【功能Mod】混沌之环修复补丁","【遗物卡牌】REMEMod"],"gold_per_floor":[111,111,111,123,123,155,169,160,160,160,171,205,218,250,250,355,355,375,375,385,402,402,402],"floor_reached":22,"playtime":3273,"items_purged":[],"score":451,"play_id":"b432a0d1-cfdf-40e6-95e9-b79f3405c6b7","local_time":"20201219111012","is_ascension_mode":true,"campfire_choices":[{"data":"WindmillStrike","floor":10.0,"key":"SMITH"},{"data":"Occultation","floor":15.0,"key":"SMITH"}],"circlet_count":0,"master_deck":["AscendersBane","Strike_MRS","Strike_MRS","Strike_MRS","Defend_MRS","Defend_MRS","MasterSpark","UpSweep","JA+1","JA+1","WindmillStrike+1","PowerUp+1","DC","Occultation+1","AsteroidBelt","MillisecondPulsars","RefractionSpark","MilkyWay"],"relics":["MiniHakkero","REME_ComplimentaryCards","Busted Crown","Astrolabe","Baka","AddBug","SecretRecord","SecretRecord","SecretRecord"],"acts_visited":["Exordium","TheCity"],"potions_floor_usage":[],"damage_taken":[{"damage":3.0,"enemies":"2 Louse","floor":1.0,"turns":2.0},{"damage":9.0,"enemies":"Jaw Worm","floor":4.0,"turns":2.0},{"damage":0.0,"enemies":"Lagavulin","floor":6.0,"turns":3.0},{"damage":0.0,"enemies":"Cultist","floor":7.0,"turns":2.0},{"damage":12.0,"enemies":"Replay:BlueRogue","floor":8.0,"turns":4.0},{"damage":7.0,"enemies":"Blue Slaver","floor":11.0,"turns":2.0},{"damage":9.0,"enemies":"Gremlin Nob","floor":12.0,"turns":3.0},{"damage":0.0,"enemies":"Exordium Wildlife","floor":13.0,"turns":2.0},{"damage":14.0,"enemies":"Lagavulin","floor":14.0,"turns":5.0},{"damage":0.0,"enemies":"The Guardian","floor":16.0,"turns":9.0},{"damage":24.0,"enemies":"Chosen","floor":18.0,"turns":4.0},{"damage":28.0,"enemies":"3 Byrds","floor":20.0,"turns":5.0},{"damage":27.0,"enemies":"Snake Plant","floor":21.0,"turns":4.0},{"damage":14,"enemies":"Shelled Parasite and Fungi","floor":22,"turns":3}],"seed_played":"8259092897468577467","potions_obtained":[{"floor":6.0,"key":"StarNLove"},{"floor":7.0,"key":"BottledSpark"},{"floor":12.0,"key":"ColorlessPotion"},{"floor":13.0,"key":"EssenceOfSteel"},{"floor":21.0,"key":"LiquidBronze"}],"is_trial":false,"path_per_floor":["M","?","?","M","?","E","M","E","T","R","M","E","M","E","R","B",null,"M","?","M","M","M"],"character_chosen":"MARISA","items_purchased":[],"campfire_rested":0,"item_purchase_floors":[],"current_hp_per_floor":[65,65,65,58,62,65,66,56,56,56,50,42,43,31,31,34,65,42,42,41,16,4,4],"gold":402,"neow_bonus":"DOUBLE_BOSS_RELIC","is_daily":false,"chose_seed":false,"campfire_upgraded":2,"win_rate":0.0,"timestamp":1608347412,"path_taken":["M","?","?","M","?","E","M","E","T","R","?","E","M","E","R","BOSS","M","?","M","M","M"],"items_purchased_type":[],"build_version":"2020-12-13","purchased_purges":0,"victory":false,"max_hp_per_floor":[75,75,75,75,75,75,75,75,75,75,75,75,75,75,75,75,75,75,75,75,75,75,75],"relic_stats":{"Busted Crown":26,"counters":[14,50],"Astrolabe":["BlazingStar","JA","JA"],"obtain_stats":[{"Busted Crown":0,"Astrolabe":0,"AddBug":1,"SecretRecord":1,"Baka":1,"MiniHakkero":0,"REME_ComplimentaryCards":0},{"Busted Crown":0,"Astrolabe":0,"AddBug":1,"SecretRecord":1,"Baka":1,"MiniHakkero":0,"REME_ComplimentaryCards":0},{"Busted Crown":0,"Astrolabe":0,"AddBug":2,"SecretRecord":2,"Baka":2,"MiniHakkero":0,"REME_ComplimentaryCards":0}]},"card_choices":[{"not_picked":[],"picked":"PowerUp","floor":1.0},{"not_picked":["SuperPerseids"],"picked":"SKIP","floor":4.0},{"not_picked":["WitchLeyline"],"picked":"SKIP","floor":6.0},{"not_picked":["Robbery"],"picked":"SKIP","floor":7.0},{"not_picked":[],"picked":"DC","floor":8.0},{"not_picked":[],"picked":"Occultation","floor":11.0},{"not_picked":[],"picked":"AsteroidBelt","floor":12.0},{"not_picked":["Robbery"],"picked":"SKIP","floor":13.0},{"not_picked":["LuminesStrike"],"picked":"SKIP","floor":14.0},{"not_picked":[],"picked":"MillisecondPulsars","floor":16.0},{"not_picked":[],"picked":"RefractionSpark","floor":18.0},{"not_picked":["Occultation"],"picked":"SKIP","floor":20.0},{"not_picked":[],"picked":"MilkyWay","floor":21.0}],"player_experience":116066,"relics_obtained":[{"floor":1.0,"key":"Baka"},{"floor":1.0,"key":"AddBug"},{"floor":1.0,"key":"LetterFromLob"},{"floor":4.0,"key":"LetterFromLob"},{"floor":6.0,"key":"vexMod:BarristanHead"},{"floor":6.0,"key":"LetterFromLob"},{"floor":7.0,"key":"LetterFromLob"},{"floor":8.0,"key":"SproutingBranch"},{"floor":8.0,"key":"LetterFromLob"},{"floor":11.0,"key":"SecretRecord"},{"floor":11.0,"key":"LetterFromLob"},{"floor":12.0,"key":"Replay:Mystery Machine"},{"floor":12.0,"key":"LetterFromLob"},{"floor":13.0,"key":"LetterFromLob"},{"floor":14.0,"key":"vexMod:RetaliationKit"},{"floor":14.0,"key":"LetterFromLob"},{"floor":16.0,"key":"LetterFromLob"},{"floor":18.0,"key":"SecretRecord"},{"floor":18.0,"key":"LetterFromLob"},{"floor":20.0,"key":"LetterFromLob"},{"floor":21.0,"key":"LetterFromLob"}],"event_choices":[{"damage_healed":0.0,"max_hp_gain":0.0,"max_hp_loss":0.0,"gold_gain":0.0,"event_name":"Living Wall","player_choice":"Grow","floor":3.0,"gold_loss":0.0,"damage_taken":0.0,"cards_upgraded":["PowerUp"]},{"damage_healed":0.0,"max_hp_gain":0.0,"max_hp_loss":0.0,"gold_gain":0.0,"event_name":"Cursed Tome","player_choice":"Ignored","floor":19.0,"gold_loss":0.0,"damage_taken":0.0}],"is_beta":false,"boss_relics":[{"not_picked":["Cursed Key","Philosopher\u0027s Stone"],"picked":"vexMod:DeviousBotling"}],"items_purged_floors":[],"is_endless":false,"potions_floor_spawned":[6,7,12,13,14,21],"killed_by":"Shelled Parasite and Fungi","ascension_level":11}}