{"host":"41o2x9tazfds4ymf","time":1608403881,"event":{"mods":["Act Like it!","BaseMod","Better Vampires","Colored Powertips","Gensokyo","Hallownest","Lobotomy","LobotomyExtend","Minty Spire (QoL Compilation)","Remilia（蕾米莉亚）","Shop Mod","StSLib","TestMod","Waifu the Spire","WarShipGirlsR/战舰少女R mod","[IsaacMod]以撒尖塔","【东方二次创作】八云紫mod"],"gold_per_floor":[113,125,125,141,141,141,173,173,227,227,238,272,272,272,272,349,349,361,379,379,379,46,81,95,124,124,124,124,124,124,135,135,154,169,188,188,199,232,247,247,294,325,344,0,0,25,25,98,177],"floor_reached":35,"playtime":2650,"items_purged":["LittlePrince"],"score":2076,"play_id":"0cebed99-ebc9-4659-a14d-f98a1bcc102c","local_time":"20201220025121","is_ascension_mode":true,"campfire_choices":[],"circlet_count":0,"master_deck":["LongBird","SpecialBullet","SpecialBullet","SpecialBullet","SpecialBullet","SpecialBullet","SpecialBullet","SpecialBullet","SpecialBullet","EpicFetus+1","InformationCode","SecurityCode","ExtractionCode","Bloodbath","CherryBlossom+1","WristCuter+1","Noise+1","Soda+1","Moonlight+1","SpiderBud","Twilight+1","WelfareCode","OSAHOGD","DaCapo+1","DaCapo+1","BlackSwan","Pleasure+1","ControlCode","OldLady","Regret_ego+1","SoundOfStar+1","Spore+1","Christmas+1","TrainingCode","PunishingBird","Scarecrow","Laetitia_ego+1","TT2Protocol","WallGazer","Regret_ego+1","SummonCall","SnowQueen","CherryBlossom+1","TheSmile+1","BigBird","Twilight+1","CENSORED_ego+1"],"relics":["CogitoBucket","HushsDoor","testmod-EnergyCheck","BookOfRevelations","MealTicket","LetterFromLob","Bag of Preparation","testmod-PortableAltar","JudasShadow","SkinProphecy","testmod-TestBox","MerchantsRug","Juzu Bracelet","TreeSap","The Courier","Gambling Chip","ChangeAnything","AtMidnight","Tiny Chest","Akabeko","Toy Ornithopter","testmod-TurbochargingSystem","Lizard Tail","Justitia_r","Ancient Tea Set"],"acts_visited":["Gensokyo:Gensokyo","TheCity"],"potions_floor_usage":[35,35],"damage_taken":[{"damage":7.0,"enemies":"Gensokyo:3_Fairies","floor":1.0,"turns":3.0},{"damage":8.0,"enemies":"Gensokyo:Gryphon","floor":2.0,"turns":3.0},{"damage":13.0,"enemies":"Gensokyo:Python","floor":4.0,"turns":3.0},{"damage":20.0,"enemies":"Gensokyo:Mamizou","floor":7.0,"turns":5.0},{"damage":16.0,"enemies":"Gensokyo:2_Rabbits","floor":11.0,"turns":3.0},{"damage":9.0,"enemies":"Gensokyo:Cirno","floor":12.0,"turns":5.0},{"damage":40.0,"enemies":"Gensokyo:Aya","floor":14.0,"turns":9.0},{"damage":0.0,"enemies":"Gensokyo:Reimu","floor":16.0,"turns":6.0},{"damage":1.0,"enemies":"2 Thieves","floor":18.0,"turns":1.0},{"damage":17.0,"enemies":"3 Byrds","floor":19.0,"turns":3.0},{"damage":0.0,"enemies":"Book of Stabbing","floor":23.0,"turns":1.0},{"damage":50.0,"enemies":"Centurion and Healer","floor":24.0,"turns":3.0},{"damage":29.0,"enemies":"Slavers","floor":25.0,"turns":3.0},{"damage":0.0,"enemies":"Cultist and Chosen","floor":31.0,"turns":1.0},{"damage":0.0,"enemies":"3 Byrds","floor":18.0,"turns":2.0},{"damage":0.0,"enemies":"Chosen","floor":19.0,"turns":1.0},{"damage":0,"enemies":"Snake Plant","floor":20,"turns":1},{"damage":0,"enemies":"Cultist and Chosen","floor":22,"turns":2},{"damage":0,"enemies":"Book of Stabbing","floor":23,"turns":2},{"damage":0,"enemies":"Shelled Parasite and Fungi","floor":24,"turns":4},{"damage":0,"enemies":"Slavers","floor":27,"turns":1},{"damage":0,"enemies":"Chosen and Byrds","floor":28,"turns":2},{"damage":0,"enemies":"Gremlin Leader","floor":31,"turns":3},{"damage":0,"enemies":"Champ","floor":33,"turns":5},{"damage":0,"enemies":"Automaton","floor":34,"turns":1},{"damage":0,"enemies":"Malkuth","floor":35,"turns":3},{"damage":0,"enemies":"Netzach","floor":35,"turns":5}],"seed_played":"4983478301015529141","potions_obtained":[{"floor":4.0,"key":"DuplicationPotion"},{"floor":19.0,"key":"LiquidBronze"},{"floor":18.0,"key":"LiquidBronze"},{"floor":33,"key":"Swift Potion"},{"floor":34,"key":"SkillPotion"}],"is_trial":false,"path_per_floor":["M","M","T","M","?","R","E","R","T","R","M","E","T","E","R","B",null,"M","M","?","?","$","E","M","E","T","R","?","?","R","M","R","M","M","M","?","M","E","M","R","T","E","M","$","R","E","R","B","B",null],"character_chosen":"Angela","items_purchased":["JudasShadow","DaCapo+1","MerchantsRug","AnarchistCookbook","Akabeko","Toy Ornithopter","testmod-TurbochargingSystem","Lizard Tail"],"campfire_rested":0,"item_purchase_floors":[17,17,22,22,29,29,29,29],"current_hp_per_floor":[63,63,63,58,48,48,38,38,38,38,30,30,40,38,38,66,70,74,68,68,68,76,81,35,13,13,13,13,1,1,5,4,5,6,11,10,15,20,27,26,25,30,31,30,29,34,33,34,35],"gold":177,"neow_bonus":"RANDOM_COMMON_RELIC","is_daily":false,"chose_seed":false,"campfire_upgraded":0,"win_rate":0.0,"timestamp":1608403881,"path_taken":["M","M","?","M","?","R","E","R","T","R","?","E","?","E","R","BOSS","M","M","?","?","$","E","?","E","T","R","?","?","R","M","R","M","M","M","?","M","E","M","R","T","E","M","$","R","E","R","BOSS","BOSS"],"items_purchased_type":["Relic","Card","Relic","Relic","Relic","Relic","Relic","Relic"],"build_version":"2020-12-13","purchased_purges":1,"victory":true,"max_hp_per_floor":[69,69,69,69,79,79,79,79,79,79,79,79,89,89,89,93,71,74,79,78,77,76,81,82,83,82,81,80,1,1,5,4,5,6,11,10,15,20,27,26,25,30,31,30,29,34,33,34,35],"card_choices":[{"not_picked":[],"picked":"EpicFetus","floor":0.0},{"not_picked":["SwordSharpenedByTears","Laetitia_ego"],"picked":"SKIP","floor":1.0},{"not_picked":["CherryBlossoms","MeatLantern"],"picked":"Bloodbath","floor":2.0},{"not_picked":["TodaysExpression"],"picked":"CherryBlossom","floor":2.0},{"not_picked":["WallGazer","DespairKnight"],"picked":"LittlePrince","floor":4.0},{"not_picked":["Penitence"],"picked":"WristCuter","floor":4.0},{"not_picked":["Penitence","WristCuter"],"picked":"Noise","floor":7.0},{"not_picked":["BeautyBeast","CherryBlossoms","CrumblingArmor"],"picked":"Singing Bowl","floor":7.0},{"not_picked":["MagicBullet+1","SwordSharpenedByTears+1"],"picked":"Soda+1","floor":11.0},{"not_picked":["Penitence+1","Ecstasy+1"],"picked":"Moonlight+1","floor":11.0},{"not_picked":["Murderer","CrumblingArmor","BeautyBeast"],"picked":"Singing Bowl","floor":11.0},{"not_picked":["MHz","OldLady"],"picked":"SpiderBud","floor":11.0},{"not_picked":["CrumblingArmor","WallGazer","Wellcheers"],"picked":"Singing Bowl","floor":12.0},{"not_picked":["Reverberation+1","RedEyes+1","Hornet+1"],"picked":"SKIP","floor":12.0},{"not_picked":["Adoration+1","Pinks+1"],"picked":"Twilight+1","floor":16.0},{"not_picked":["OSAHOGD","Scorched","Scarecrow"],"picked":"Singing Bowl","floor":16.0},{"not_picked":["Woodsman","LaLuna"],"picked":"OSAHOGD","floor":16.0},{"not_picked":["Adoration+1","TheSmile+1"],"picked":"DaCapo+1","floor":16.0},{"not_picked":["Funeral","UniverseFragment","MeatLantern"],"picked":"Singing Bowl","floor":18.0},{"not_picked":["Yin","WhitesApple"],"picked":"BlackSwan","floor":18.0},{"not_picked":["Lamp+1","Regret_ego+1"],"picked":"Pleasure+1","floor":18.0},{"not_picked":["NakedNest","Murderer"],"picked":"OldLady","floor":19.0},{"not_picked":["RedEyes+1","WristCuter+1"],"picked":"Regret_ego+1","floor":19.0},{"not_picked":["RedEyes+1","Lantern+1"],"picked":"Spore+1","floor":23.0},{"not_picked":["BeautyBeast","CENSORED"],"picked":"LongBird","floor":23.0},{"not_picked":["SingingMachine","VoidDream","MHz"],"picked":"Singing Bowl","floor":24.0},{"not_picked":["Soda+1","Pinks+1"],"picked":"Christmas+1","floor":24.0},{"not_picked":["Porccubus","Scorched","MeatLantern"],"picked":"Singing Bowl","floor":25.0},{"not_picked":["LifeForTheDareDevil+1","FrostShard+1","Wingbeat+1"],"picked":"SKIP","floor":25.0},{"not_picked":["UniverseFragment","Murderer","DreamingCurrent"],"picked":"Singing Bowl","floor":31.0},{"not_picked":["WristCuter+1","Penitence+1","TodaysExpression+1"],"picked":"SKIP","floor":31.0},{"not_picked":["DreamingCurrent","CrumblingArmor","NakedNest"],"picked":"Singing Bowl","floor":18.0},{"not_picked":["Penitence+1","Pinks+1","ShedSkin+1"],"picked":"SKIP","floor":18.0},{"not_picked":["DespairKnight","Wellcheers","GalaxyChild"],"picked":"Singing Bowl","floor":19.0},{"not_picked":["Logging+1","RapturousDream+1","BlackSwan_ego+1"],"picked":"SKIP","floor":19.0},{"not_picked":["Variant","VoidDream"],"picked":"PunishingBird","floor":20},{"not_picked":["WristCuter+1","Lantern+1","SwordSharpenedByTears+1"],"picked":"SKIP","floor":20},{"not_picked":["SingingMachine","MeatLantern","FairyFestival"],"picked":"Singing Bowl","floor":22},{"not_picked":["VoidDream","WallGazer"],"picked":"Scarecrow","floor":22},{"not_picked":["Logging+1","MagicBullet+1"],"picked":"Laetitia_ego+1","floor":22},{"not_picked":["Murderer","VoidDream","NakedNest"],"picked":"Singing Bowl","floor":23},{"not_picked":["FieryBird","CENSORED"],"picked":"WallGazer","floor":23},{"not_picked":["Beak+1","Ecstasy+1","RedEyes+1"],"picked":"SKIP","floor":23},{"not_picked":["QueenBee","BigBird"],"picked":"DespairKnight","floor":24},{"not_picked":["Wingbeat+1","Tough+1"],"picked":"Regret_ego+1","floor":24},{"not_picked":["Freischutz","HeroicMonk","RedShoes"],"picked":"Singing Bowl","floor":27},{"not_picked":["LittleHelper","GalaxyChild"],"picked":"SnowQueen","floor":27},{"not_picked":["CUTE+1","Beak+1","WristCuter+1"],"picked":"SKIP","floor":27},{"not_picked":["Amita+1","FrostShard+1"],"picked":"CherryBlossom+1","floor":28},{"not_picked":["Mercenary","MHz","BigBadWolf"],"picked":"Singing Bowl","floor":28},{"not_picked":["Tough+1","Discord+1","Harvest+1"],"picked":"SKIP","floor":28},{"not_picked":["Loneliness+1","SwordSharpenedByTears+1"],"picked":"TheSmile+1","floor":31},{"not_picked":["CrumblingArmor","Rudolta"],"picked":"BigBird","floor":31},{"not_picked":["Porccubus","BlackArmy","HappyTeddy"],"picked":"Singing Bowl","floor":33},{"not_picked":["ParadiseLost+1","Pinks+1"],"picked":"Twilight+1","floor":33},{"not_picked":["BlueStar","UniverseFragment","BlackArmy"],"picked":"Singing Bowl","floor":34},{"not_picked":["TheSmile+1","Pinks+1"],"picked":"CENSORED_ego+1","floor":34}],"player_experience":326617,"relics_obtained":[{"floor":1.0,"key":"LetterFromLob"},{"floor":3.0,"key":"UnicornStump"},{"floor":7.0,"key":"ForgetMeNow"},{"floor":9.0,"key":"Bag of Preparation"},{"floor":12.0,"key":"Meat on the Bone"},{"floor":13.0,"key":"Pear"},{"floor":23.0,"key":"TheBean"},{"floor":25.0,"key":"Regal Pillow"},{"floor":26.0,"key":"Juzu Bracelet"},{"floor":23,"key":"Gambling Chip"},{"floor":24,"key":"AtMidnight"},{"floor":26,"key":"testmod-Acrobat"},{"floor":27,"key":"Tiny Chest"},{"floor":31,"key":"Ancient Tea Set"}],"event_choices":[{"damage_healed":0.0,"max_hp_gain":0.0,"max_hp_loss":0.0,"gold_gain":0.0,"event_name":"The Library","player_choice":"Read","floor":20.0,"gold_loss":0.0,"damage_taken":0.0,"cards_obtained":["SoundOfStar"]},{"damage_healed":0.0,"max_hp_gain":0.0,"max_hp_loss":0.0,"gold_gain":0.0,"event_name":"给自己的盒子","player_choice":"Swap Relic","floor":21.0,"relics_lost":["testmod-TestBox"],"gold_loss":0.0,"damage_taken":0.0,"relics_obtained":["testmod-TestBox"]},{"damage_healed":0.0,"max_hp_gain":5.0,"max_hp_loss":0.0,"gold_gain":0.0,"event_name":"Forgotten Altar","player_choice":"Shed Blood","floor":29.0,"gold_loss":0.0,"damage_taken":28.0},{"damage_healed":0,"gold_gain":0,"player_choice":"Opened","damage_taken":0,"relics_obtained":["The Courier"],"max_hp_gain":0,"max_hp_loss":0,"event_name":"The Mausoleum","floor":21,"gold_loss":0,"cards_obtained":["Writhe"]}],"is_beta":false,"boss_relics":[{"not_picked":["testmod-BloodSacrificeSpiritualization","Cursed Key"],"picked":"testmod-PortableAltar"},{"not_picked":[]}],"items_purged_floors":[17],"is_endless":false,"potions_floor_spawned":[4,19,18,33,34],"ascension_level":20}}