{"host":"udzsrhbqdxqtlypj","time":1608416999,"event":{"mods":["BaseMod","Minty Spire (QoL Compilation)","Relic Stats"],"gold_per_floor":[113,73,86,261,261,261,300,322,322,359,13,48,74,98,98,207,207,233,256,278,53,53,97,97,140,140,140,183,183,208,237,237,348,348,375,393,422,449,181,217,217,256,279,279,308,308,342,353,353,353,353,353,69,95,95],"floor_reached":56,"playtime":6211,"items_purged":["Doubt","Strike_G","Strike_G","Strike_G"],"score":1985,"play_id":"34be7400-01cc-4d5e-9e93-938c3a8ec017","local_time":"20201219162959","is_ascension_mode":true,"campfire_choices":[{"data":"Noxious Fumes","floor":6,"key":"SMITH"},{"data":"Blade Dance","floor":15,"key":"SMITH"},{"data":"Corpse Explosion","floor":24,"key":"SMITH"},{"data":"Leg Sweep","floor":29,"key":"SMITH"},{"data":"Wraith Form v2","floor":32,"key":"SMITH"},{"data":"Calculated Gamble","floor":41,"key":"SMITH"},{"floor":46,"key":"REST"},{"floor":49,"key":"RECALL"},{"floor":52,"key":"DIG"}],"circlet_count":0,"master_deck":["AscendersBane","Strike_G","Defend_G","Defend_G","Defend_G","Defend_G","Defend_G","Survivor","Neutralize","Tactician","Noxious Fumes+1","Predator","Dagger Spray","Distraction","Blade Dance+1","Backflip","PiercingWail","Blade Dance","Deflect","Corpse Explosion+1","Slice+1","Blur+1","Poisoned Stab+1","Calculated Gamble+1","Calculated Gamble+1","Wraith Form v2+1","Leg Sweep+1","Cloak And Dagger+1","Terror","Glass Knife","Underhanded Strike+1","Deflect+1","Dark Shackles","Swift Strike","Deep Breath","Backflip","Footwork","Finisher","Acrobatics","Eviscerate+1","Accuracy","Tactician+1","Reflex","After Image","Tools of the Trade","PiercingWail+1","Expertise+1","Panacea","Caltrops"],"relics":["Ring of the Snake","NeowsBlessing","CeramicFish","InkBottle","Shuriken","Bag of Marbles","Membership Card","White Beast Statue","Ice Cream","SacredBark","Snake Skull","Sling","Blue Candle","Pen Nib","Pantograph","Sundial","Tough Bandages","WristBlade","Shovel","Vajra","Happy Flower","Question Card","Paper Crane","Orrery","Art of War","Bird Faced Urn"],"acts_visited":["Exordium","TheCity","TheBeyond","TheEnding"],"potions_floor_usage":[10,23,25,28,33,33,33,33,40,42,47,54,55,55,55],"damage_taken":[{"damage":0,"enemies":"Jaw Worm","floor":1,"turns":1},{"damage":0,"enemies":"Cultist","floor":3,"turns":1},{"damage":0,"enemies":"Lagavulin","floor":7,"turns":1},{"damage":1,"enemies":"2 Louse","floor":8,"turns":2},{"damage":15,"enemies":"Gremlin Nob","floor":10,"turns":5},{"damage":7,"enemies":"3 Sentries","floor":12,"turns":5},{"damage":9,"enemies":"Blue Slaver","floor":13,"turns":2},{"damage":6,"enemies":"Exordium Thugs","floor":14,"turns":3},{"damage":5,"enemies":"Slime Boss","floor":16,"turns":5},{"damage":1,"enemies":"Chosen","floor":18,"turns":5},{"damage":0,"enemies":"Spheric Guardian","floor":19,"turns":2},{"damage":2,"enemies":"Centurion and Healer","floor":20,"turns":5},{"damage":32,"enemies":"Book of Stabbing","floor":23,"turns":6},{"damage":0,"enemies":"Gremlin Leader","floor":25,"turns":2},{"damage":3,"enemies":"Slavers","floor":28,"turns":2},{"damage":0,"enemies":"Cultist and Chosen","floor":30,"turns":3},{"damage":0,"enemies":"Snecko","floor":31,"turns":3},{"damage":32,"enemies":"Champ","floor":33,"turns":12},{"damage":0,"enemies":"3 Darklings","floor":35,"turns":3},{"damage":0,"enemies":"Orb Walker","floor":36,"turns":2},{"damage":0,"enemies":"4 Shapes","floor":37,"turns":5},{"damage":0,"enemies":"Giant Head","floor":40,"turns":5},{"damage":1,"enemies":"Reptomancer","floor":42,"turns":6},{"damage":24,"enemies":"Maw","floor":45,"turns":6},{"damage":2,"enemies":"Giant Head","floor":47,"turns":6},{"damage":0,"enemies":"Sphere and 2 Shapes","floor":48,"turns":4},{"damage":42,"enemies":"Donu and Deca","floor":50,"turns":6},{"damage":1,"enemies":"Shield and Spear","floor":54,"turns":4},{"damage":18,"enemies":"The Heart","floor":55,"turns":6}],"seed_played":"-5048423432516627439","potions_obtained":[{"floor":2,"key":"Block Potion"},{"floor":2,"key":"GhostInAJar"},{"floor":2,"key":"Weak Potion"},{"floor":10,"key":"Block Potion"},{"floor":20,"key":"Regen Potion"},{"floor":23,"key":"SteroidPotion"},{"floor":25,"key":"LiquidBronze"},{"floor":28,"key":"EntropicBrew"},{"floor":31,"key":"BlessingOfTheForge"},{"floor":33,"key":"Fire Potion"},{"floor":36,"key":"Block Potion"},{"floor":40,"key":"SteroidPotion"},{"floor":42,"key":"Poison Potion"},{"floor":47,"key":"SteroidPotion"},{"floor":54,"key":"ColorlessPotion"}],"is_trial":false,"path_per_floor":["M","?","M","?","T","R","E","M","T","E","$","E","M","M","R","B",null,"M","M","M","$","?","E","R","E","T","?","E","R","M","M","R","B",null,"M","M","M","?","$","E","R","E","T","?","M","R","E","M","R","B",null,"R","$","E","B",null],"character_chosen":"THE_SILENT","items_purchased":["Membership Card","Blade Dance","Backflip","Slice","White Beast Statue","Snake Skull","Sling","Calculated Gamble","Backflip","Footwork","Shovel","Finisher","Reflex","Orrery","Panacea","Caltrops","Art of War"],"campfire_rested":1,"item_purchase_floors":[11,11,11,11,11,21,21,21,39,39,39,39,53,53,53,53,53],"current_hp_per_floor":[63,63,63,63,63,63,63,62,62,47,47,40,31,25,25,20,58,57,57,55,55,42,50,50,50,50,50,47,47,47,47,47,40,66,66,66,66,56,56,56,56,55,55,55,31,53,51,51,51,33,65,65,65,64,65],"gold":95,"neow_bonus":"THREE_ENEMY_KILL","is_daily":false,"chose_seed":false,"campfire_upgraded":6,"win_rate":0.0,"timestamp":1608416999,"path_taken":["M","?","?","?","?","R","E","M","T","E","$","E","M","M","R","BOSS","M","M","M","$","?","E","R","E","T","?","E","R","M","?","R","BOSS","M","?","M","?","$","E","R","E","T","?","?","R","E","M","R","BOSS","R","$","E","BOSS"],"items_purchased_type":["Relic","Card","Card","Card","Relic","Relic","Relic","Card","Card","Card","Relic","Card","Card","Relic","Card","Card","Relic"],"build_version":"2020-12-13","purchased_purges":4,"victory":true,"max_hp_per_floor":[70,70,70,70,70,70,70,70,70,70,70,70,70,70,70,70,70,70,70,70,70,75,75,75,75,75,75,75,75,75,75,75,75,75,75,75,75,75,75,75,75,75,75,75,75,75,75,75,75,75,75,75,75,75,75],"relic_stats":{"Happy Flower":[10],"counters":[29,118],"CeramicFish":351,"Blue Candle":[0],"Snake Skull":[48],"Pen Nib":[19],"Question Card":7,"Tough Bandages":[288],"Shovel":1,"Shuriken":[75],"Sundial":[8],"Pantograph":60,"Bird Faced Urn":[8],"Art of War":[2],"obtain_stats":[{"Ice Cream":12,"CeramicFish":5,"SacredBark":17,"Vajra":40,"Snake Skull":21,"Sling":21,"Tough Bandages":28,"Shovel":39,"WristBlade":34,"Sundial":27,"Pantograph":26,"InkBottle":7,"Ring of the Snake":0,"NeowsBlessing":0,"Happy Flower":42,"Blue Candle":23,"Pen Nib":25,"Paper Crane":52,"Question Card":47,"White Beast Statue":11,"Shuriken":9,"Bird Faced Urn":54,"Orrery":53,"Bag of Marbles":10,"Art of War":53,"Membership Card":11},{"Ice Cream":6,"CeramicFish":2,"SacredBark":9,"Vajra":22,"Snake Skull":12,"Sling":12,"Tough Bandages":15,"Shovel":21,"WristBlade":18,"Sundial":14,"Pantograph":14,"InkBottle":3,"Ring of the Snake":0,"NeowsBlessing":0,"Happy Flower":23,"Blue Candle":13,"Pen Nib":14,"Paper Crane":27,"Question Card":25,"White Beast Statue":5,"Shuriken":4,"Bird Faced Urn":28,"Orrery":27,"Bag of Marbles":5,"Art of War":27,"Membership Card":5},{"Ice Cream":15,"CeramicFish":2,"SacredBark":25,"Vajra":80,"Snake Skull":37,"Sling":37,"Tough Bandages":47,"Shovel":75,"WristBlade":65,"Sundial":45,"Pantograph":45,"InkBottle":3,"Ring of the Snake":0,"NeowsBlessing":0,"Happy Flower":86,"Blue Candle":43,"Pen Nib":45,"Paper Crane":108,"Question Card":98,"White Beast Statue":10,"Shuriken":5,"Bird Faced Urn":112,"Orrery":108,"Bag of Marbles":10,"Art of War":108,"Membership Card":10}],"InkBottle":[61],"Ring of the Snake":[58]},"card_choices":[{"not_picked":["Acrobatics","Riddle With Holes"],"picked":"Tactician","floor":1},{"not_picked":["Sucker Punch","Tactician"],"picked":"Noxious Fumes","floor":3},{"not_picked":["PiercingWail","Unload"],"picked":"Predator","floor":7},{"not_picked":["Flying Knee","Quick Slash"],"picked":"Dagger Spray","floor":8},{"not_picked":["Caltrops","Bouncing Flask"],"picked":"Distraction","floor":10},{"not_picked":["Predator","Heel Hook"],"picked":"PiercingWail","floor":12},{"not_picked":["Wraith Form v2","Underhanded Strike"],"picked":"Blade Dance","floor":13},{"not_picked":["Concentrate","Dodge and Roll"],"picked":"Deflect","floor":14},{"not_picked":["Die Die Die","A Thousand Cuts"],"picked":"Corpse Explosion","floor":16},{"not_picked":["Predator","Dagger Throw"],"picked":"Slice+1","floor":18},{"not_picked":["Bane+1","Dagger Spray"],"picked":"Blur+1","floor":19},{"not_picked":["Infinite Blades","Cloak And Dagger"],"picked":"Poisoned Stab+1","floor":20},{"not_picked":["Setup+1","Dagger Throw"],"picked":"Calculated Gamble+1","floor":23},{"not_picked":["Sucker Punch+1","Bane"],"picked":"Wraith Form v2","floor":25},{"not_picked":["Leg Sweep","Expertise","Blade Dance"],"picked":"SKIP","floor":28},{"not_picked":["Expertise","Blade Dance"],"picked":"Leg Sweep","floor":28},{"not_picked":["Dagger Spray","Slice"],"picked":"Cloak And Dagger+1","floor":30},{"not_picked":["Deflect","Poisoned Stab"],"picked":"Terror","floor":31},{"not_picked":["Die Die Die","Venomology"],"picked":"Glass Knife","floor":33},{"not_picked":["Quick Slash","Sucker Punch+1"],"picked":"Underhanded Strike+1","floor":35},{"not_picked":["Cloak And Dagger","Poisoned Stab+1","Blade Dance"],"picked":"SKIP","floor":36},{"not_picked":["Sucker Punch","Poisoned Stab"],"picked":"Deflect+1","floor":37},{"not_picked":["Mind Blast","Chrysalis"],"picked":"Dark Shackles","floor":38},{"not_picked":["Finesse","Forethought"],"picked":"Swift Strike","floor":38},{"not_picked":["PanicButton","Violence"],"picked":"Deep Breath","floor":38},{"not_picked":["Deflect","Sucker Punch"],"picked":"Acrobatics","floor":40},{"not_picked":["Glass Knife","Backflip"],"picked":"Eviscerate+1","floor":42},{"not_picked":["Sucker Punch+1","Catalyst"],"picked":"Accuracy","floor":45},{"not_picked":["Prepared","Infinite Blades+1"],"picked":"Tactician+1","floor":47},{"not_picked":["Blade Dance+1","Predator","Bane","Calculated Gamble+1"],"picked":"SKIP","floor":48},{"not_picked":["Outmaneuver+1","Poisoned Stab+1","Underhanded Strike+1"],"picked":"After Image","floor":53},{"not_picked":["Cloak And Dagger+1","Concentrate","Underhanded Strike+1"],"picked":"Tools of the Trade","floor":53},{"not_picked":["Poisoned Stab+1","Dagger Spray","Underhanded Strike+1"],"picked":"PiercingWail+1","floor":53},{"not_picked":["Poisoned Stab+1","Terror+1","Bouncing Flask+1"],"picked":"Expertise+1","floor":53},{"not_picked":["Dagger Spray+1","Finisher","Flying Knee","Underhanded Strike"],"picked":"SKIP","floor":54}],"player_experience":2676764,"relics_obtained":[{"floor":5,"key":"CeramicFish"},{"floor":7,"key":"InkBottle"},{"floor":9,"key":"Shuriken"},{"floor":10,"key":"Bag of Marbles"},{"floor":12,"key":"Ice Cream"},{"floor":23,"key":"Blue Candle"},{"floor":25,"key":"Pen Nib"},{"floor":26,"key":"Pantograph"},{"floor":28,"key":"Tough Bandages"},{"floor":40,"key":"Vajra"},{"floor":42,"key":"Happy Flower"},{"floor":47,"key":"Question Card"},{"floor":52,"key":"Paper Crane"},{"floor":54,"key":"Bird Faced Urn"}],"event_choices":[{"damage_healed":0,"gold_gain":0,"player_choice":"Bought 3 Potions","damage_taken":0,"max_hp_gain":0,"max_hp_loss":0,"event_name":"The Woman in Blue","floor":2,"gold_loss":0},{"damage_healed":0,"gold_gain":175,"player_choice":"AGREE","damage_taken":0,"max_hp_gain":0,"max_hp_loss":0,"event_name":"Liars Game","floor":4,"gold_loss":0,"cards_obtained":["Doubt"]},{"damage_healed":0,"gold_gain":0,"player_choice":"Shed Blood","damage_taken":18,"max_hp_gain":5,"max_hp_loss":0,"event_name":"Forgotten Altar","floor":22,"gold_loss":0},{"cards_removed":["Slice"],"damage_healed":0,"gold_gain":0,"player_choice":"Gave Card","damage_taken":0,"relics_obtained":["Sundial"],"max_hp_gain":0,"max_hp_loss":0,"event_name":"WeMeetAgain","floor":27,"gold_loss":0},{"damage_healed":0,"gold_gain":0,"player_choice":"Memory 3","damage_taken":10,"max_hp_gain":0,"max_hp_loss":0,"event_name":"SensoryStone","floor":38,"gold_loss":0},{"cards_removed":["Strike_G"],"damage_healed":0,"gold_gain":0,"player_choice":"Purged","damage_taken":0,"max_hp_gain":0,"max_hp_loss":0,"event_name":"Purifier","floor":44,"gold_loss":0}],"is_beta":false,"boss_relics":[{"not_picked":["Black Star","HoveringKite"],"picked":"SacredBark"},{"not_picked":["SlaversCollar","Empty Cage"],"picked":"WristBlade"}],"items_purged_floors":[11,21,39,53],"is_endless":false,"potions_floor_spawned":[3,10,12,13,14,16,18,19,20,23,25,28,30,31,33,35,36,37,40,42,45,47,48,54],"ascension_level":10}}