{"host":"363c1o4m0ew2jbar","time":1608366744,"event":{"mods":["AchievementEnabler","BaseMod","Better Note","Downfall","Minty Spire (QoL Compilation)","StSLib"],"gold_per_floor":[349,409,438,438,438,465,465,297,297,327,345,360,377,387,403,503,503,428,456,467,486,511,511,511,546,546,546,559,559,296,310,321,421,421,421,468,480,499,524,535,581,616,541,575,185,205,161,161,173,173],"floor_reached":51,"playtime":3186,"items_purged":["Guardian:Defend_Guardian","Guardian:Strike_Guardian","Guardian:Strike_Guardian","Guardian:Strike_Guardian"],"score":1008,"play_id":"42ce0510-6267-4cd0-85d3-4a32695d6582","local_time":"20201218223224","is_ascension_mode":true,"campfire_choices":[{"data":"Guardian:Strike_Guardian","floor":1,"key":"SMITH"},{"floor":5,"key":"REST"},{"data":"Guardian:FuturePlans","floor":9,"key":"SMITH"},{"data":"Guardian:CurlUp","floor":18,"key":"SMITH"},{"floor":23,"key":"REST"},{"data":"Guardian:DecasProtection","floor":27,"key":"SMITH"},{"floor":35,"key":"RECALL"},{"floor":43,"key":"REST"}],"circlet_count":0,"master_deck":["Guardian:Strike_Guardian+1","Guardian:Defend_Guardian","Guardian:Defend_Guardian","Guardian:Defend_Guardian","Guardian:CurlUp+1","Guardian:TwinSlam","Guardian:Preprogram","Guardian:Harden","Guardian:BronzeArmor","Guardian:FierceBash","Guardian:FuturePlans+1","Guardian:Orbwalk","Guardian:DecasProtection+1","Guardian:TimeCapacitor","Guardian:Recover+1","Guardian:PiercingHide+1","Guardian:EvasiveProtocol+1","Guardian:BronzeOrb","Guardian:SpikerProtocol+1","Guardian:FloatingOrbs+1","Guardian:DecasProtection+1","Guardian:Planning+1","Guardian:PolyBeam+1","Guardian:Repulse+1","expansioncontent:DefensiveStance+1"],"relics":["Guardian:ModeShifter","Anchor","Dream Catcher","MealTicket","Letter Opener","Bottled Lightning","Black Star","downfall:HeartBlessingGreen","Lantern","Dead Branch","Pantograph","Frozen Egg 2","Gremlin Horn","Pen Nib","Kunai","MutagenicStrength","OrangePellets","Philosopher\u0027s Stone","Thread and Needle","White Beast Statue","Strawberry","Guardian:PocketSentry","Omamori","Ice Cream","downfall:HeartBlessingRed","Vajra","Toy Ornithopter","InkBottle","Lee\u0027s Waffle"],"acts_visited":["Exordium","TheCity","TheBeyond"],"potions_floor_usage":[8,10,16,16,19,22,22,32,33,39,44,45],"damage_taken":[{"damage":14,"enemies":"3 Sentries","floor":2,"turns":10},{"damage":23,"enemies":"3 Sentries","floor":3,"turns":11},{"damage":20,"enemies":"Gremlin Nob","floor":6,"turns":6},{"damage":0,"enemies":"downfall:FleeingMerchant","floor":8,"turns":4},{"damage":13,"enemies":"Lagavulin","floor":10,"turns":8},{"damage":0,"enemies":"Jaw Worm","floor":11,"turns":4},{"damage":1,"enemies":"Small Slimes","floor":12,"turns":4},{"damage":0,"enemies":"Cultist","floor":13,"turns":4},{"damage":2,"enemies":"Large Slime","floor":14,"turns":5},{"damage":0,"enemies":"Exordium Wildlife","floor":15,"turns":3},{"damage":12,"enemies":"downfall:Ironclad","floor":16,"turns":7},{"damage":29,"enemies":"Gremlin Leader","floor":19,"turns":5},{"damage":0,"enemies":"3 Byrds","floor":20,"turns":3},{"damage":12,"enemies":"Shell Parasite","floor":21,"turns":6},{"damage":10,"enemies":"Slavers","floor":22,"turns":7},{"damage":8,"enemies":"Gremlin Leader","floor":25,"turns":7},{"damage":11,"enemies":"Shelled Parasite and Fungi","floor":28,"turns":5},{"damage":2,"enemies":"downfall:FleeingMerchant","floor":30,"turns":4},{"damage":0,"enemies":"Snake Plant","floor":31,"turns":3},{"damage":0,"enemies":"3 Cultists","floor":32,"turns":4},{"damage":10,"enemies":"downfall:Silent","floor":33,"turns":5},{"damage":11,"enemies":"2 Orb Walkers","floor":36,"turns":4},{"damage":0,"enemies":"3 Shapes","floor":37,"turns":3},{"damage":0,"enemies":"Orb Walker","floor":38,"turns":3},{"damage":45,"enemies":"Reptomancer","floor":39,"turns":5},{"damage":0,"enemies":"4 Shapes","floor":40,"turns":1},{"damage":0,"enemies":"Giant Head","floor":42,"turns":8},{"damage":0,"enemies":"Nemesis","floor":44,"turns":3},{"damage":6,"enemies":"downfall:FleeingMerchant","floor":45,"turns":4},{"damage":0,"enemies":"Jaw Worm Horde","floor":46,"turns":2},{"damage":0,"enemies":"downfall:FleeingMerchant","floor":47,"turns":2},{"damage":0,"enemies":"Transient","floor":49,"turns":5},{"damage":0,"enemies":"downfall:Defect","floor":50,"turns":5}],"seed_played":"8113873876149160394","potions_obtained":[{"floor":6,"key":"DistilledChaos"},{"floor":10,"key":"Fruit Juice"},{"floor":11,"key":"Regen Potion"},{"floor":15,"key":"Swift Potion"},{"floor":16,"key":"AttackPotion"},{"floor":19,"key":"Dexterity Potion"},{"floor":20,"key":"Block Potion"},{"floor":25,"key":"CultistPotion"},{"floor":31,"key":"Swift Potion"},{"floor":32,"key":"ColorlessPotion"},{"floor":40,"key":"Slimebound:ThreeZeroPotion"},{"floor":42,"key":"SmokeBomb"},{"floor":44,"key":"hexamod:EctoCoolerPotion"},{"floor":45,"key":"Weak Potion"},{"floor":46,"key":"Regen Potion"},{"floor":47,"key":"Fire Potion"},{"floor":49,"key":"DuplicationPotion"}],"is_trial":false,"path_per_floor":["R","?","E","?","R","E","T","$","R","E","M","M","M","M","M","B",null,"R","E","M","M","E","R","T","E","?","R","M","?","$","M","M","B",null,"R","?","M","M","E","M","T","E","R","E","?","M","$","?","M","B",null],"character_chosen":"GUARDIAN","items_purchased":["Guardian:FuturePlans","OrangePellets","InkBottle","Lee\u0027s Waffle","expansioncontent:DefensiveStance+1"],"campfire_rested":3,"item_purchase_floors":[8,30,45,47,47],"current_hp_per_floor":[72,58,35,35,56,36,36,51,51,43,43,42,42,40,40,43,77,77,48,48,36,26,49,49,41,41,41,30,30,43,43,43,58,77,77,66,66,66,28,28,28,28,53,53,52,52,91,91,91,91],"gold":173,"neow_bonus":"TWO_FIFTY_GOLD","is_daily":false,"chose_seed":false,"campfire_upgraded":4,"win_rate":0.0,"timestamp":1608366744,"path_taken":["R","?","E","?","R","E","T","$","R","E","M","M","M","?","M","BOSS","R","E","M","M","E","R","T","E","?","R","?","?","$","M","M","BOSS","R","?","M","M","E","M","T","E","R","E","?","?","$","?","M","BOSS"],"items_purchased_type":["Card","Relic","Relic","Relic","Card"],"build_version":"2020-12-13","purchased_purges":4,"victory":true,"max_hp_per_floor":[72,72,72,72,72,72,72,72,72,77,77,77,77,77,77,77,77,77,77,77,77,77,77,77,77,77,77,77,77,77,77,77,77,77,77,77,77,77,84,84,84,84,84,84,84,84,91,91,91,91],"card_choices":[{"not_picked":["Guardian:ChargeCore","Guardian:WalkerClaw"],"picked":"Guardian:Preprogram","floor":2},{"not_picked":["Guardian:Reroute","Guardian:BronzeOrb"],"picked":"Guardian:Harden","floor":3},{"not_picked":["Guardian:Gem_Lightblue","Guardian:Reroute"],"picked":"Guardian:BronzeArmor","floor":5},{"not_picked":["Guardian:Gem_Lightblue","Guardian:Planning"],"picked":"Guardian:FierceBash","floor":6},{"not_picked":["Guardian:HyperBeam_Guardian","Guardian:PiercingHide"],"picked":"Guardian:Gem_Blue","floor":8},{"not_picked":["Guardian:MultiBeam","Guardian:GuardianWhirl"],"picked":"Guardian:Orbwalk","floor":10},{"not_picked":["Guardian:Gem_Green","Guardian:Suspension","Guardian:VentSteam"],"picked":"SKIP","floor":11},{"not_picked":["Guardian:PrismaticBeam","Guardian:TemporalShield"],"picked":"Guardian:Gem_Orange","floor":12},{"not_picked":["Guardian:SentryBeam","Guardian:Gem_Red","Guardian:RollAttack"],"picked":"SKIP","floor":13},{"not_picked":["Guardian:VentSteam","Guardian:Suspension","Guardian:Gem_Red"],"picked":"SKIP","floor":14},{"not_picked":["Guardian:Gem_Green","Guardian:Gem_Red"],"picked":"Guardian:DecasProtection","floor":15},{"not_picked":["Guardian:StasisStrike","Guardian:GemFire"],"picked":"Guardian:Gem_Orange","floor":16},{"not_picked":["Guardian:CrystalBeam","Guardian:RollAttack","Guardian:Gem_Cyan"],"picked":"SKIP","floor":19},{"not_picked":["Guardian:Gem_Cyan","Guardian:FuturePlans+1"],"picked":"Guardian:TimeCapacitor","floor":20},{"not_picked":["Guardian:Gem_Red","Guardian:Gem_Purple"],"picked":"Guardian:Recover+1","floor":21},{"not_picked":["Guardian:FierceBash","Guardian:Gem_Lightblue"],"picked":"Guardian:PiercingHide+1","floor":22},{"not_picked":["Guardian:CrystalBeam","Guardian:PiercingHide"],"picked":"Guardian:EvasiveProtocol+1","floor":23},{"not_picked":["Guardian:Clone","Guardian:Gem_Purple"],"picked":"Guardian:BronzeOrb","floor":25},{"not_picked":["Guardian:PrismaticBeam","Guardian:ShieldCharger","Guardian:FuturePlans+1"],"picked":"SKIP","floor":28},{"not_picked":["Guardian:Harden","Guardian:EvasiveProtocol+1"],"picked":"Guardian:SpikerProtocol+1","floor":30},{"not_picked":["Guardian:HyperBeam_Guardian","Guardian:RefractedBeam","Guardian:VentSteam+1"],"picked":"SKIP","floor":31},{"not_picked":["Guardian:Suspension","Guardian:TemporalStrike"],"picked":"Guardian:FloatingOrbs+1","floor":32},{"not_picked":["Guardian:ChargeCore","Guardian:SentryBeam","Guardian:GuardianWhirl+1"],"picked":"SKIP","floor":37},{"not_picked":["Guardian:VentSteam","Guardian:Preprogram","Guardian:PrimingBeam"],"picked":"SKIP","floor":38},{"not_picked":["Guardian:BronzeOrb+1","Guardian:WalkerClaw"],"picked":"Guardian:DecasProtection+1","floor":39},{"not_picked":["Guardian:SentryBeam","Guardian:Suspension+1"],"picked":"Guardian:Planning+1","floor":40},{"not_picked":["Guardian:EvasiveProtocol+1","Guardian:FierceBash"],"picked":"Guardian:Gem_Fragmented","floor":42},{"not_picked":["Guardian:BronzeArmor","Guardian:PrimingBeam+1"],"picked":"Guardian:PolyBeam+1","floor":44},{"not_picked":["Guardian:Gem_Crimson","Guardian:Harden"],"picked":"Guardian:Repulse+1","floor":45},{"not_picked":["Guardian:ShieldSpikes+1","Guardian:Emergency+1","Guardian:WalkerClaw"],"picked":"SKIP","floor":46},{"not_picked":["Guardian:Reroute+1","Guardian:Gem_Red","Guardian:TimeCapacitor+1"],"picked":"SKIP","floor":47},{"not_picked":["Guardian:MultiBeam+1","Guardian:Gem_Lightblue","Guardian:SpikerProtocol+1"],"picked":"SKIP","floor":49}],"player_experience":1110945,"relics_obtained":[{"floor":2,"key":"Anchor"},{"floor":3,"key":"Dream Catcher"},{"floor":6,"key":"MealTicket"},{"floor":7,"key":"Letter Opener"},{"floor":10,"key":"Bottled Lightning"},{"floor":19,"key":"Lantern"},{"floor":19,"key":"Dead Branch"},{"floor":22,"key":"Pantograph"},{"floor":22,"key":"Frozen Egg 2"},{"floor":24,"key":"Gremlin Horn"},{"floor":25,"key":"Pen Nib"},{"floor":25,"key":"Kunai"},{"floor":36,"key":"Thread and Needle"},{"floor":39,"key":"White Beast Statue"},{"floor":39,"key":"Strawberry"},{"floor":41,"key":"Guardian:PocketSentry"},{"floor":42,"key":"Omamori"},{"floor":42,"key":"Ice Cream"},{"floor":44,"key":"Vajra"},{"floor":44,"key":"Toy Ornithopter"}],"event_choices":[{"cards_removed":["Guardian:Strike_Guardian"],"damage_healed":0,"gold_gain":0,"player_choice":"Give","damage_taken":0,"max_hp_gain":0,"max_hp_loss":0,"event_name":"betterNote:BetterNote","floor":26,"gold_loss":0,"cards_obtained":["Guardian:Strike_Guardian"]},{"damage_healed":0,"gold_gain":0,"player_choice":"Inject Mutagens","damage_taken":0,"relics_obtained":["MutagenicStrength"],"max_hp_gain":0,"max_hp_loss":0,"event_name":"Drug Dealer","floor":29,"gold_loss":0},{"damage_healed":0,"gold_gain":0,"player_choice":"Fight","damage_taken":0,"max_hp_gain":0,"max_hp_loss":0,"event_name":"Mysterious Sphere","floor":36,"gold_loss":0}],"is_beta":false,"boss_relics":[{"not_picked":["Guardian:StasisSlotReductionRelic","Calling Bell"],"picked":"Black Star"},{"not_picked":["Sozu","Runic Pyramid"],"picked":"Philosopher\u0027s Stone"}],"items_purged_floors":[8,30,45,47],"is_endless":false,"potions_floor_spawned":[6,10,11,15,16,19,20,25,31,32,40,42,44,45,46,47,49],"ascension_level":1}}