{"host":"q87smtchbkq9l0at","time":1608372549,"event":{"mods":["BaseMod","Colored Map","Colored Powertips","Minty Spire (QoL Compilation)","Quick Restart","StSLib","SuperFastMode","noobMod"],"gold_per_floor":[116,130,130,145,145,180,180,199,199,231,15,45,58,71,71,175,175,185,185,284,304,304,339,351,380,403,428,428,438,455,471,471,573,573,573,573],"floor_reached":35,"playtime":1347,"items_purged":["Strike_R"],"score":616,"play_id":"4f2217c5-ca9a-4b04-bba2-812eba51f0c8","local_time":"20201219180909","is_ascension_mode":true,"campfire_choices":[{"data":"Juggernaut","floor":7.0,"key":"SMITH"},{"floor":15,"key":"RECALL"},{"data":"Metallicize","floor":28,"key":"SMITH"},{"data":"Iron Wave","floor":32,"key":"SMITH"}],"circlet_count":0,"master_deck":["Defend_R+1","Defend_R","Defend_R+1","Juggernaut+1","Metallicize+1","Sentinel","Iron Wave","Armaments+1","Finesse+1","Shrug It Off+1","Seeing Red+1","True Grit+1","Offering+1","True Grit+1","Madness+1","Battle Trance+1","Ghostly Armor+1","Iron Wave+1","Pummel+1","Entrench+1","Flame Barrier+1"],"relics":["Burning Blood","ice","GremlinMask","Turnip","Toxic Egg 2","White Beast Statue","Empty Cage","StrikeDummy","Pen Nib","Lantern","War Paint","Astrolabe"],"acts_visited":["Exordium","TheCity","TheBeyond"],"potions_floor_usage":[8,14,16,16,21,23,24,24,27,30,30,33,33,33],"damage_taken":[{"damage":1.0,"enemies":"Cultist","floor":1.0,"turns":4.0},{"damage":8.0,"enemies":"Jaw Worm","floor":2.0,"turns":5.0},{"damage":14.0,"enemies":"Small Slimes","floor":4.0,"turns":4.0},{"damage":50.0,"enemies":"Gremlin Nob","floor":6.0,"turns":6.0},{"damage":8,"enemies":"Gremlin Gang","floor":8,"turns":4},{"damage":14,"enemies":"3 Sentries","floor":10,"turns":7},{"damage":0,"enemies":"Lagavulin","floor":12,"turns":6},{"damage":5,"enemies":"Exordium Wildlife","floor":13,"turns":4},{"damage":0,"enemies":"2 Fungi Beasts","floor":14,"turns":4},{"damage":39,"enemies":"Hexaghost","floor":16,"turns":8},{"damage":6,"enemies":"Chosen","floor":18,"turns":4},{"damage":6,"enemies":"3 Byrds","floor":21,"turns":5},{"damage":10,"enemies":"Slavers","floor":23,"turns":6},{"damage":6,"enemies":"Shelled Parasite and Fungi","floor":24,"turns":3},{"damage":6,"enemies":"Book of Stabbing","floor":25,"turns":5},{"damage":12,"enemies":"Slavers","floor":27,"turns":5},{"damage":6,"enemies":"Snake Plant","floor":29,"turns":4},{"damage":6,"enemies":"Centurion and Healer","floor":30,"turns":4},{"damage":15,"enemies":"Snecko","floor":31,"turns":5},{"damage":6,"enemies":"Automaton","floor":33,"turns":8},{"damage":0,"enemies":"Orb Walker","floor":35,"turns":1}],"seed_played":"4502892213309298322","potions_obtained":[{"floor":6.0,"key":"Fire Potion"},{"floor":10,"key":"BloodPotion"},{"floor":12,"key":"BloodPotion"},{"floor":13,"key":"Ancient Potion"},{"floor":14,"key":"FearPotion"},{"floor":16,"key":"SteroidPotion"},{"floor":18,"key":"GamblersBrew"},{"floor":21,"key":"Energy Potion"},{"floor":23,"key":"DistilledChaos"},{"floor":24,"key":"SkillPotion"},{"floor":25,"key":"Fire Potion"},{"floor":27,"key":"SkillPotion"},{"floor":29,"key":"LiquidBronze"},{"floor":30,"key":"EssenceOfSteel"},{"floor":31,"key":"LiquidBronze"},{"floor":33,"key":"PowerPotion"}],"is_trial":false,"path_per_floor":["M","M","?","M","?","E","R","M","T","E","$","E","M","M","R","B",null,"M","?","?","M","?","E","M","E","T","E","R","M","M","M","R","B",null,"M"],"character_chosen":"IRONCLAD","items_purchased":["Finesse+1","Shrug It Off+1"],"campfire_rested":0,"item_purchase_floors":[11,11],"current_hp_per_floor":[80,78,71,63,63,19,19,17,17,82,82,84,85,89,89,75,101,101,80,80,80,80,76,76,76,76,70,70,70,70,61,61,61,196,196,196],"gold":573,"neow_bonus":"TRANSFORM_CARD","is_daily":false,"chose_seed":false,"campfire_upgraded":3,"win_rate":0.0,"timestamp":1608372549,"path_taken":["M","?","?","M","?","E","R","M","T","E","$","E","?","M","R","BOSS","M","?","?","M","?","E","M","E","T","E","R","?","?","M","R","BOSS","M"],"items_purchased_type":["Card","Card"],"build_version":"2020-12-13","purchased_purges":1,"victory":false,"max_hp_per_floor":[80,80,80,80,80,80,80,80,80,82,82,84,87,89,89,101,101,103,108,108,146,146,158,160,170,170,180,180,183,187,190,190,196,196,196,196],"card_choices":[{"not_picked":["Pommel Strike","Anger","Carnage"],"picked":"SKIP","floor":1.0},{"not_picked":["Warcry","Heavy Blade"],"picked":"Metallicize","floor":2.0},{"not_picked":["Pommel Strike","Clash","Twin Strike"],"picked":"SKIP","floor":4.0},{"not_picked":["Armaments","Demon Form"],"picked":"Sentinel","floor":6.0},{"not_picked":["Heavy Blade","Twin Strike"],"picked":"Iron Wave","floor":8},{"not_picked":["Sword Boomerang","Perfected Strike"],"picked":"Armaments+1","floor":10},{"not_picked":["Metallicize","Fire Breathing"],"picked":"Seeing Red+1","floor":12},{"not_picked":["Sword Boomerang","Twin Strike","Carnage"],"picked":"SKIP","floor":13},{"not_picked":["Uppercut","Intimidate+1"],"picked":"True Grit+1","floor":14},{"not_picked":["Limit Break+1","Immolate"],"picked":"Offering+1","floor":16},{"not_picked":["Evolve","Disarm+1"],"picked":"True Grit+1","floor":18},{"not_picked":["Havoc+1","Clash","True Grit+1"],"picked":"SKIP","floor":21},{"not_picked":["Carnage","Reaper","Second Wind+1"],"picked":"SKIP","floor":23},{"not_picked":["Clash","Searing Blow+1","Rage+1"],"picked":"SKIP","floor":24},{"not_picked":["Pommel Strike","Perfected Strike","Anger"],"picked":"SKIP","floor":25},{"not_picked":["Evolve+1","Heavy Blade","Headbutt"],"picked":"SKIP","floor":27},{"not_picked":["Bloodletting+1","Havoc+1"],"picked":"Battle Trance+1","floor":29},{"not_picked":["True Grit+1","Perfected Strike"],"picked":"Ghostly Armor+1","floor":30},{"not_picked":["Sever Soul","Armaments+1"],"picked":"Iron Wave","floor":31},{"not_picked":["Fiend Fire","Demon Form"],"picked":"Reaper","floor":33}],"player_experience":44917,"relics_obtained":[{"floor":6.0,"key":"Turnip"},{"floor":10,"key":"Toxic Egg 2"},{"floor":12,"key":"White Beast Statue"},{"floor":23,"key":"StrikeDummy"},{"floor":25,"key":"Pen Nib"},{"floor":26,"key":"Lantern"},{"floor":27,"key":"War Paint"}],"event_choices":[{"cards_removed":["Strike_R"],"damage_healed":0.0,"max_hp_gain":0.0,"max_hp_loss":0.0,"gold_gain":0.0,"event_name":"Golden Wing","player_choice":"Card Removal","floor":3.0,"gold_loss":0.0,"damage_taken":7.0},{"damage_healed":0.0,"max_hp_gain":0.0,"max_hp_loss":0.0,"gold_gain":0.0,"event_name":"FaceTrader","player_choice":"Trade","floor":5.0,"gold_loss":0.0,"damage_taken":0.0,"relics_obtained":["GremlinMask"]},{"damage_healed":0,"gold_gain":0,"player_choice":"Shed Blood","damage_taken":26,"max_hp_gain":5,"max_hp_loss":0,"event_name":"Forgotten Altar","floor":19,"gold_loss":0},{"damage_healed":0,"gold_gain":99,"player_choice":"Stole From Cult","damage_taken":0,"max_hp_gain":0,"max_hp_loss":0,"event_name":"Nest","floor":20,"gold_loss":0},{"damage_healed":0,"gold_gain":0,"player_choice":"1 cards matched","damage_taken":0,"max_hp_gain":0,"max_hp_loss":0,"event_name":"Match and Keep!","floor":22,"gold_loss":0,"cards_obtained":["Madness"]}],"is_beta":false,"boss_relics":[{"not_picked":["Coffee Dripper","Runic Cube"],"picked":"Empty Cage"},{"not_picked":["Velvet Choker","Snecko Eye"],"picked":"Astrolabe"}],"items_purged_floors":[11],"is_endless":false,"potions_floor_spawned":[6,10,12,13,14,16,18,21,23,24,25,27,29,30,31,33],"killed_by":"Orb Walker","ascension_level":1}}