{"host":"yuhy0i501zzmn1iz","time":1608352126,"event":{"mods":["BaseMod","Better Third Choice","Downfall","Minty Spire (QoL Compilation)","StSLib","The Blue Laboratory"],"gold_per_floor":[99,114,140,152,165,177,227,227,227,227,25,96,96,81,100,201,201,201,32,32,32,32,32,32,32,17,17,32,45,45,20,39,137,137,137,137,137,61,95,114,183,211,211,211],"floor_reached":43,"playtime":3035,"items_purged":[],"score":450,"play_id":"a7e31ec5-4af4-4213-b080-d11fc28f01b5","local_time":"20201218232846","is_ascension_mode":false,"campfire_choices":[{"data":"hexamod:Sear","floor":1.0,"key":"SMITH"},{"floor":10.0,"key":"REST"},{"data":"expansioncontent:DashGenerateEvil","floor":18.0,"key":"SMITH"},{"floor":21.0,"key":"REST"},{"data":"hexamod:CrushingStance","floor":23.0,"key":"SMITH"},{"data":"hexamod:GhostOfSpirePresent","floor":27.0,"key":"SMITH"},{"data":"hexamod:Again","floor":35.0,"key":"SMITH"},{"data":"expansioncontent:Flail","floor":37.0,"key":"SMITH"}],"circlet_count":0,"master_deck":["hexamod:Strike+1","hexamod:Strike+1","hexamod:Strike+1","hexamod:Defend+1","hexamod:Defend+1","hexamod:Defend+1","hexamod:Sear+1","hexamod:Float+1","hexamod:RecurringNightmare+1","hexamod:SixthSeal","hexamod:Rewind+1","hexamod:FastForward+1","hexamod:BurningTouch+1","hexamod:GhostOfSpirePresent+1","hexamod:EmpoweredFlame+1","expansioncontent:DashGenerateEvil+1","hexamod:UnleashSpirits+1","hexamod:RainOfEmbers+1","hexamod:CrushingStance+1","hexamod:Hexaguard","hexamod:FirstSeal","hexamod:HeatCrush","hexamod:SecondSeal","hexamod:FourthSeal","hexamod:HeatShield+1","hexamod:ChargedBarrage+1","expansioncontent:Flail+1","hexamod:Again+1","hexamod:NecessarySacrifice","hexamod:FifthSeal","hexamod:SearingWound","hexamod:SoulSteal","hexamod:SpectralAdrenaline+1","hexamod:ThirdSeal","hexamod:SpectersWail+1","hexamod:ExtraCrispy+1","hexamod:GhostLash+1"],"relics":["hexamod:SpiritBrand","Pantograph","War Paint","Frozen Egg 2","Black Star","Lee\u0027s Waffle","Shuriken","FossilizedHelix","PreservedInsect","Runic Pyramid","Pocketwatch","Pen Nib"],"acts_visited":["Exordium","TheCity","TheBeyond"],"potions_floor_usage":[43],"damage_taken":[{"damage":0.0,"enemies":"Small Slimes","floor":2.0,"turns":3.0},{"damage":26.0,"enemies":"Gremlin Nob","floor":3.0,"turns":5.0},{"damage":7.0,"enemies":"Jaw Worm","floor":4.0,"turns":5.0},{"damage":4.0,"enemies":"2 Louse","floor":5.0,"turns":3.0},{"damage":1.0,"enemies":"Blue Slaver","floor":6.0,"turns":3.0},{"damage":4.0,"enemies":"downfall:FleeingMerchant","floor":11.0,"turns":4.0},{"damage":5.0,"enemies":"downfall:FleeingMerchant","floor":14.0,"turns":4.0},{"damage":9.0,"enemies":"Exordium Wildlife","floor":15.0,"turns":4.0},{"damage":21.0,"enemies":"downfall:Watcher","floor":16.0,"turns":9.0},{"damage":14.0,"enemies":"downfall:FleeingMerchant","floor":19.0,"turns":4.0},{"damage":6.0,"enemies":"downfall:FleeingMerchant","floor":26.0,"turns":4.0},{"damage":0.0,"enemies":"3 Byrds","floor":28.0,"turns":4.0},{"damage":0.0,"enemies":"Snecko","floor":29.0,"turns":4.0},{"damage":0.0,"enemies":"downfall:FleeingMerchant","floor":31.0,"turns":3.0},{"damage":26.0,"enemies":"Snake Plant","floor":32.0,"turns":4.0},{"damage":15.0,"enemies":"downfall:Defect","floor":33.0,"turns":7.0},{"damage":62.0,"enemies":"Reptomancer","floor":39.0,"turns":6.0},{"damage":17.0,"enemies":"Orb Walker","floor":40.0,"turns":4.0},{"damage":19.0,"enemies":"3 Shapes","floor":42.0,"turns":3.0},{"damage":22,"enemies":"Spire Growth","floor":43,"turns":2}],"seed_played":"1177609036704673726","potions_obtained":[{"floor":4.0,"key":"blueLaboratory:AbyssPotion"},{"floor":5.0,"key":"AttackPotion"},{"floor":15.0,"key":"Energy Potion"},{"floor":25.0,"key":"CultistPotion"},{"floor":28.0,"key":"Dexterity Potion"},{"floor":29.0,"key":"blueLaboratory:HummingbirdPotion"},{"floor":32.0,"key":"SteroidPotion"},{"floor":33.0,"key":"sneckomod:MuddlingPotion"},{"floor":39.0,"key":"LiquidBronze"}],"is_trial":false,"path_per_floor":["R","M","E","M","M","M","T","?","?","R","$","T","?","$","M","B",null,"R","$","?","R","?","R","T","?","$","R","M","M","?","$","M","B",null,"R","?","R","$","E","M","T","M","M"],"character_chosen":"THE_SPIRIT","items_purchased":["expansioncontent:DashGenerateEvil","Lee\u0027s Waffle","hexamod:ChargedBarrage","expansioncontent:Flail","hexamod:Again","PreservedInsect","hexamod:SoulSteal"],"campfire_rested":2,"item_purchase_floors":[11,19,31,31,31,31,38],"current_hp_per_floor":[70,70,44,37,33,32,32,32,32,53,49,49,42,37,28,32,70,70,77,63,82,82,82,82,82,76,76,82,82,82,82,63,67,82,82,82,82,82,37,27,27,15,0,0],"gold":211,"neow_bonus":"UPGRADE_CARD","is_daily":false,"chose_seed":false,"campfire_upgraded":6,"win_rate":0.0,"timestamp":1608352126,"path_taken":["R","M","E","M","M","M","T","?","?","R","?","?","?","$","M","BOSS","R","$","?","R","?","R","T","?","$","R","M","?","?","$","M","BOSS","R","?","R","$","E","?","T","M","M"],"items_purchased_type":["Card","Relic","Card","Card","Card","Relic","Card"],"build_version":"2020-12-13","purchased_purges":0,"victory":false,"max_hp_per_floor":[70,70,70,70,70,70,70,70,70,70,70,70,70,70,70,70,70,70,77,82,82,82,82,82,82,82,82,82,82,82,82,82,82,82,82,82,82,82,82,82,82,82,82,82],"card_choices":[{"not_picked":["hexamod:FastForward","hexamod:NightmareGuise"],"picked":"hexamod:RecurringNightmare","floor":2.0},{"not_picked":["hexamod:DynamicBlow","hexamod:FastForward"],"picked":"hexamod:SixthSeal","floor":3.0},{"not_picked":["hexamod:RainOfEmbers","hexamod:SkipABeat"],"picked":"hexamod:Rewind","floor":4.0},{"not_picked":["hexamod:ShieldOfDarkness","hexamod:NightmareGuise"],"picked":"hexamod:FastForward","floor":5.0},{"not_picked":["hexamod:ParanormalForm","hexamod:GhostOfSpirePresent"],"picked":"hexamod:BurningTouch","floor":6.0},{"not_picked":["hexamod:InspiringFlames","hexamod:BurningTouch"],"picked":"hexamod:EmpoweredFlame","floor":11.0},{"not_picked":["hexamod:GhostflameBarrier","hexamod:RecurringNightmare"],"picked":"hexamod:UnleashSpirits","floor":14.0},{"not_picked":["hexamod:GhostOfSpirePresent+1","hexamod:ThermalTransfer"],"picked":"hexamod:RainOfEmbers","floor":15.0},{"not_picked":["hexamod:TimeWarp","hexamod:VolcanoVisage+1"],"picked":"hexamod:CrushingStance","floor":16.0},{"not_picked":["hexamod:ShieldOfDarkness","hexamod:ThermalTransfer"],"picked":"hexamod:Hexaguard","floor":19.0},{"not_picked":["hexamod:PhantomFireball","hexamod:VolcanoVisage+1"],"picked":"hexamod:FirstSeal","floor":26.0},{"not_picked":["hexamod:AdvancingGuard","hexamod:GhostOfSpireFuture+1"],"picked":"hexamod:HeatCrush","floor":28.0},{"not_picked":["hexamod:FastForward+1","hexamod:SkipABeat+1"],"picked":"hexamod:SecondSeal","floor":29.0},{"not_picked":["hexamod:SkipABeat","hexamod:ShieldOfDarkness"],"picked":"hexamod:HeatShield","floor":31.0},{"not_picked":["hexamod:EtherealExpedition","hexamod:BacktrackSmack+1"],"picked":"hexamod:NecessarySacrifice","floor":32.0},{"not_picked":["hexamod:WildfireWeapon+1","hexamod:VolcanoVisage+1"],"picked":"hexamod:FifthSeal","floor":33.0},{"not_picked":["hexamod:AdvancingGuard+1","hexamod:GhostShield"],"picked":"hexamod:SpectralAdrenaline+1","floor":39.0},{"not_picked":["hexamod:SixthSeal","hexamod:FourthSeal"],"picked":"hexamod:ThirdSeal","floor":40.0},{"not_picked":["hexamod:PhantomCloak+1","hexamod:NightmareGuise+1"],"picked":"hexamod:SpectersWail+1","floor":40.0},{"not_picked":["hexamod:Hexaguard+1","hexamod:NightmareGuise"],"picked":"hexamod:ExtraCrispy+1","floor":42.0},{"not_picked":["hexamod:SecondSeal","hexamod:HeatShield"],"picked":"hexamod:GhostLash+1","floor":42.0}],"player_experience":203626,"relics_obtained":[{"floor":3.0,"key":"Pantograph"},{"floor":7.0,"key":"War Paint"},{"floor":12.0,"key":"Frozen Egg 2"},{"floor":24.0,"key":"FossilizedHelix"},{"floor":39.0,"key":"Pocketwatch"},{"floor":39.0,"key":"Pen Nib"}],"event_choices":[{"damage_healed":0.0,"max_hp_gain":0.0,"max_hp_loss":0.0,"gold_gain":0.0,"cards_transformed":["hexamod:Defend"],"event_name":"Living Wall","player_choice":"Change","floor":8.0,"gold_loss":0.0,"damage_taken":0.0,"cards_obtained":["hexamod:GhostOfSpirePresent"]},{"damage_healed":0.0,"max_hp_gain":0.0,"max_hp_loss":0.0,"gold_gain":1.0,"event_name":"betterThird:BetterScrap","player_choice":"Relic ","floor":13.0,"gold_loss":0.0,"damage_taken":7.0,"cards_obtained":["Rupture"]},{"damage_healed":0.0,"max_hp_gain":0.0,"max_hp_loss":0.0,"gold_gain":0.0,"event_name":"Addict","player_choice":"Stole Relic","floor":22.0,"gold_loss":0.0,"damage_taken":0.0,"relics_obtained":["Shuriken"],"cards_obtained":["Shame"]}],"is_beta":false,"boss_relics":[{"not_picked":["Fusion Hammer","Busted Crown"],"picked":"Black Star"},{"not_picked":["Pandora\u0027s Box","SlaversCollar"],"picked":"Runic Pyramid"}],"items_purged_floors":[],"is_endless":false,"potions_floor_spawned":[4,5,15,28,29,32,33,39],"killed_by":"Spire Growth","ascension_level":0}}