{"host":"6z6y4ky8uzsz1dpj","time":1608341721,"event":{"mods":["2.2 Compatiblity","AchievementEnabler","BaseMod","BetterRewards","Challenge The Spire","Colored Map","Hubris","Minty Spire (QoL Compilation)","Quick Restart","Replay The Spire","StSLib"],"gold_per_floor":[118,118,137,149,149,149,149],"floor_reached":6,"playtime":290,"items_purged":["Strike_G"],"score":50,"play_id":"92f9c6e9-c9e2-479b-b2c5-97bab5a99362","local_time":"20201218203521","is_ascension_mode":true,"campfire_choices":[],"circlet_count":0,"master_deck":["Strike_G","Strike_G","Strike_G","Strike_G","Defend_G","Defend_G","Defend_G","Defend_G","Defend_G","Survivor","Neutralize","Accuracy","Choke+1","Hidden Blade","Dodge and Roll","Madness","Accuracy","Escape Plan"],"relics":["Ring of the Snake","Calipers"],"acts_visited":["Exordium"],"potions_floor_usage":[4],"damage_taken":[{"damage":5,"enemies":"2 Louse","floor":1,"turns":4},{"damage":0,"enemies":"Cultist","floor":3,"turns":5},{"damage":9,"enemies":"Jaw Worm","floor":4,"turns":5},{"damage":44,"enemies":"Lagavulin","floor":6,"turns":9}],"seed_played":"8071997787390435","potions_obtained":[{"floor":1,"key":"LiquidMemories"}],"is_trial":false,"path_per_floor":["M","?","M","M","?","E"],"character_chosen":"THE_SILENT","items_purchased":["Accuracy","Choke"],"campfire_rested":0,"item_purchase_floors":[0,0],"current_hp_per_floor":[58,58,58,49,49,5,5],"gold":149,"neow_bonus":"","is_daily":false,"chose_seed":false,"campfire_upgraded":0,"win_rate":0.0,"timestamp":1608341721,"path_taken":["M","?","?","M","?","E"],"items_purchased_type":["Card","Card"],"build_version":"2020-12-13","purchased_purges":1,"victory":false,"max_hp_per_floor":[70,70,70,70,70,70,70],"card_choices":[{"not_picked":["Poisoned Stab","Quick Slash"],"picked":"Dodge and Roll","floor":1},{"not_picked":["Predator","Leg Sweep"],"picked":"Accuracy","floor":3},{"not_picked":["Crippling Poison","Deadly Poison"],"picked":"Escape Plan","floor":4}],"player_experience":167785,"relics_obtained":[],"event_choices":[{"damage_healed":0,"gold_gain":0,"player_choice":"1 cards matched","damage_taken":0,"max_hp_gain":0,"max_hp_loss":0,"event_name":"Match and Keep!","floor":2,"gold_loss":0,"cards_obtained":["Madness"]},{"damage_healed":0,"gold_gain":0,"player_choice":"Upgraded","damage_taken":0,"max_hp_gain":0,"max_hp_loss":0,"event_name":"Upgrade Shrine","floor":5,"gold_loss":0,"cards_upgraded":["Choke"]}],"is_beta":false,"boss_relics":[],"items_purged_floors":[0],"is_endless":false,"potions_floor_spawned":[1],"killed_by":"Lagavulin","ascension_level":8}}