{"host":"svwqvw2il1zfkkg0","time":1608415180,"event":{"mods":["AchievementEnabler","BaseMod","BetterRewards","Colored Map","Colored Powertips","Custom Start","Downfall","GifTheSpireLib","Highlight Path","Hubris","Infinite Spire","Minty Spire (QoL Compilation)","Quick Restart","Replay The Spire","Shop Mod","StSLib","SuperFastMode"],"gold_per_floor":[113,123,133,133,133,133,174,188,188,188,202,202,221,24,24,143,143,163,183,183,183,197,233,247,247,247,280,280,352,387,401,401,401,401],"floor_reached":33,"playtime":936,"items_purged":["Injury"],"score":307,"play_id":"7662df1a-5528-4d95-95ef-07b6197af631","local_time":"20201219135940","is_ascension_mode":false,"campfire_choices":[{"data":"Underhanded Strike","floor":6,"key":"SMITH"},{"data":"Quick Slash","floor":10,"key":"SMITH"},{"floor":15,"key":"REST"},{"floor":28,"key":"REST"},{"floor":32,"key":"REST"}],"circlet_count":0,"master_deck":["Strike_G","Strike_G","Strike_G","Strike_G","Strike_G","Defend_G","Defend_G","Defend_G","Defend_G","Defend_G","Survivor","Neutralize","Quick Slash","Underhanded Strike+1","Calculated Gamble","Quick Slash+1","Glass Knife","Dagger Spray","Blade Dance","Burst","Dagger Spray+1","Backstab","Riddle With Holes+1","Blade Dance","Finisher","Masterful Stab+1","Prepared","Blade Dance+1"],"relics":["Ring of the Snake","NeowsBlessing","Golden Idol","StoneCalendar","infinitespire:Broken Mirror","PreservedInsect","Boot","Sozu","Frozen Eye","ReplayTheSpireMod:TigerMarble","Gremlin Food","Golden Egg","Iron Hammer","Matryoshka"],"acts_visited":["Exordium","TheCity"],"potions_floor_usage":[7,16,16,16],"damage_taken":[{"damage":0,"enemies":"Jaw Worm","floor":1,"turns":1},{"damage":0,"enemies":"Small Slimes","floor":2,"turns":1},{"damage":0,"enemies":"Cultist","floor":3,"turns":1},{"damage":17,"enemies":"3 Sentries","floor":7,"turns":8},{"damage":0,"enemies":"3 Louse","floor":8,"turns":2},{"damage":4,"enemies":"Looter","floor":11,"turns":3},{"damage":0,"enemies":"Blue Slaver","floor":13,"turns":2},{"damage":56,"enemies":"The Guardian","floor":16,"turns":8},{"damage":0,"enemies":"Chosen","floor":18,"turns":3},{"damage":0,"enemies":"Shell Parasite","floor":19,"turns":3},{"damage":22,"enemies":"Shelled Parasite and Fungi","floor":22,"turns":4},{"damage":11,"enemies":"Replay:Snechameleon","floor":23,"turns":3},{"damage":26,"enemies":"Snake Plant","floor":24,"turns":3},{"damage":13,"enemies":"Book of Stabbing","floor":27,"turns":3},{"damage":19,"enemies":"Slavers","floor":30,"turns":3},{"damage":1,"enemies":"3 Cultists","floor":31,"turns":3},{"damage":30,"enemies":"Automaton","floor":33,"turns":4}],"seed_played":"2656134967714249710","potions_obtained":[{"floor":1,"key":"BlessingOfTheForge"},{"floor":2,"key":"FearPotion"},{"floor":7,"key":"Adrenaline Potion"},{"floor":13,"key":"Energy Potion"}],"is_trial":false,"path_per_floor":["M","M","M","?","?","R","E","M","T","R","M","?","M","$","R","B",null,"M","M","AVR","?","M","E","M","?","T","E","R","T","E","M","R","B"],"character_chosen":"THE_SILENT","items_purchased":["Blade Dance","Boot"],"campfire_rested":3,"item_purchase_floors":[14,14],"current_hp_per_floor":[70,70,70,70,70,70,53,53,53,53,49,49,49,49,70,14,70,70,70,70,70,48,37,11,14,14,1,22,22,3,2,23,0,0],"gold":401,"neow_bonus":"THREE_ENEMY_KILL","is_daily":false,"chose_seed":false,"campfire_upgraded":2,"win_rate":0.0,"timestamp":1608415180,"path_taken":["M","M","M","?","?","R","E","M","T","R","M","?","?","$","R","BOSS","M","M","AVR","?","M","E","M","?","T","E","R","?","E","M","R","BOSS"],"items_purchased_type":["Card","Relic"],"build_version":"2020-12-13","purchased_purges":1,"victory":false,"max_hp_per_floor":[70,70,70,70,70,70,70,70,70,70,70,70,70,70,70,70,70,70,70,70,70,70,70,70,73,73,73,73,73,73,73,73,73,73],"card_choices":[{"not_picked":["ReplayTheSpireMod:Scrap Shanks","Footwork"],"picked":"Quick Slash","floor":1},{"not_picked":["Catalyst","hubris:Counter"],"picked":"Underhanded Strike","floor":2},{"not_picked":["Deadly Poison","Slice"],"picked":"Calculated Gamble","floor":3},{"not_picked":["ReplayTheSpireMod:Exploit Weakness","Setup","Terror"],"picked":"SKIP","floor":7},{"not_picked":["Bane","Accuracy"],"picked":"Quick Slash","floor":8},{"not_picked":["Concentrate","Distraction"],"picked":"Glass Knife","floor":11},{"not_picked":["Dagger Throw","Sucker Punch"],"picked":"Dagger Spray","floor":13},{"not_picked":["Venomology","Wraith Form v2"],"picked":"Burst","floor":16},{"not_picked":["Bane+1","Deflect"],"picked":"Dagger Spray+1","floor":18},{"not_picked":["Sucker Punch","Underhanded Strike+1"],"picked":"Backstab","floor":19},{"not_picked":["Deadly Poison+1","Slice"],"picked":"Riddle With Holes","floor":22},{"not_picked":["ReplayTheSpireMod:Exploit Weakness","Deflect"],"picked":"Blade Dance","floor":23},{"not_picked":["Dodge and Roll","Crippling Poison"],"picked":"Finisher","floor":24},{"not_picked":["Bouncing Flask","Sneak Up"],"picked":"Masterful Stab","floor":27},{"not_picked":["Riddle With Holes","Poison Darts"],"picked":"Prepared","floor":30},{"not_picked":["Sneak Up","Acrobatics+1"],"picked":"Blade Dance+1","floor":31}],"player_experience":398373,"relics_obtained":[{"floor":7,"key":"StoneCalendar"},{"floor":9,"key":"infinitespire:Broken Mirror"},{"floor":12,"key":"PreservedInsect"},{"floor":23,"key":"ReplayTheSpireMod:TigerMarble"},{"floor":26,"key":"Gremlin Food"},{"floor":27,"key":"Golden Egg"},{"floor":29,"key":"Iron Hammer"},{"floor":30,"key":"Matryoshka"}],"event_choices":[{"damage_healed":0,"gold_gain":0,"player_choice":"Take Wound","damage_taken":0,"relics_obtained":["Golden Idol"],"max_hp_gain":0,"max_hp_loss":0,"event_name":"Golden Idol","floor":5,"gold_loss":0,"cards_obtained":["Injury"]},{"damage_healed":0,"gold_gain":0,"player_choice":"Relic","damage_taken":0,"max_hp_gain":0,"max_hp_loss":0,"event_name":"Wheel of Change","floor":12,"gold_loss":0}],"is_beta":false,"boss_relics":[{"not_picked":["Empty Cage","Ring of the Serpent"],"picked":"Sozu"}],"items_purged_floors":[20],"is_endless":false,"potions_floor_spawned":[1,2,7,13,18,19,27],"killed_by":"Automaton","ascension_level":0}}