{"host":"ggy1mjjy92c62u6a","time":1608359315,"event":{"mods":["BaseMod","Colored Powertips","Minty Spire (QoL Compilation)","Quick Restart","Shop Mod","Spicy Shops","StSLib","[IsaacMod]ÒÔÈö¼âËþ","¡¾ÒÅÎï¿¨ÅÆ¡¿REMEMod"],"gold_per_floor":[111,111,124,138,55,65,65,65],"floor_reached":7,"playtime":384,"items_purged":[],"score":52,"play_id":"25c8a96e-621c-420b-95dc-15721aef22cd","local_time":"20201219142835","is_ascension_mode":true,"campfire_choices":[],"circlet_count":0,"master_deck":["Strike_G+1","Strike_G","Strike_G","Strike_G+1","Strike_G","Defend_G","Defend_G","Defend_G","Defend_G","Defend_G","Survivor","Neutralize","BloodyBrimstone","PiercingWail","Prepared","Blade Dance","Forethought"],"relics":["Ring of the Snake","HushsDoor","Void"],"acts_visited":["Exordium"],"potions_floor_usage":[],"damage_taken":[{"damage":3,"enemies":"Jaw Worm","floor":1,"turns":4},{"damage":0,"enemies":"Cultist","floor":3,"turns":3},{"damage":2,"enemies":"Small Slimes","floor":4,"turns":4},{"damage":16,"enemies":"Red Slaver","floor":6,"turns":6},{"damage":0,"enemies":"3 Sentries","floor":7,"turns":1}],"seed_played":"8483391631818932254","potions_obtained":[{"floor":3,"key":"Block Potion"},{"floor":4,"key":"SkillPotion"},{"floor":6,"key":"FearPotion"}],"is_trial":false,"path_per_floor":["M","?","M","M","$","M","E"],"character_chosen":"THE_SILENT","items_purchased":["Forethought"],"campfire_rested":0,"item_purchase_floors":[5],"current_hp_per_floor":[67,53,53,51,51,35,35,35],"gold":65,"neow_bonus":"THREE_ENEMY_KILL","is_daily":false,"chose_seed":false,"campfire_upgraded":0,"win_rate":0.0,"timestamp":1608359315,"path_taken":["M","?","M","M","?","?","E"],"items_purchased_type":["Card"],"build_version":"2020-12-13","purchased_purges":0,"victory":false,"max_hp_per_floor":[70,70,70,70,70,70,70,70],"card_choices":[{"not_picked":[],"picked":"BloodyBrimstone","floor":0},{"not_picked":["Finisher","Slice"],"picked":"Prepared","floor":1},{"not_picked":["Deflect","Distraction","Dagger Spray"],"picked":"SKIP","floor":3},{"not_picked":["Dodge and Roll","Sucker Punch"],"picked":"Blade Dance","floor":4},{"not_picked":["Dagger Spray","Riddle With Holes","Backstab"],"picked":"SKIP","floor":6}],"player_experience":38711,"relics_obtained":[],"event_choices":[{"damage_healed":0,"gold_gain":0,"player_choice":"Entered Light","damage_taken":14,"max_hp_gain":0,"max_hp_loss":0,"event_name":"Shining Light","floor":2,"gold_loss":0,"cards_upgraded":["Strike_G","Strike_G"]}],"is_beta":false,"boss_relics":[],"items_purged_floors":[],"is_endless":false,"potions_floor_spawned":[3,4,6],"killed_by":"3 Sentries","ascension_level":4}}