{"host":"jksa5rawk3m4gilz","time":1608390248,"event":{"mods":["BaseMod","Colored Map","Highlight Path","Minty Spire (QoL Compilation)","Quick Restart"],"gold_per_floor":[113,113,113,74,74,113,113,137,191,191,191,191,204,238,238,337,337,362,140,140,159,74,74,74],"floor_reached":23,"playtime":631,"items_purged":[],"score":363,"play_id":"ef05aa84-c406-46f4-80c3-5bc59e670fc2","local_time":"20201219160408","is_ascension_mode":true,"campfire_choices":[{"floor":7,"key":"REST"},{"data":"CrushJoints","floor":10,"key":"SMITH"},{"data":"Fasting2","floor":12,"key":"SMITH"},{"data":"TalkToTheHand","floor":15,"key":"SMITH"}],"circlet_count":0,"master_deck":["AscendersBane","Strike_P+1","Strike_P","Defend_P","Defend_P+1","Defend_P","Defend_P","Eruption","Vigilance","CrushJoints+1","Wallop","Fasting2+1","Weave","TalkToTheHand+1","SpiritShield","DevaForm","Judgement"],"relics":["PureWater","NeowsBlessing","Golden Idol","Eternal Feather","Happy Flower","Ornamental Fan","Cursed Key","OrangePellets","Centennial Puzzle"],"acts_visited":["Exordium","TheCity"],"potions_floor_usage":[18,23],"damage_taken":[{"damage":0,"enemies":"2 Louse","floor":1,"turns":1},{"damage":0,"enemies":"Gremlin Nob","floor":6,"turns":1},{"damage":0,"enemies":"Jaw Worm","floor":8,"turns":1},{"damage":0,"enemies":"Small Slimes","floor":13,"turns":2},{"damage":13,"enemies":"Lagavulin","floor":14,"turns":5},{"damage":43,"enemies":"Hexaghost","floor":16,"turns":7},{"damage":8,"enemies":"3 Byrds","floor":18,"turns":5},{"damage":4,"enemies":"Chosen","floor":21,"turns":5},{"damage":74,"enemies":"Gremlin Leader","floor":23,"turns":6}],"seed_played":"4269594428620418781","potions_obtained":[{"floor":8,"key":"ColorlessPotion"},{"floor":13,"key":"SpeedPotion"},{"floor":21,"key":"AttackPotion"}],"is_trial":false,"path_per_floor":["M","?","?","$","?","E","R","M","T","R","?","R","M","E","R","B",null,"M","$","?","M","?","E"],"character_chosen":"WATCHER","items_purchased":["Wallop","OrangePellets","DevaForm"],"campfire_rested":1,"item_purchase_floors":[4,19,19],"current_hp_per_floor":[65,58,40,40,26,26,53,53,53,59,59,65,65,52,58,15,58,50,50,50,46,46,0,0],"gold":74,"neow_bonus":"THREE_ENEMY_KILL","is_daily":false,"chose_seed":false,"campfire_upgraded":3,"win_rate":0.0,"timestamp":1608390248,"path_taken":["M","?","?","$","?","E","R","M","T","R","?","R","?","E","R","BOSS","M","$","?","?","?","E"],"items_purchased_type":["Card","Relic","Card"],"build_version":"2020-12-13","purchased_purges":0,"victory":false,"max_hp_per_floor":[72,72,72,72,72,72,72,72,72,72,72,72,72,72,72,72,72,72,72,72,72,72,72,72],"card_choices":[{"not_picked":["BowlingBash","FlyingSleeves"],"picked":"CrushJoints","floor":1},{"not_picked":["Collect","FollowUp"],"picked":"Fasting2","floor":6},{"not_picked":["Study","EmptyBody","Adaptation"],"picked":"SKIP","floor":8},{"not_picked":["Evaluate","Crescendo"],"picked":"TalkToTheHand","floor":13},{"not_picked":["EmptyBody","SashWhip","Perseverance"],"picked":"SKIP","floor":14},{"not_picked":["Ragnarok","Establishment"],"picked":"SpiritShield","floor":16},{"not_picked":["Halt","BowlingBash","EmptyBody"],"picked":"SKIP","floor":18},{"not_picked":["CrushJoints","WheelKick+1","Tantrum"],"picked":"SKIP","floor":21}],"player_experience":2038176,"relics_obtained":[{"floor":6,"key":"Eternal Feather"},{"floor":9,"key":"Happy Flower"},{"floor":14,"key":"Ornamental Fan"}],"event_choices":[{"cards_removed":["Strike_P"],"damage_healed":0,"gold_gain":0,"player_choice":"Card Removal","damage_taken":7,"max_hp_gain":0,"max_hp_loss":0,"event_name":"Golden Wing","floor":2,"gold_loss":0},{"damage_healed":0,"gold_gain":0,"player_choice":"Take Damage","damage_taken":18,"relics_obtained":["Golden Idol"],"max_hp_gain":0,"max_hp_loss":0,"event_name":"Golden Idol","floor":3,"gold_loss":0},{"damage_healed":0,"gold_gain":0,"player_choice":"Entered Light","damage_taken":14,"max_hp_gain":0,"max_hp_loss":0,"event_name":"Shining Light","floor":5,"gold_loss":0,"cards_upgraded":["Strike_P","Defend_P"]},{"damage_healed":0,"gold_gain":0,"cards_transformed":["Strike_P"],"player_choice":"Transformed","damage_taken":0,"max_hp_gain":0,"max_hp_loss":0,"event_name":"Transmorgrifier","floor":11,"gold_loss":0,"cards_obtained":["Weave"]},{"damage_healed":0,"gold_gain":0,"player_choice":"1 cards matched","damage_taken":0,"max_hp_gain":0,"max_hp_loss":0,"event_name":"Match and Keep!","floor":20,"gold_loss":0,"cards_obtained":["Judgement"]},{"damage_healed":0,"gold_gain":0,"player_choice":"Obtained Relic","damage_taken":0,"relics_obtained":["Centennial Puzzle"],"max_hp_gain":0,"max_hp_loss":0,"event_name":"Addict","floor":22,"gold_loss":85}],"is_beta":false,"boss_relics":[{"not_picked":["Runic Dome","Velvet Choker"],"picked":"Cursed Key"}],"items_purged_floors":[],"is_endless":false,"potions_floor_spawned":[8,13,21],"killed_by":"Gremlin Leader","ascension_level":13}}