{"host":"hp4podz600orhpf6","time":1608416822,"event":{"mods":["AlwaysNeverKeys","BaseMod","Better Match","Better Note","Block Reminder","DeckTracker","Hermit","Minty Spire (QoL Compilation)","Quick Restart","StSLib","The Cursed","The Hayseed"],"gold_per_floor":[218,229,242,47,47,47,63,73,124,124,144,169,157,168,168,269,269,281,48,65,80,30,30,64,64,64],"floor_reached":25,"playtime":2309,"items_purged":["Defend_G"],"score":306,"play_id":"835bdaae-6627-47c5-b1c2-a7a8375a9504","local_time":"20201219172702","is_ascension_mode":true,"campfire_choices":[{"data":"Cloak And Dagger","floor":6,"key":"SMITH"},{"floor":10,"key":"REST"},{"floor":15,"key":"REST"},{"floor":23,"key":"REST"}],"circlet_count":0,"master_deck":["Survivor","Neutralize","Accuracy","Noxious Fumes","Cloak And Dagger+1","Noxious Fumes","Quick Slash","Infinite Blades","Bane","Cloak And Dagger","Blade Dance","Leg Sweep","Blur","Unload","Night Terror","Choke","Grand Finale","Crippling Poison","Flechettes","Blur","Eviscerate","Leg Sweep","Setup","Flash of Steel","Footwork"],"relics":["Ring of the Snake","Bag of Marbles","Kunai","Pandora\u0027s Box","Vajra","PreservedInsect"],"acts_visited":["Exordium","TheCity"],"potions_floor_usage":[8,12,16,18,20,21,24],"damage_taken":[{"damage":4,"enemies":"Small Slimes","floor":1,"turns":4},{"damage":2,"enemies":"Cultist","floor":2,"turns":5},{"damage":6,"enemies":"2 Louse","floor":3,"turns":3},{"damage":0,"enemies":"Red Slaver","floor":7,"turns":3},{"damage":26,"enemies":"Lots of Slimes","floor":8,"turns":4},{"damage":11,"enemies":"2 Fungi Beasts","floor":11,"turns":3},{"damage":4,"enemies":"Lagavulin","floor":12,"turns":5},{"damage":5,"enemies":"Exordium Thugs","floor":13,"turns":4},{"damage":0,"enemies":"Large Slime","floor":14,"turns":5},{"damage":6,"enemies":"Slime Boss","floor":16,"turns":7},{"damage":12,"enemies":"Chosen","floor":18,"turns":3},{"damage":12,"enemies":"3 Byrds","floor":20,"turns":4},{"damage":16,"enemies":"Snake Plant","floor":21,"turns":6},{"damage":30,"enemies":"Gremlin Leader","floor":24,"turns":6},{"damage":14,"enemies":"3 Cultists","floor":25,"turns":3}],"seed_played":"1520468664134734908","potions_obtained":[{"floor":7,"key":"Poison Potion"},{"floor":11,"key":"Weak Potion"},{"floor":14,"key":"SkillPotion"},{"floor":16,"key":"SteroidPotion"},{"floor":18,"key":"PowerPotion"},{"floor":20,"key":"GamblersBrew"}],"is_trial":false,"path_per_floor":["M","M","M","$","?","R","M","M","T","R","M","E","M","M","R","B",null,"M","$","M","M","$","R","E","M"],"character_chosen":"THE_SILENT","items_purchased":["Noxious Fumes","Quick Slash","Flash of Steel","Vajra","BlessingOfTheForge"],"campfire_rested":3,"item_purchase_floors":[4,4,19,19,22],"current_hp_per_floor":[59,57,51,51,51,51,51,25,25,46,35,31,26,26,47,41,63,51,51,39,23,23,44,14,0,0],"gold":64,"neow_bonus":"HUNDRED_GOLD","is_daily":false,"chose_seed":false,"campfire_upgraded":1,"win_rate":0.0,"timestamp":1608416822,"path_taken":["M","M","M","$","?","R","M","M","T","R","M","E","M","M","R","BOSS","M","$","M","M","$","R","E","M"],"items_purchased_type":["Card","Card","Card","Relic","Potion"],"build_version":"2020-12-13","purchased_purges":1,"victory":false,"max_hp_per_floor":[70,70,70,70,70,70,70,70,70,70,70,70,70,70,70,70,70,70,70,70,70,70,70,70,70,70],"card_choices":[{"not_picked":["Cloak And Dagger","Deflect"],"picked":"Accuracy","floor":1},{"not_picked":["Deflect","Backflip"],"picked":"Noxious Fumes","floor":2},{"not_picked":["Deadly Poison","Dodge and Roll"],"picked":"Cloak And Dagger","floor":3},{"not_picked":["Dodge and Roll","Sucker Punch"],"picked":"Infinite Blades","floor":7},{"not_picked":["Prepared","Quick Slash"],"picked":"Bane","floor":8},{"not_picked":["Slice","Expertise"],"picked":"Cloak And Dagger","floor":11},{"not_picked":["Acrobatics","Flying Knee"],"picked":"Blade Dance","floor":12},{"not_picked":["Flying Knee","Blade Dance"],"picked":"Leg Sweep","floor":13},{"not_picked":["Finisher","Endless Agony"],"picked":"Blur","floor":14},{"not_picked":["Bullet Time","Glass Knife"],"picked":"Unload","floor":16},{"not_picked":["Flying Knee","Calculated Gamble"],"picked":"Setup","floor":18},{"not_picked":["Skewer","Acrobatics","Masterful Stab+1"],"picked":"SKIP","floor":20},{"not_picked":["All Out Attack","Dagger Spray","Caltrops"],"picked":"SKIP","floor":21},{"not_picked":["Blade Dance+1","Predator"],"picked":"Footwork","floor":24}],"player_experience":640011,"relics_obtained":[{"floor":9,"key":"Bag of Marbles"},{"floor":12,"key":"Kunai"},{"floor":24,"key":"PreservedInsect"}],"event_choices":[{"cards_removed":["Strike_G"],"damage_healed":0,"gold_gain":0,"player_choice":"Purged","damage_taken":0,"max_hp_gain":0,"max_hp_loss":0,"event_name":"Purifier","floor":5,"gold_loss":0}],"is_beta":false,"boss_relics":[{"not_picked":["Fusion Hammer","SlaversCollar"],"picked":"Pandora\u0027s Box"}],"items_purged_floors":[4],"is_endless":false,"potions_floor_spawned":[7,11,14,16,18,20],"killed_by":"3 Cultists","ascension_level":7}}