{"host":"agbyy69nq62afhwx","time":1608358095,"event":{"mods":["BaseMod","Colored Map","Highlight Path","Keyboard Shortcuts","Minty Spire (QoL Compilation)","Quick Restart","StSLib","SuperFastMode","everything is the same but u backflip on backflip"],"gold_per_floor":[112,131,142,33,44,44,44,58,103,70,89,104,104,118,118,218,218,232,246,346,360,182,182,182,182,206,224,239,239,267,283,283,385,385,398,418,436,448,448,448,460,184,184,203,203,203,221,221,221,221],"floor_reached":51,"playtime":2714,"items_purged":["Strike_B","Strike_B","Strike_B"],"score":706,"play_id":"0235e70b-e3a6-4e1a-9aae-646d76c5fe26","local_time":"20201219150815","is_ascension_mode":true,"campfire_choices":[{"data":"Defragment","floor":6,"key":"SMITH"},{"floor":13,"key":"REST"},{"floor":15,"key":"REST"},{"floor":23,"key":"REST"},{"data":"Creative AI","floor":25,"key":"SMITH"},{"floor":29,"key":"REST"},{"floor":32,"key":"REST"},{"floor":40,"key":"REST"},{"floor":45,"key":"REST"},{"floor":49,"key":"REST"}],"circlet_count":0,"master_deck":["Defend_B","Defend_B","Defend_B","Zap","Dualcast","Go for the Eyes","Coolheaded","Defragment+1","Static Discharge","Hologram","Recycle","Capacitor","Electrodynamics","Chill","Turbo","Creative AI+1","Heatsinks","Double Energy+1","Thunder Strike","Coolheaded+1","Chaos"],"relics":["Cracked Core","Happy Flower","Bag of Marbles","Runic Pyramid","Oddly Smooth Stone","Letter Opener","SacredBark","Art of War","Kunai"],"acts_visited":["Exordium","TheCity","TheBeyond"],"potions_floor_usage":[16,16,30,31,36,39,39,44,50,50,50],"damage_taken":[{"damage":1,"enemies":"Cultist","floor":1,"turns":3},{"damage":0,"enemies":"2 Louse","floor":2,"turns":3},{"damage":1,"enemies":"Small Slimes","floor":3,"turns":3},{"damage":7,"enemies":"3 Louse","floor":5,"turns":4},{"damage":33,"enemies":"Gremlin Gang","floor":8,"turns":5},{"damage":4,"enemies":"2 Fungi Beasts","floor":11,"turns":4},{"damage":12,"enemies":"Blue Slaver","floor":12,"turns":3},{"damage":24,"enemies":"Exordium Thugs","floor":14,"turns":5},{"damage":21,"enemies":"The Guardian","floor":16,"turns":12},{"damage":23,"enemies":"Shell Parasite","floor":18,"turns":5},{"damage":20,"enemies":"Chosen","floor":19,"turns":5},{"damage":17,"enemies":"Shelled Parasite and Fungi","floor":21,"turns":6},{"damage":5,"enemies":"Centurion and Healer","floor":27,"turns":6},{"damage":0,"enemies":"Snecko","floor":28,"turns":6},{"damage":26,"enemies":"Gremlin Leader","floor":30,"turns":6},{"damage":0,"enemies":"Cultist and Chosen","floor":31,"turns":4},{"damage":32,"enemies":"Champ","floor":33,"turns":9},{"damage":15,"enemies":"3 Darklings","floor":35,"turns":3},{"damage":26,"enemies":"Orb Walker","floor":36,"turns":5},{"damage":0,"enemies":"Maw","floor":37,"turns":9},{"damage":19,"enemies":"Spire Growth","floor":38,"turns":6},{"damage":0,"enemies":"Jaw Worm Horde","floor":39,"turns":2},{"damage":5,"enemies":"4 Shapes","floor":41,"turns":4},{"damage":16,"enemies":"Transient","floor":44,"turns":5},{"damage":0,"enemies":"Maw","floor":47,"turns":10},{"damage":49,"enemies":"Awakened One","floor":50,"turns":14}],"seed_played":"2418332071479873446","potions_obtained":[{"floor":3,"key":"SteroidPotion"},{"floor":5,"key":"Strength Potion"},{"floor":11,"key":"SpeedPotion"},{"floor":14,"key":"SkillPotion"},{"floor":21,"key":"Fire Potion"},{"floor":28,"key":"SkillPotion"},{"floor":31,"key":"Weak Potion"},{"floor":33,"key":"SmokeBomb"},{"floor":38,"key":"Block Potion"},{"floor":41,"key":"Ancient Potion"},{"floor":44,"key":"Explosive Potion"},{"floor":47,"key":"AttackPotion"}],"is_trial":false,"path_per_floor":["M","M","M","$","M","R","?","M","T","?","M","M","R","M","R","B",null,"M","M","?","M","$","R","?","R","T","M","M","R","E","M","R","B",null,"M","M","M","M","M","R","M","$","T","M","R","?","M","?","R","B",null],"character_chosen":"DEFECT","items_purchased":["FTL","Heatsinks","Art of War"],"campfire_rested":8,"item_purchase_floors":[4,22,42],"current_hp_per_floor":[74,74,73,73,66,66,59,26,26,26,22,10,32,8,30,9,75,52,32,32,15,15,37,37,37,37,32,32,54,28,28,50,18,75,60,34,34,15,15,37,32,32,32,16,38,38,38,38,60,11],"gold":221,"neow_bonus":"RANDOM_COMMON_RELIC","is_daily":false,"chose_seed":false,"campfire_upgraded":2,"win_rate":0.0,"timestamp":1608358095,"path_taken":["M","?","M","?","M","R","?","M","T","?","M","M","R","M","R","BOSS","M","M","?","?","$","R","?","R","T","M","M","R","E","?","R","BOSS","M","M","M","M","M","R","M","$","T","M","R","?","?","?","R","BOSS"],"items_purchased_type":["Card","Card","Relic"],"build_version":"2020-12-13","purchased_purges":3,"victory":true,"max_hp_per_floor":[75,75,75,75,75,75,75,75,75,75,75,75,75,75,75,75,75,75,75,75,75,75,75,75,75,75,75,75,75,75,75,75,75,75,75,75,75,75,75,75,75,75,75,75,75,75,75,75,75,75],"card_choices":[{"not_picked":["Hello World","Turbo"],"picked":"Go for the Eyes","floor":1},{"not_picked":["Consume","Aggregate"],"picked":"Coolheaded","floor":2},{"not_picked":["Darkness","Aggregate"],"picked":"Defragment","floor":3},{"not_picked":["Barrage","Hello World"],"picked":"Static Discharge","floor":5},{"not_picked":["Rip and Tear","Barrage","Leap"],"picked":"SKIP","floor":8},{"not_picked":["Steam Power","Glacier"],"picked":"Hologram","floor":11},{"not_picked":["Fusion","Streamline"],"picked":"Recycle","floor":12},{"not_picked":["Turbo","Multi-Cast"],"picked":"Capacitor","floor":14},{"not_picked":["All For One","Multi-Cast"],"picked":"Electrodynamics","floor":16},{"not_picked":["Stack","Barrage"],"picked":"Chill","floor":18},{"not_picked":["Reinforced Body","Beam Cell+1"],"picked":"Turbo","floor":19},{"not_picked":["Hologram","Sweeping Beam"],"picked":"Creative AI","floor":21},{"not_picked":["Coolheaded","Storm"],"picked":"Double Energy+1","floor":27},{"not_picked":["Streamline","Go for the Eyes+1","Hologram"],"picked":"SKIP","floor":28},{"not_picked":["Auto Shields","Static Discharge","Doom and Gloom"],"picked":"SKIP","floor":30},{"not_picked":["Storm","Beam Cell","Fission"],"picked":"SKIP","floor":31},{"not_picked":["All For One","Multi-Cast"],"picked":"Thunder Strike","floor":33},{"not_picked":["Barrage","Doom and Gloom","Compile Driver"],"picked":"SKIP","floor":35},{"not_picked":["Hologram","Cold Snap"],"picked":"Coolheaded+1","floor":36},{"not_picked":["Beam Cell+1","Undo","FTL+1"],"picked":"SKIP","floor":37},{"not_picked":["Barrage+1","Streamline+1"],"picked":"Chaos","floor":38},{"not_picked":["Blizzard+1","Thunder Strike","Streamline+1"],"picked":"SKIP","floor":41},{"not_picked":["Blizzard","Barrage","Capacitor"],"picked":"SKIP","floor":44},{"not_picked":["Reinforced Body","Aggregate","Static Discharge"],"picked":"SKIP","floor":47}],"player_experience":321881,"relics_obtained":[{"floor":9,"key":"Bag of Marbles"},{"floor":26,"key":"Oddly Smooth Stone"},{"floor":30,"key":"Letter Opener"},{"floor":43,"key":"Kunai"}],"event_choices":[{"cards_removed":["Strike_B"],"damage_healed":0,"gold_gain":0,"player_choice":"Card Removal","damage_taken":7,"max_hp_gain":0,"max_hp_loss":0,"event_name":"Golden Wing","floor":7,"gold_loss":0},{"damage_healed":0,"gold_gain":0,"player_choice":"Left Gold","damage_taken":0,"max_hp_gain":0,"max_hp_loss":0,"event_name":"World of Goop","floor":10,"gold_loss":33},{"damage_healed":0,"gold_gain":100,"player_choice":"Pray","damage_taken":0,"max_hp_gain":0,"max_hp_loss":0,"event_name":"Golden Shrine","floor":20,"gold_loss":0},{"damage_healed":0,"gold_gain":0,"player_choice":"Ignored","damage_taken":0,"max_hp_gain":0,"max_hp_loss":0,"event_name":"N\u0027loth","floor":24,"gold_loss":0},{"cards_removed":["Defend_B"],"damage_healed":0,"gold_gain":0,"player_choice":"Card Removal","damage_taken":0,"max_hp_gain":0,"max_hp_loss":0,"event_name":"Wheel of Change","floor":46,"gold_loss":0},{"cards_removed":["FTL"],"damage_healed":0,"gold_gain":0,"player_choice":"Removed Attack","damage_taken":0,"max_hp_gain":0,"max_hp_loss":0,"event_name":"Falling","floor":48,"gold_loss":0}],"is_beta":false,"boss_relics":[{"not_picked":["Velvet Choker","Philosopher\u0027s Stone"],"picked":"Runic Pyramid"},{"not_picked":["Black Star","Sozu"],"picked":"SacredBark"}],"items_purged_floors":[4,22,42],"is_endless":false,"potions_floor_spawned":[3,5,11,14,21,28,31,33,38,41,44,47],"ascension_level":2}}