{"host":"k7624obwpbjljrlq","time":1608355510,"event":{"mods":["BaseMod","Better Vampires","Colored Powertips","Duelist Mod","GifTheSpireLib","Minty Spire (QoL Compilation)","Quick Restart","Relic Stats","Shop Mod","Spicy Shops","StSLib","Synergy Search","The Hierophant","The Poker Player","TheBandit"],"gold_per_floor":[113,38,113,13,13,13,29,29,52,52,64,34,66,78,78,78,78],"floor_reached":16,"playtime":1192,"items_purged":["hierophant:Defend_Hierophant","hierophant:Strike_Hierophant"],"score":100,"play_id":"6a4c1e1b-c6fc-46a7-bbdb-51632aad0155","local_time":"20201219132510","is_ascension_mode":false,"campfire_choices":[{"data":"hierophant:Shelter","floor":6.0,"key":"SMITH"},{"data":"hierophant:ChurchCoffers","floor":8.0,"key":"SMITH"},{"data":"hierophant:Zeal","floor":15.0,"key":"SMITH"}],"circlet_count":0,"master_deck":["hierophant:Strike_Hierophant","hierophant:Strike_Hierophant","hierophant:Strike_Hierophant","hierophant:Punish","hierophant:Defend_Hierophant","hierophant:Defend_Hierophant","hierophant:Defend_Hierophant","hierophant:ChurchCoffers+1","hierophant:Shelter+1","hierophant:Zeal+1"],"relics":["hierophant:PropheticMaskRelic","Juzu Bracelet"],"acts_visited":["Exordium"],"potions_floor_usage":[16,16],"damage_taken":[{"damage":9.0,"enemies":"Jaw Worm","floor":1.0,"turns":6.0},{"damage":0.0,"enemies":"2 Louse","floor":7.0,"turns":2.0},{"damage":0.0,"enemies":"Cultist","floor":11.0,"turns":3.0},{"damage":5.0,"enemies":"Looter","floor":12.0,"turns":4.0},{"damage":16.0,"enemies":"Gremlin Nob","floor":13.0,"turns":5.0},{"damage":1.0,"enemies":"Lots of Slimes","floor":14.0,"turns":3.0},{"damage":63,"enemies":"Slime Boss","floor":16,"turns":15}],"seed_played":"-4338206715990876437","potions_obtained":[{"floor":11.0,"key":"Block Potion"},{"floor":12.0,"key":"Swift Potion"},{"floor":13.0,"key":"CultistPotion"}],"is_trial":false,"path_per_floor":["M","$","?","$","?","R","M","R","T","?","M","M","E","M","R","B"],"character_chosen":"HIEROPHANT","items_purchased":[],"campfire_rested":0,"item_purchase_floors":[],"current_hp_per_floor":[73,73,62,62,62,62,62,62,62,82,82,77,61,60,60,0,0],"gold":78,"neow_bonus":"TEN_PERCENT_HP_BONUS","is_daily":false,"chose_seed":false,"campfire_upgraded":3,"win_rate":0.0,"timestamp":1608355510,"path_taken":["M","$","?","$","?","R","?","R","T","?","?","M","E","M","R","BOSS"],"items_purchased_type":[],"build_version":"2020-12-13","purchased_purges":2,"victory":false,"max_hp_per_floor":[82,82,82,82,82,82,82,82,82,82,82,82,82,82,82,82,82],"relic_stats":{"counters":[7,38],"Juzu Bracelet":0,"obtain_stats":[{"hierophant:PropheticMaskRelic":0,"Juzu Bracelet":13},{"hierophant:PropheticMaskRelic":0,"Juzu Bracelet":5},{"hierophant:PropheticMaskRelic":0,"Juzu Bracelet":20}]},"card_choices":[{"not_picked":["hierophant:Embezzle","hierophant:SecretStash"],"picked":"hierophant:Shelter","floor":1.0},{"not_picked":["hierophant:FaithHealing","hierophant:ThreeLashes","hierophant:Sermon"],"picked":"SKIP","floor":7.0},{"not_picked":["hierophant:Levitation","hierophant:Encroach","hierophant:Shelter"],"picked":"SKIP","floor":11.0},{"not_picked":["hierophant:FlamingChariot","hierophant:PassingBell","hierophant:RustyCrate"],"picked":"SKIP","floor":12.0},{"not_picked":["hierophant:Sermon","hierophant:Embezzle"],"picked":"hierophant:Zeal","floor":13.0},{"not_picked":["hierophant:HammerAndAnvil","hierophant:Endure","hierophant:PassingBell"],"picked":"SKIP","floor":14.0}],"player_experience":124291,"relics_obtained":[{"floor":13.0,"key":"Juzu Bracelet"}],"event_choices":[{"damage_healed":0.0,"max_hp_gain":0.0,"max_hp_loss":0.0,"gold_gain":75.0,"event_name":"World of Goop","player_choice":"Gather Gold","floor":3.0,"gold_loss":0.0,"damage_taken":11.0},{"damage_healed":0.0,"max_hp_gain":0.0,"max_hp_loss":0.0,"gold_gain":0.0,"event_name":"Match and Keep!","player_choice":"0 cards matched","floor":5.0,"gold_loss":0.0,"damage_taken":0.0,"cards_obtained":[]},{"damage_healed":20.0,"max_hp_gain":0.0,"max_hp_loss":0.0,"gold_gain":0.0,"event_name":"Wheel of Change","player_choice":"Full Heal","floor":10.0,"gold_loss":0.0,"damage_taken":0.0}],"is_beta":false,"boss_relics":[],"items_purged_floors":[2,4],"is_endless":false,"potions_floor_spawned":[11,12,13,14],"killed_by":"Slime Boss","ascension_level":0}}