{"host":"t7mx8yfj1no5p62f","time":1608406138,"event":{"mods":["BaseMod","Colored Map","Colored Powertips","Filter the Spire","Minty Spire (QoL Compilation)","Relic Stats","StSLib"],"gold_per_floor":[109,109,125,142,160,160,185,185,197,244,274,286,298,335,347,435,447,477,504,516,528,528],"floor_reached":21,"playtime":634,"items_purged":[],"score":398,"play_id":"68dca9c5-6681-49b5-b7f1-fb96ea28d3bc","local_time":"20201219142858","is_ascension_mode":true,"campfire_choices":[{"data":"Riddle With Holes","floor":6.0,"key":"SMITH"},{"data":"Catalyst","floor":15.0,"key":"SMITH"}],"circlet_count":0,"master_deck":["AscendersBane","Strike_G","Strike_G","Strike_G","Strike_G","Strike_G","Defend_G","Defend_G","Defend_G","Defend_G","Defend_G","Survivor","Neutralize","Dash","Underhanded Strike","Dagger Spray","Riddle With Holes+1","Dash","Acrobatics","Bouncing Flask","Catalyst+1","Night Terror","Underhanded Strike"],"relics":["Snecko Eye","Bag of Marbles","MawBank","Meat on the Bone","StrikeDummy","The Courier","Coffee Dripper","Pantograph"],"acts_visited":["Exordium","TheCity"],"potions_floor_usage":[],"damage_taken":[{"damage":6.0,"enemies":"Small Slimes","floor":1.0,"turns":7.0},{"damage":0.0,"enemies":"Jaw Worm","floor":3.0,"turns":3.0},{"damage":0.0,"enemies":"Cultist","floor":4.0,"turns":3.0},{"damage":3.0,"enemies":"Blue Slaver","floor":5.0,"turns":4.0},{"damage":23.0,"enemies":"Gremlin Nob","floor":7.0,"turns":4.0},{"damage":15.0,"enemies":"Lagavulin","floor":10.0,"turns":5.0},{"damage":0.0,"enemies":"3 Louse","floor":11.0,"turns":3.0},{"damage":2.0,"enemies":"3 Sentries","floor":14.0,"turns":4.0},{"damage":4.0,"enemies":"Hexaghost","floor":16.0,"turns":6.0},{"damage":21,"enemies":"3 Byrds","floor":18,"turns":5},{"damage":6,"enemies":"2 Thieves","floor":19,"turns":2},{"damage":39,"enemies":"Snake Plant","floor":21,"turns":4}],"seed_played":"5539922591141670535","potions_obtained":[{"floor":4.0,"key":"Poison Potion"},{"floor":5.0,"key":"SkillPotion"},{"floor":14.0,"key":"EssenceOfSteel"},{"floor":16.0,"key":"FearPotion"}],"is_trial":false,"path_per_floor":["M","?","M","M","M","R","E","T","T","E","M","?","$","E","R","B",null,"M","M","?","M"],"character_chosen":"THE_SILENT","items_purchased":[],"campfire_rested":0,"item_purchase_floors":[],"current_hp_per_floor":[53,53,53,53,50,50,27,27,27,24,36,41,41,39,39,47,65,44,38,38,0,0],"gold":528,"neow_bonus":"BOSS_RELIC","is_daily":false,"chose_seed":false,"campfire_upgraded":2,"win_rate":0.0,"timestamp":1608406138,"path_taken":["M","?","M","M","M","R","E","?","T","E","?","?","$","E","R","BOSS","M","M","?","?"],"items_purchased_type":[],"build_version":"2020-12-13","purchased_purges":0,"victory":false,"max_hp_per_floor":[66,66,66,66,66,66,66,66,66,66,66,71,71,71,71,71,71,71,71,71,71,71],"relic_stats":{"counters":[12,50],"Pantograph":0,"Snecko Eye":[84,82,87,93],"MawBank":156,"obtain_stats":[{"Pantograph":20,"Snecko Eye":0,"The Courier":14,"Bag of Marbles":7,"Coffee Dripper":17,"MawBank":8,"StrikeDummy":10,"Ring of the Snake":0,"Meat on the Bone":9},{"Pantograph":11,"Snecko Eye":0,"The Courier":8,"Bag of Marbles":5,"Coffee Dripper":9,"MawBank":5,"StrikeDummy":6,"Ring of the Snake":0,"Meat on the Bone":5},{"Pantograph":46,"Snecko Eye":0,"The Courier":33,"Bag of Marbles":21,"Coffee Dripper":39,"MawBank":21,"StrikeDummy":26,"Ring of the Snake":0,"Meat on the Bone":21}],"Meat on the Bone":36},"card_choices":[{"not_picked":["Dagger Throw","Distraction"],"picked":"Dash","floor":1.0},{"not_picked":["Prepared","Outmaneuver"],"picked":"Underhanded Strike","floor":3.0},{"not_picked":["Prepared","Escape Plan"],"picked":"Dagger Spray","floor":4.0},{"not_picked":["Prepared","Cloak And Dagger"],"picked":"Riddle With Holes","floor":5.0},{"not_picked":["Flying Knee","PiercingWail"],"picked":"Dash","floor":7.0},{"not_picked":["Flying Knee","Dagger Spray"],"picked":"Acrobatics","floor":10.0},{"not_picked":["Blade Dance","Dagger Spray"],"picked":"Bouncing Flask","floor":11.0},{"not_picked":["Deadly Poison","Wraith Form v2"],"picked":"Catalyst","floor":14.0},{"not_picked":["Grand Finale","Glass Knife"],"picked":"Night Terror","floor":16.0},{"not_picked":["Dodge and Roll","Dagger Spray"],"picked":"Underhanded Strike","floor":18},{"not_picked":["Dodge and Roll","Poisoned Stab","Underhanded Strike"],"picked":"SKIP","floor":19}],"player_experience":1568999,"relics_obtained":[{"floor":7.0,"key":"Bag of Marbles"},{"floor":8.0,"key":"MawBank"},{"floor":9.0,"key":"Meat on the Bone"},{"floor":10.0,"key":"StrikeDummy"},{"floor":14.0,"key":"The Courier"}],"event_choices":[{"damage_healed":0.0,"max_hp_gain":0.0,"max_hp_loss":0.0,"gold_gain":0.0,"event_name":"Liars Game","player_choice":"Ignored","floor":2.0,"gold_loss":0.0,"damage_taken":0.0},{"damage_healed":0.0,"max_hp_gain":5.0,"max_hp_loss":0.0,"gold_gain":0.0,"event_name":"Big Fish","player_choice":"Donut","floor":12.0,"gold_loss":0.0,"damage_taken":0.0},{"damage_healed":0,"gold_gain":0,"player_choice":"Gave Potion","damage_taken":0,"relics_obtained":["Pantograph"],"max_hp_gain":0,"max_hp_loss":0,"event_name":"WeMeetAgain","floor":20,"gold_loss":0}],"is_beta":false,"boss_relics":[{"not_picked":["Cursed Key","Empty Cage"],"picked":"Coffee Dripper"}],"items_purged_floors":[],"is_endless":false,"potions_floor_spawned":[4,5,14,16,18],"killed_by":"Snake Plant","ascension_level":20}}