{"host":"6ppucmbu28e4pclv","time":1608356606,"event":{"mods":["BaseMod","Colored Map","DeckTracker","Minty Spire (QoL Compilation)","StSLib"],"gold_per_floor":[10,10,85,85,98,98,122,42,42,81,106,106,147,205,205,294,294,314,332,348,71,90,90,123,123,170,170,170,188,188,188,188],"floor_reached":31,"playtime":1480,"items_purged":["Strike_G"],"score":434,"play_id":"d763d24b-b62b-4517-b2b3-55a3f947d522","local_time":"20201218214326","is_ascension_mode":true,"campfire_choices":[{"data":"Neutralize","floor":6.0,"key":"SMITH"},{"data":"Poisoned Stab","floor":12.0,"key":"SMITH"},{"floor":15.0,"key":"REST"},{"floor":23,"key":"REST"},{"data":"Night Terror","floor":27,"key":"SMITH"},{"data":"Dramatic Entrance","floor":30,"key":"SMITH"}],"circlet_count":0,"master_deck":["AscendersBane","Strike_G","Strike_G","Strike_G","Strike_G+1","Defend_G","Defend_G","Defend_G","Defend_G","Defend_G","Survivor","Neutralize+1","Die Die Die+1","Poisoned Stab+1","PiercingWail","Quick Slash","Backstab","Expertise","Cloak And Dagger","Acrobatics","Adrenaline","Flying Knee","Dodge and Roll+1","Footwork+1","Backstab+1","Dramatic Entrance+1","Night Terror+1","Deflect","Writhe","Adrenaline"],"relics":["Ring of the Snake","Golden Idol","The Courier","Shuriken","CaptainsWheel","Black Star","Strawberry","Mercury Hourglass","Whetstone","Bag of Preparation","Smiling Mask"],"acts_visited":["TheCity"],"potions_floor_usage":[16,19,20,24,24],"damage_taken":[{"damage":1.0,"enemies":"Small Slimes","floor":1.0,"turns":3.0},{"damage":0.0,"enemies":"Jaw Worm","floor":5.0,"turns":3.0},{"damage":1.0,"enemies":"2 Louse","floor":7.0,"turns":3.0},{"damage":10.0,"enemies":"3 Sentries","floor":10.0,"turns":4.0},{"damage":5.0,"enemies":"Gremlin Gang","floor":11.0,"turns":3.0},{"damage":23.0,"enemies":"Gremlin Nob","floor":13.0,"turns":4.0},{"damage":6,"enemies":"The Guardian","floor":16,"turns":13},{"damage":2,"enemies":"Chosen","floor":18,"turns":5},{"damage":25,"enemies":"2 Thieves","floor":19,"turns":3},{"damage":16,"enemies":"Shelled Parasite and Fungi","floor":20,"turns":9},{"damage":5,"enemies":"Snake Plant","floor":22,"turns":4},{"damage":14,"enemies":"Gremlin Leader","floor":24,"turns":6},{"damage":0,"enemies":"3 Cultists","floor":29,"turns":3},{"damage":44,"enemies":"Book of Stabbing","floor":31,"turns":6}],"seed_played":"6328721736207779010","potions_obtained":[{"floor":5.0,"key":"Weak Potion"},{"floor":11.0,"key":"Explosive Potion"},{"floor":13.0,"key":"Regen Potion"},{"floor":18,"key":"ColorlessPotion"},{"floor":19,"key":"Block Potion"},{"floor":22,"key":"CunningPotion"}],"is_trial":false,"path_per_floor":["M","?","?","?","M","R","M","$","T","E","M","R","E","?","R","B",null,"M","M","M","$","M","R","E","?","T","R","?","M","R","E"],"character_chosen":"THE_SILENT","items_purchased":["Backstab","Strawberry","Backstab","Dramatic Entrance"],"campfire_rested":2,"item_purchase_floors":[8,21,21,21],"current_hp_per_floor":[62,62,51,51,51,51,50,50,50,40,35,35,12,12,31,25,55,53,28,12,19,14,35,33,33,33,33,33,33,33,0,0],"gold":188,"neow_bonus":"THREE_RARE_CARDS","is_daily":false,"chose_seed":false,"campfire_upgraded":4,"win_rate":0.0,"timestamp":1608356606,"path_taken":["M","?","?","?","M","R","M","?","T","E","M","R","E","?","R","BOSS","M","M","M","$","M","R","E","?","T","R","?","?","R","E"],"items_purchased_type":["Card","Relic","Card","Card"],"build_version":"2020-12-13","purchased_purges":1,"victory":false,"max_hp_per_floor":[70,70,70,65,65,65,65,65,65,65,65,65,65,65,65,65,65,65,65,65,72,72,72,72,72,72,72,72,72,72,72,72],"card_choices":[{"not_picked":["Unload","Venomology"],"picked":"Die Die Die","floor":0.0},{"not_picked":["Underhanded Strike","Prepared"],"picked":"Poisoned Stab","floor":1.0},{"not_picked":["Tactician","Poisoned Stab"],"picked":"PiercingWail","floor":5.0},{"not_picked":["Slice","Underhanded Strike"],"picked":"Quick Slash","floor":7.0},{"not_picked":["Dash","Sucker Punch"],"picked":"Expertise","floor":10.0},{"not_picked":["Outmaneuver","Deadly Poison"],"picked":"Cloak And Dagger","floor":11.0},{"not_picked":["Masterful Stab","Bullet Time"],"picked":"Acrobatics","floor":13.0},{"not_picked":["After Image","Grand Finale"],"picked":"Adrenaline","floor":16},{"not_picked":["Dodge and Roll","Masterful Stab"],"picked":"Flying Knee","floor":18},{"not_picked":["Deadly Poison","Finisher"],"picked":"Dodge and Roll+1","floor":19},{"not_picked":["PiercingWail","Bane"],"picked":"Footwork+1","floor":20},{"not_picked":["Bouncing Flask","Reflex"],"picked":"Night Terror","floor":22},{"not_picked":["Setup","Dagger Spray"],"picked":"Deflect","floor":24},{"not_picked":["Outmaneuver","Tactician","Flying Knee"],"picked":"SKIP","floor":29}],"player_experience":866194,"relics_obtained":[{"floor":9.0,"key":"The Courier"},{"floor":10.0,"key":"Shuriken"},{"floor":13.0,"key":"CaptainsWheel"},{"floor":24,"key":"Mercury Hourglass"},{"floor":24,"key":"Whetstone"},{"floor":26,"key":"Smiling Mask"}],"event_choices":[{"damage_healed":0.0,"max_hp_gain":0.0,"max_hp_loss":0.0,"gold_gain":0.0,"event_name":"Living Wall","player_choice":"Grow","floor":2.0,"gold_loss":0.0,"damage_taken":0.0,"cards_upgraded":["Die Die Die"]},{"damage_healed":0.0,"max_hp_gain":0.0,"max_hp_loss":0.0,"gold_gain":75.0,"event_name":"World of Goop","player_choice":"Gather Gold","floor":3.0,"gold_loss":0.0,"damage_taken":11.0},{"damage_healed":0.0,"max_hp_gain":0.0,"max_hp_loss":5.0,"gold_gain":0.0,"event_name":"Golden Idol","player_choice":"Lose Max HP","floor":4.0,"gold_loss":0.0,"damage_taken":0.0,"relics_obtained":["Golden Idol"]},{"damage_healed":0.0,"max_hp_gain":0.0,"max_hp_loss":0.0,"gold_gain":58.0,"event_name":"Golden Wing","player_choice":"Gained Gold","floor":14.0,"gold_loss":0.0,"damage_taken":0.0},{"damage_healed":0,"gold_gain":0,"player_choice":"Opened","damage_taken":0,"relics_obtained":["Bag of Preparation"],"max_hp_gain":0,"max_hp_loss":0,"event_name":"The Mausoleum","floor":25,"gold_loss":0,"cards_obtained":["Writhe"]},{"damage_healed":0,"gold_gain":0,"player_choice":"Copied","damage_taken":0,"max_hp_gain":0,"max_hp_loss":0,"event_name":"Duplicator","floor":28,"gold_loss":0,"cards_obtained":["Adrenaline"]}],"is_beta":false,"boss_relics":[{"not_picked":["SacredBark","Astrolabe"],"picked":"Black Star"}],"items_purged_floors":[21],"is_endless":false,"potions_floor_spawned":[5,11,13,18,19,22],"killed_by":"Book of Stabbing","ascension_level":13}}