{"host":"qm4rv4rkpk76sbxu","time":1608377749,"event":{"mods":["BaseMod","Bestiary","Block Reminder","DeckTracker","Filter the Spire","Keyboard Shortcuts","Minty Spire (QoL Compilation)","MonsterHotkey","Potion Indicator Mod","Quick Restart","Random Character Button","Relic Stats","Slay-I","StSLib","ojb\u0027s Better Paths Mod"],"gold_per_floor":[368,41,59,59,79,79,114,114,114,114,14,64,78,91,91,166,166,176,176,190,30,30,30,63,63,63],"floor_reached":25,"playtime":1008,"items_purged":["Doubt","Strike_B"],"score":498,"play_id":"0d0d1688-55b2-4419-9a49-931d8c021d1a","local_time":"20201219123549","is_ascension_mode":true,"campfire_choices":[{"data":"Sunder","floor":6.0,"key":"SMITH"},{"floor":8.0,"key":"REST"},{"data":"Reprogram","floor":15.0,"key":"SMITH"},{"data":"Ghostly","floor":23.0,"key":"SMITH"}],"circlet_count":0,"master_deck":["AscendersBane","Strike_B","Strike_B","Strike_B","Defend_B","Defend_B+1","Defend_B","Defend_B","Zap","Dualcast+1","Beam Cell+1","Sunder+1","Reinforced Body","Reprogram+1","Cold Snap","Steam","Heatsinks+1","Echo Form+1","Steam","BootSequence","Ghostly+1","Ghostly","Ghostly","Go for the Eyes"],"relics":["Cracked Core","OrangePellets","Shuriken","Frozen Egg 2","Black Star","Sling","Red Mask"],"acts_visited":["Exordium","TheCity"],"potions_floor_usage":[25],"damage_taken":[{"damage":7.0,"enemies":"2 Louse","floor":1.0,"turns":3.0},{"damage":0.0,"enemies":"Cultist","floor":3.0,"turns":2.0},{"damage":0.0,"enemies":"Small Slimes","floor":5.0,"turns":2.0},{"damage":35.0,"enemies":"3 Sentries","floor":7.0,"turns":9.0},{"damage":0.0,"enemies":"Looter","floor":13.0,"turns":2.0},{"damage":7.0,"enemies":"Large Slime","floor":14.0,"turns":5.0},{"damage":0.0,"enemies":"The Guardian","floor":16.0,"turns":13.0},{"damage":22.0,"enemies":"Shell Parasite","floor":18.0,"turns":6.0},{"damage":16.0,"enemies":"Spheric Guardian","floor":20.0,"turns":4.0},{"damage":30.0,"enemies":"Masked Bandits","floor":24.0,"turns":10.0},{"damage":8,"enemies":"Slavers","floor":25,"turns":2}],"seed_played":"8606339018914800542","potions_obtained":[{"floor":5.0,"key":"GamblersBrew"},{"floor":7.0,"key":"LiquidMemories"},{"floor":14.0,"key":"FocusPotion"},{"floor":16.0,"key":"FairyPotion"},{"floor":20.0,"key":"LiquidMemories"},{"floor":24.0,"key":"DuplicationPotion"}],"is_trial":false,"path_per_floor":["M","$","M","?","M","R","E","R","T","?","$","?","M","M","R","B",null,"M","?","M","$","?","R","?","E"],"character_chosen":"DEFECT","items_purchased":["OrangePellets","Sunder","Sling"],"campfire_rested":1,"item_purchase_floors":[2,2,21],"current_hp_per_floor":[57,57,57,36,36,36,1,22,22,22,22,22,22,15,15,15,57,35,35,19,19,19,19,8,0,0],"gold":63,"neow_bonus":"TWO_FIFTY_GOLD","is_daily":false,"chose_seed":false,"campfire_upgraded":3,"win_rate":0.0,"timestamp":1608377749,"path_taken":["M","$","M","?","M","R","E","R","T","?","$","?","?","?","R","BOSS","M","?","M","$","?","R","?","E"],"items_purchased_type":["Relic","Card","Relic"],"build_version":"2020-12-13","purchased_purges":2,"victory":false,"max_hp_per_floor":[71,71,71,71,71,71,71,71,71,71,71,71,71,71,71,71,71,71,71,71,71,35,35,35,35,35],"relic_stats":{"OrangePellets":[5],"counters":[11,58],"Shuriken":[3],"Black Star":0,"obtain_stats":[{"OrangePellets":2,"Shuriken":7,"Black Star":17,"Red Mask":24,"Frozen Egg 2":9,"Cracked Core":0,"Sling":21},{"OrangePellets":1,"Shuriken":4,"Black Star":7,"Red Mask":10,"Frozen Egg 2":4,"Cracked Core":0,"Sling":9},{"OrangePellets":3,"Shuriken":16,"Black Star":36,"Red Mask":56,"Frozen Egg 2":16,"Cracked Core":0,"Sling":46}]},"card_choices":[{"not_picked":["Gash","Capacitor"],"picked":"Beam Cell","floor":1.0},{"not_picked":["BootSequence","Coolheaded"],"picked":"Reinforced Body","floor":3.0},{"not_picked":["Leap","Beam Cell"],"picked":"Reprogram","floor":5.0},{"not_picked":["Amplify","Coolheaded"],"picked":"Cold Snap","floor":7.0},{"not_picked":["Conserve Battery","Beam Cell"],"picked":"Steam","floor":13.0},{"not_picked":["Cold Snap","Force Field"],"picked":"Heatsinks+1","floor":14.0},{"not_picked":["Meteor Strike","Hyperbeam"],"picked":"Echo Form+1","floor":16.0},{"not_picked":["Static Discharge+1","Cold Snap"],"picked":"Steam","floor":18.0},{"not_picked":["Tempest","Barrage"],"picked":"BootSequence","floor":20.0},{"not_picked":["Turbo","Skim"],"picked":"Go for the Eyes","floor":24.0}],"player_experience":1065769,"relics_obtained":[{"floor":7.0,"key":"Shuriken"},{"floor":9.0,"key":"Frozen Egg 2"},{"floor":24.0,"key":"Red Mask"}],"event_choices":[{"damage_healed":0.0,"max_hp_gain":0.0,"max_hp_loss":0.0,"gold_gain":0.0,"event_name":"Shining Light","player_choice":"Entered Light","floor":4.0,"gold_loss":0.0,"damage_taken":21.0,"cards_upgraded":["Defend_B","Dualcast"]},{"damage_healed":0.0,"max_hp_gain":0.0,"max_hp_loss":0.0,"gold_gain":0.0,"event_name":"Living Wall","player_choice":"Grow","floor":10.0,"gold_loss":0.0,"damage_taken":0.0,"cards_upgraded":["Beam Cell"]},{"damage_healed":0.0,"max_hp_gain":0.0,"max_hp_loss":0.0,"gold_gain":50.0,"event_name":"Golden Shrine","player_choice":"Pray","floor":12.0,"gold_loss":0.0,"damage_taken":0.0},{"damage_healed":0.0,"max_hp_gain":0.0,"max_hp_loss":0.0,"gold_gain":0.0,"event_name":"Vampires","player_choice":"Ignored","floor":19.0,"gold_loss":0.0,"damage_taken":0.0},{"damage_healed":0.0,"max_hp_gain":0.0,"max_hp_loss":36.0,"gold_gain":0.0,"event_name":"Ghosts","player_choice":"Became a Ghost","floor":22.0,"gold_loss":0.0,"damage_taken":0.0,"cards_obtained":["Ghostly","Ghostly","Ghostly"]},{"damage_healed":0.0,"max_hp_gain":0.0,"max_hp_loss":0.0,"gold_gain":0.0,"event_name":"Masked Bandits","player_choice":"Fought Bandits","floor":24.0,"gold_loss":0.0,"damage_taken":0.0}],"is_beta":false,"boss_relics":[{"not_picked":["SlaversCollar","Inserter"],"picked":"Black Star"}],"items_purged_floors":[2,11],"is_endless":false,"potions_floor_spawned":[5,7,14,16,20,24],"killed_by":"Slavers","ascension_level":20}}