{"host":"jacddazefqpozmdr","time":1608381871,"event":{"mods":["AchievementEnabler","BaseMod","Better Note","BetterRewards","Downfall","Googly Eyes","Hermit","HololiveMod","Hubris","Infinite Spire","Lobotomy","LobotomyExtend","Marisa????????","Minty Spire (QoL Compilation)","Prisma Mod","Quick Restart","Rare Cards Sparkle","Relic Stats","Replay The Spire","Shop Mod","StSLib","The Alterego","The Blue Laboratory","The Cursed","The Gatherer","The Jungle","The Runesmith","The Servant 0.9.4","Waifu the Spire","WarShipGirlsR/????R mod"],"gold_per_floor":[116,133,146,146,146,146,146,146],"floor_reached":7,"playtime":262,"items_purged":[],"score":41,"play_id":"3a181d50-c909-4880-a58b-687a240f96d5","local_time":"20201219124431","is_ascension_mode":false,"campfire_choices":[{"data":"alterego_mod:Crossover","floor":6,"key":"SMITH"}],"circlet_count":0,"master_deck":["alterego_mod:Strike","alterego_mod:Strike","alterego_mod:Strike","alterego_mod:Strike","alterego_mod:Defend","alterego_mod:Defend","alterego_mod:Defend","alterego_mod:Defend","alterego_mod:Impale","alterego_mod:BigMeatyClaws","alterego_mod:BrynhildrsRune","alterego_mod:MaintainEyeContact","alterego_mod:Lingerie","alterego_mod:SakuraFive","alterego_mod:Rake","alterego_mod:Crossover+1"],"relics":["alterego_mod:MasochisticConstitution","NeowsBlessing","LetterFromLob"],"acts_visited":["Exordium"],"potions_floor_usage":[],"damage_taken":[{"damage":0,"enemies":"Jaw Worm","floor":1,"turns":1},{"damage":0,"enemies":"2 Louse","floor":2,"turns":1},{"damage":0,"enemies":"Small Slimes","floor":3,"turns":1},{"damage":18,"enemies":"Replay:BlueRogue","floor":7,"turns":6}],"seed_played":"-4498684056826770989","potions_obtained":[{"floor":2,"key":"blueLaboratory:LouseDecoction"}],"is_trial":false,"path_per_floor":["M","M","M","?","?","R","E"],"character_chosen":"The_Alterego","items_purchased":[],"campfire_rested":0,"item_purchase_floors":[],"current_hp_per_floor":[70,70,70,70,70,70,52,52],"gold":146,"neow_bonus":"THREE_ENEMY_KILL","is_daily":false,"chose_seed":false,"campfire_upgraded":1,"win_rate":0.0,"timestamp":1608381871,"path_taken":["M","M","M","?","?","R","E"],"items_purchased_type":[],"build_version":"2020-12-13","purchased_purges":0,"victory":false,"max_hp_per_floor":[70,70,70,70,70,70,70,70],"relic_stats":{"counters":[4,9],"obtain_stats":[{"alterego_mod:MasochisticConstitution":0,"NeowsBlessing":0,"LetterFromLob":1},{"alterego_mod:MasochisticConstitution":0,"NeowsBlessing":0,"LetterFromLob":1},{"alterego_mod:MasochisticConstitution":0,"NeowsBlessing":0,"LetterFromLob":1}]},"card_choices":[{"not_picked":["alterego_mod:DestructionOfProperty","alterego_mod:Jiggle"],"picked":"alterego_mod:MaintainEyeContact","floor":1},{"not_picked":["alterego_mod:Maid","alterego_mod:MagicResistance"],"picked":"alterego_mod:Lingerie","floor":2},{"not_picked":["alterego_mod:Lingerie","alterego_mod:Jiggle"],"picked":"alterego_mod:SakuraFive","floor":3},{"not_picked":[],"picked":"alterego_mod:Rake","floor":4}],"player_experience":190678,"relics_obtained":[{"floor":1,"key":"LetterFromLob"}],"event_choices":[],"is_beta":false,"boss_relics":[],"items_purged_floors":[],"is_endless":false,"potions_floor_spawned":[2],"killed_by":"Replay:BlueRogue","ascension_level":0}}