{"host":"wuk1ltmmka824l9y","time":1608387012,"event":{"mods":["AchievementEnabler","BaseMod","Custom Start","DeckTracker","Minty Spire (QoL Compilation)","Quick Restart","StSLib","SuperFastMode"],"gold_per_floor":[114,128,128,128,148,148,148,177,200,180,197,214,214,230,230,230,230],"floor_reached":16,"playtime":534,"items_purged":[],"score":122,"play_id":"f05f60eb-d32d-41a2-a258-07f0e0882bb6","local_time":"20201219231012","is_ascension_mode":true,"campfire_choices":[{"data":"Blade Dance","floor":6.0,"key":"SMITH"},{"data":"Distraction","floor":13,"key":"SMITH"},{"data":"Backflip","floor":15,"key":"SMITH"}],"circlet_count":0,"master_deck":["Strike_G","Strike_G","Strike_G","Strike_G","Strike_G+1","Defend_G","Defend_G+1","Defend_G","Defend_G","Defend_G","Survivor","Neutralize","Heel Hook","Cloak And Dagger+1","Distraction+1","Blade Dance+1","PiercingWail","Leg Sweep","Backflip+1"],"relics":["Ring of the Snake","Blue Candle","Art of War","Smiling Mask"],"acts_visited":["Exordium"],"potions_floor_usage":[8],"damage_taken":[{"damage":4.0,"enemies":"Small Slimes","floor":1.0,"turns":5.0},{"damage":0.0,"enemies":"2 Louse","floor":2.0,"turns":4.0},{"damage":1.0,"enemies":"Jaw Worm","floor":5.0,"turns":2.0},{"damage":22,"enemies":"Lagavulin","floor":8,"turns":5},{"damage":4,"enemies":"Large Slime","floor":11,"turns":4},{"damage":0,"enemies":"Exordium Thugs","floor":12,"turns":6},{"damage":0,"enemies":"Exordium Wildlife","floor":14,"turns":3},{"damage":21,"enemies":"The Guardian","floor":16,"turns":15}],"seed_played":"7840004170245898144","potions_obtained":[{"floor":2.0,"key":"BlessingOfTheForge"},{"floor":8,"key":"Weak Potion"},{"floor":10,"key":"SpeedPotion"},{"floor":14,"key":"Dexterity Potion"}],"is_trial":false,"path_per_floor":["M","M","?","?","M","R","T","E","T","?","M","M","R","M","R","B"],"character_chosen":"THE_SILENT","items_purchased":[],"campfire_rested":0,"item_purchase_floors":[],"current_hp_per_floor":[66,66,52,52,51,51,51,29,29,29,25,25,25,25,25,4,4],"gold":230,"neow_bonus":"THREE_CARDS","is_daily":false,"chose_seed":false,"campfire_upgraded":3,"win_rate":0.0,"timestamp":1608387012,"path_taken":["M","M","?","?","M","R","?","E","T","?","M","M","R","M","R","BOSS"],"items_purchased_type":[],"build_version":"2020-12-13","purchased_purges":0,"victory":false,"max_hp_per_floor":[70,70,70,70,70,70,70,70,70,70,70,70,70,70,70,70,70],"card_choices":[{"not_picked":["Deflect","Dagger Throw"],"picked":"Heel Hook","floor":0.0},{"not_picked":["Underhanded Strike","PiercingWail"],"picked":"Cloak And Dagger","floor":1.0},{"not_picked":["Dagger Throw","Underhanded Strike"],"picked":"Distraction","floor":2.0},{"not_picked":["Sucker Punch","Dodge and Roll"],"picked":"Blade Dance","floor":5.0},{"not_picked":["All Out Attack","Backstab","Bullet Time"],"picked":"SKIP","floor":8},{"not_picked":["All Out Attack","Poisoned Stab"],"picked":"PiercingWail","floor":11},{"not_picked":["Dodge and Roll","Dagger Spray"],"picked":"Leg Sweep","floor":12},{"not_picked":["Deflect","Calculated Gamble"],"picked":"Backflip","floor":14}],"player_experience":325740,"relics_obtained":[{"floor":7.0,"key":"Blue Candle"},{"floor":8,"key":"Art of War"},{"floor":9,"key":"Smiling Mask"}],"event_choices":[{"damage_healed":0.0,"max_hp_gain":0.0,"max_hp_loss":0.0,"gold_gain":0.0,"event_name":"Shining Light","player_choice":"Entered Light","floor":3.0,"gold_loss":0.0,"damage_taken":14.0,"cards_upgraded":["Defend_G","Strike_G"]},{"damage_healed":0.0,"max_hp_gain":0.0,"max_hp_loss":0.0,"gold_gain":0.0,"event_name":"Living Wall","player_choice":"Grow","floor":4.0,"gold_loss":0.0,"damage_taken":0.0,"cards_upgraded":["Cloak And Dagger"]},{"damage_healed":0,"gold_gain":0,"player_choice":"Bought 1 Potion","damage_taken":0,"max_hp_gain":0,"max_hp_loss":0,"event_name":"The Woman in Blue","floor":10,"gold_loss":0}],"is_beta":false,"boss_relics":[],"items_purged_floors":[],"is_endless":false,"potions_floor_spawned":[2,8,14],"killed_by":"The Guardian","ascension_level":4}}