{"host":"rihxvzvzrfpivboj","time":1608407772,"event":{"mods":["Act Like it!","BaseMod","Better Third Choice","Block Reminder","Colored Map","Colored Powertips","Duelist Mod","Gensokyo","GifTheSpireLib","Keyboard Shortcuts","KomeijiMod","Minty Spire (QoL Compilation)","Quick Restart","Relic Sorter","StSLib","The Jungle","Unceasing Turn Reminder","Waifu the Spire","[IsaacMod]à»éTêÎìÉ"],"gold_per_floor":[144,144,194,211,211,243,258,258,258,292,292,312,312,312],"floor_reached":13,"playtime":864,"items_purged":[],"score":130,"play_id":"d7a676bf-3bec-4da5-9059-8ed2b0d9746d","local_time":"20201219205612","is_ascension_mode":true,"campfire_choices":[{"data":"theDuelist:ToonWorld","floor":8,"key":"SMITH"}],"circlet_count":0,"master_deck":["theDuelist:CastleWalls","theDuelist:CastleWalls","theDuelist:MangaRyuRan+1","theDuelist:Sparks","theDuelist:Sparks+1","theDuelist:Sparks","theDuelist:ToonAncientGear","theDuelist:ToonMermaid","theDuelist:ToonSummonedSkull","theDuelist:ToonWorld+1","theDuelist:BreakDraw","theDuelist:DeltaMagnet","theDuelist:ToonMermaid","theDuelist:HeavyMechSupportPlatform","theDuelist:SolarWindJammer","theDuelist:BreakDraw"],"relics":["theDuelist:MillenniumPuzzle","theDuelist:CardPoolRelic","theDuelist:CardPoolBasicRelic","theDuelist:BoosterPackPoolRelic","theDuelist:CardPoolAddRelic","theDuelist:CardPoolMinusRelic","theDuelist:CardPoolSaveRelic","theDuelist:CardPoolOptionsRelic","HushsDoor","PillsDrop","Whetstone","theDuelist:CursedHealer","theDuelist:BoosterPackTrapEgg","Bottled Lightning","Tough Bandages","BookofShadows"],"acts_visited":["Exordium"],"potions_floor_usage":[3,10],"damage_taken":[{"damage":7,"enemies":"Jaw Worm","floor":1,"turns":3},{"damage":40,"enemies":"Hiden Room Battle","floor":3,"turns":6},{"damage":0,"enemies":"Cultist","floor":4,"turns":2},{"damage":21,"enemies":"Lagavulin","floor":6,"turns":6},{"damage":12,"enemies":"Small Slimes","floor":7,"turns":2},{"damage":1,"enemies":"Gremlin Nob","floor":10,"turns":2},{"damage":5,"enemies":"3 Louse","floor":12,"turns":2},{"damage":18,"enemies":"Lagavulin","floor":13,"turns":4}],"seed_played":"5426784810558161117","potions_obtained":[{"floor":1,"key":"theDuelist:CoolBottle"},{"floor":6,"key":"Fire Potion"},{"floor":10,"key":"theDuelist:ExtraOrbsBottle"}],"is_trial":false,"path_per_floor":["M","?","?","M","?","E","M","R","T","E","T","M","E"],"character_chosen":"THE_DUELIST","items_purchased":[],"campfire_rested":0,"item_purchase_floors":[],"current_hp_per_floor":[81,81,26,26,51,30,21,21,21,20,20,15,0,0],"gold":312,"neow_bonus":"TEN_PERCENT_HP_BONUS","is_daily":false,"chose_seed":false,"campfire_upgraded":1,"win_rate":0.0,"timestamp":1608407772,"path_taken":["M","?","?","?","?","E","M","R","T","E","?","M","E"],"items_purchased_type":[],"build_version":"2020-12-13","purchased_purges":0,"victory":false,"max_hp_per_floor":[88,88,88,88,88,88,91,91,91,91,91,91,91,91],"card_choices":[{"not_picked":["theDuelist:CoreBlaster","theDuelist:SpellShatteringArrow","theDuelist:Factory100Machines","theDuelist:CheerfulCoffin"],"picked":"theDuelist:BreakDraw","floor":0},{"not_picked":["theDuelist:CactusBouncer","theDuelist:Firegrass","theDuelist:Biofalcon","theDuelist:SilverApples","theDuelist:ToonRollback"],"picked":"SKIP","floor":1},{"not_picked":["theDuelist:TokenVacuum","theDuelist:Tuningware","theDuelist:CheerfulCoffin","theDuelist:Deskbot005"],"picked":"theDuelist:ToonMermaid","floor":3},{"not_picked":["theDuelist:MiracleFertilizer","theDuelist:WitchBlackRose","theDuelist:RoseWitch","theDuelist:PredaplantFlytrap"],"picked":"theDuelist:HeavyMechSupportPlatform","floor":4},{"not_picked":["theDuelist:Oilman","theDuelist:JunkKuriboh","theDuelist:AncientGearFist","theDuelist:CrystalRose"],"picked":"theDuelist:SolarWindJammer","floor":6},{"not_picked":["theDuelist:ToonWorld","theDuelist:CastleWalls+1","theDuelist:Sparks"],"picked":"theDuelist:BreakDraw","floor":7},{"not_picked":["theDuelist:BloodToken","theDuelist:SpellcasterToken","theDuelist:StimToken","theDuelist:ZombieToken","theDuelist:InsectToken"],"picked":"SKIP","floor":10},{"not_picked":["theDuelist:Submarineroid","theDuelist:HeavyMechSupportArmor","theDuelist:BirdRoses","theDuelist:ToonRollback","theDuelist:Deskbot009"],"picked":"SKIP","floor":12}],"player_experience":945342,"relics_obtained":[{"floor":3,"key":"PillsDrop"},{"floor":3,"key":"Whetstone"},{"floor":6,"key":"theDuelist:BoosterPackTrapEgg"},{"floor":9,"key":"Bottled Lightning"},{"floor":10,"key":"Tough Bandages"}],"event_choices":[{"damage_healed":0,"gold_gain":0,"player_choice":"Delta Electro","duelist":true,"damage_taken":0,"max_hp_gain":0,"max_hp_loss":0,"event_name":"Egyptian Village","floor":2,"gold_loss":0,"cards_obtained":["Delta Electromagnet Warrior"]},{"damage_healed":0,"gold_gain":0,"player_choice":"Fight","damage_taken":0,"max_hp_gain":0,"max_hp_loss":0,"event_name":"HidenRoomEvent","floor":3,"gold_loss":0},{"damage_healed":0,"gold_gain":0,"player_choice":"Succumb - +25HP/Cursed Relic","duelist":true,"damage_taken":0,"max_hp_gain":0,"max_hp_loss":0,"event_name":"Tomb of the Nameless","floor":5,"gold_loss":0}],"is_beta":false,"boss_relics":[],"items_purged_floors":[],"is_endless":false,"potions_floor_spawned":[1,6,10],"killed_by":"Lagavulin","ascension_level":2}}