{"host":"a5e2zwd8c2ad7the","time":1608385864,"event":{"mods":["Act Like it!","BaseMod","Colored Map","Hallownest","Minty Spire (QoL Compilation)","Quick Restart","Replay The Spire","StSLib","The Bug Knight","The Jungle"],"gold_per_floor":[117,292,302,302,302,313,347,376,388,427,451,483,495,522,534,546,546],"floor_reached":16,"playtime":583,"items_purged":[],"score":114,"play_id":"beb40867-7182-4db1-aea5-697b5e11e933","local_time":"20201219215104","is_ascension_mode":false,"campfire_choices":[{"data":"Accuracy","floor":13,"key":"SMITH"},{"floor":15,"key":"DIG"}],"circlet_count":0,"master_deck":["Strike_G","Strike_G","Strike_G","Strike_G+1","Strike_G","Defend_G","Defend_G","Defend_G","Defend_G","Defend_G","Survivor","Neutralize","Draining Mist","Blade Dance","Dagger Spray","Iron Wave","All Out Attack","Crippling Poison","Replay:Bag of Tricks","Hidden Blade","Accuracy+1","Toxin Wave"],"relics":["Ring of the Snake","MawBank","Oddly Smooth Stone","Snack Pack","Matryoshka"],"acts_visited":["Exordium"],"potions_floor_usage":[7,14,14,16],"damage_taken":[{"damage":2,"enemies":"Cultist","floor":1,"turns":4},{"damage":0,"enemies":"Small Slimes","floor":3,"turns":3},{"damage":0,"enemies":"2 Louse","floor":6,"turns":2},{"damage":32,"enemies":"Lagavulin","floor":7,"turns":5},{"damage":0,"enemies":"Gremlin Gang","floor":8,"turns":2},{"damage":21,"enemies":"Gremlin Nob","floor":10,"turns":4},{"damage":12,"enemies":"Large Slime","floor":11,"turns":5},{"damage":4,"enemies":"Blue Slaver","floor":12,"turns":3},{"damage":2,"enemies":"Looter","floor":14,"turns":4},{"damage":16,"enemies":"The Guardian","floor":16,"turns":6}],"seed_played":"-7765683772394659379","potions_obtained":[{"floor":3,"key":"Fire Potion"},{"floor":7,"key":"GamblersBrew"},{"floor":10,"key":"Block Potion"},{"floor":14,"key":"ColorlessPotion"}],"is_trial":false,"path_per_floor":["M","?","M","?","?","M","E","M","T","E","M","M","R","M","R_BF","B"],"character_chosen":"THE_SILENT","items_purchased":[],"campfire_rested":0,"item_purchase_floors":[],"current_hp_per_floor":[68,68,68,68,68,68,36,36,36,15,11,11,11,13,13,0,0],"gold":546,"neow_bonus":"THREE_CARDS","is_daily":false,"chose_seed":false,"campfire_upgraded":1,"win_rate":0.0,"timestamp":1608385864,"path_taken":["M","?","M","?","?","M","E","M","T","E","M","M","R","M","R_BF","BOSS"],"items_purchased_type":[],"build_version":"2020-12-13","purchased_purges":0,"victory":false,"max_hp_per_floor":[70,70,70,70,70,70,70,70,70,70,70,70,70,70,70,70,70],"card_choices":[{"not_picked":["Sucker Punch","Outmaneuver"],"picked":"Draining Mist","floor":0},{"not_picked":["PiercingWail","ReplayTheSpireMod:Exploit Weakness"],"picked":"Blade Dance","floor":1},{"not_picked":["Skewer","Footwork"],"picked":"Dagger Spray","floor":3},{"not_picked":["Prepared","Sucker Punch"],"picked":"All Out Attack","floor":6},{"not_picked":["Acrobatics","Blade Dance"],"picked":"Crippling Poison","floor":7},{"not_picked":["Prepared","ReplayTheSpireMod:The Works","Slice"],"picked":"SKIP","floor":8},{"not_picked":["Sucker Punch","ReplayTheSpireMod:Shiv Toss"],"picked":"Replay:Bag of Tricks","floor":10},{"not_picked":["Acrobatics","Prepared"],"picked":"Hidden Blade","floor":11},{"not_picked":["Acrobatics","Flying Knee"],"picked":"Accuracy","floor":12},{"not_picked":["All Out Attack","Underhanded Strike"],"picked":"Toxin Wave","floor":14}],"player_experience":23019,"relics_obtained":[{"floor":7,"key":"MawBank"},{"floor":9,"key":"Oddly Smooth Stone"},{"floor":10,"key":"Snack Pack"},{"floor":15,"key":"Matryoshka"}],"event_choices":[{"damage_healed":0,"gold_gain":175,"player_choice":"AGREE","damage_taken":0,"max_hp_gain":0,"max_hp_loss":0,"event_name":"Liars Game","floor":2,"gold_loss":0,"cards_obtained":["Doubt"]},{"cards_removed":["Doubt"],"damage_healed":0,"gold_gain":0,"player_choice":"Took Card","damage_taken":0,"max_hp_gain":0,"max_hp_loss":0,"event_name":"NoteForYourself","floor":5,"gold_loss":0,"cards_obtained":["Iron Wave"]}],"is_beta":false,"boss_relics":[],"items_purged_floors":[],"is_endless":false,"potions_floor_spawned":[3,7,10,14],"killed_by":"The Guardian","ascension_level":0}}