{"host":"ashh977dctw2auk3","time":1608413224,"event":{"mods":["BaseMod","ChefMod","Downfall","Friendly Minions","Glutton Mod","Hubris","Infinite Spire","Marisa????????","Minty Spire (QoL Compilation)","Potionbrewer","Replay The Spire","Ruin Mod","Shop Mod","StSLib","The Cursed","The Dragon Tamer","The Marked","The Sage","The Servant 0.9.4","The Spell Scribe","Transform Curses","Waifu the Spire"],"gold_per_floor":[110,110,125,125,150,150,171,171,222,222,237,237,260,19,19,142,142,157,157,178,130,144,144,168,168,168],"floor_reached":25,"playtime":2497,"items_purged":[],"score":195,"play_id":"7a51092b-2bf3-4a58-89ef-e4939566095c","local_time":"20201219132704","is_ascension_mode":false,"campfire_choices":[{"data":"theMarked:SoldierOfQuellstein","floor":6,"key":"SMITH"},{"data":"theMarked:SwordAndMagic","floor":10,"key":"SMITH"},{"floor":12,"key":"REST"},{"data":"theMarked:SoldierForm","floor":23,"key":"SMITH"}],"circlet_count":0,"master_deck":["theMarked:Strike","theMarked:Strike","theMarked:Strike","theMarked:Strike","theMarked:Strike","theMarked:Defend","theMarked:Defend","theMarked:Defend","theMarked:Defend","theMarked:SoldierOfQuellstein+1","theMarked:ElectricStrings","theMarked:ComboAttacks+1","theMarked:SwordAndMagic+1","theMarked:Aftermath","theMarked:SoldierForm+1","theMarked:ReduceFriction+1","theMarked:EmpowerWeapon","theMarked:EmpowerWeapon+1"],"relics":["theMarked:ArtifactOfAir","Golden Idol","MealTicket","Bottled Flame","hubris:RunicObelisk"],"acts_visited":["Exordium","TheCity"],"potions_floor_usage":[11,20,22,24,25],"damage_taken":[{"damage":4,"enemies":"2 Louse","floor":1,"turns":3},{"damage":0,"enemies":"Small Slimes","floor":3,"turns":2},{"damage":1,"enemies":"Jaw Worm","floor":5,"turns":4},{"damage":4,"enemies":"Blue Slaver","floor":7,"turns":4},{"damage":0,"enemies":"Large Slime","floor":11,"turns":4},{"damage":3,"enemies":"Red Slaver","floor":13,"turns":4},{"damage":54,"enemies":"Fading Forest","floor":16,"turns":11},{"damage":10,"enemies":"3 Byrds","floor":18,"turns":5},{"damage":20,"enemies":"2 Thieves","floor":20,"turns":3},{"damage":25,"enemies":"Shelled Parasite and Fungi","floor":22,"turns":4},{"damage":16,"enemies":"Snecko","floor":24,"turns":4},{"damage":17,"enemies":"Sentry and Sphere","floor":25,"turns":3}],"seed_played":"5968413948176028018","potions_obtained":[{"floor":5,"key":"Explosive Potion"},{"floor":11,"key":"PowerPotion"},{"floor":15,"key":"potionbrewer:EndurancePotion"},{"floor":15,"key":"potionbrewer:StunPotion"},{"floor":16,"key":"BlessingOfTheForge"},{"floor":20,"key":"Cursed Concoction"},{"floor":22,"key":"ColorlessPotion"}],"is_trial":false,"path_per_floor":["M","?","M","?","M","R","M","?","T","R","M","R","M","$","R","B",null,"M","?","M","$","M","R","M","M"],"character_chosen":"THE_DEFAULT","items_purchased":["Bottled Flame","theMarked:EmpowerWeapon"],"campfire_rested":1,"item_purchase_floors":[14,21],"current_hp_per_floor":[66,49,49,49,48,48,44,44,44,44,44,65,62,70,70,26,70,60,60,40,55,30,30,14,0,0],"gold":168,"neow_bonus":"THREE_CARDS","is_daily":false,"chose_seed":false,"campfire_upgraded":3,"win_rate":0.0,"timestamp":1608413224,"path_taken":["M","?","M","?","M","R","M","?","T","R","M","R","M","$","R","BOSS","M","?","M","$","M","R","M","M"],"items_purchased_type":["Relic","Card"],"build_version":"2020-12-13","purchased_purges":0,"victory":false,"max_hp_per_floor":[70,70,70,70,70,70,70,70,70,70,70,70,70,70,70,70,70,70,70,70,70,70,70,70,70,70],"card_choices":[{"not_picked":["theMarked:TwofoldDefense","theMarked:KeepCalmAndFightOn"],"picked":"theMarked:ElectricStrings","floor":0},{"not_picked":["theMarked:EnhanceMovement","theMarked:TwofoldDefense","theMarked:Generate"],"picked":"SKIP","floor":1},{"not_picked":["theMarked:Electrocute","theMarked:ElectricStrings"],"picked":"theMarked:ComboAttacks","floor":3},{"not_picked":["theMarked:RepellingDischarge","theMarked:Generate","theMarked:ElectricStrings"],"picked":"SKIP","floor":5},{"not_picked":["theMarked:RogueSparks","theMarked:Reabsorb"],"picked":"theMarked:SwordAndMagic","floor":7},{"not_picked":["theMarked:WardOff","theMarked:BanishingStrike","theMarked:TwofoldDefense"],"picked":"SKIP","floor":11},{"not_picked":["theMarked:MagicAdept","theMarked:ComboAttacks"],"picked":"theMarked:Aftermath","floor":13},{"not_picked":["theMarked:Defy","theMarked:TakeOffHeels"],"picked":"theMarked:SoldierForm","floor":16},{"not_picked":["theMarked:Panic","theMarked:Static","theMarked:Generate"],"picked":"SKIP","floor":18},{"not_picked":["theMarked:MaelstromOfLightning","theMarked:MagicAdept"],"picked":"theMarked:ReduceFriction+1","floor":20},{"not_picked":["theMarked:Static+1","theMarked:Overthink+1","theMarked:ContemptForTheProud"],"picked":"SKIP","floor":22},{"not_picked":["theMarked:ChainLightning","theMarked:HeritageOfTheMarked+1"],"picked":"theMarked:EmpowerWeapon+1","floor":24}],"player_experience":299748,"relics_obtained":[{"floor":9,"key":"MealTicket"}],"event_choices":[{"damage_healed":0,"gold_gain":0,"player_choice":"Take Damage","damage_taken":17,"relics_obtained":["Golden Idol"],"max_hp_gain":0,"max_hp_loss":0,"event_name":"Golden Idol","floor":2,"gold_loss":0}],"is_beta":false,"boss_relics":[{"not_picked":["hubris:ScarierMask","Empty Cage"],"picked":"hubris:RunicObelisk"}],"items_purged_floors":[],"is_endless":false,"potions_floor_spawned":[5,11,16,18,20,22],"killed_by":"Sentry and Sphere","ascension_level":0}}