{"host":"wshh0nphwn6jv7vj","time":1608402024,"event":{"mods":["BaseMod","Bestiary","Minty Spire (QoL Compilation)"],"gold_per_floor":[115,115,115,128,144,144,478,491,491,532,532,546,546,566,566,659,659,683,697,697,697,716,716,716],"floor_reached":23,"playtime":1408,"items_purged":[],"score":355,"play_id":"9c00c84c-8e09-4a01-bf29-d523f76e9796","local_time":"20201219132024","is_ascension_mode":true,"campfire_choices":[{"data":"Perseverance","floor":6,"key":"SMITH"},{"floor":13,"key":"REST"},{"floor":15,"key":"REST"}],"circlet_count":0,"master_deck":["AscendersBane","Strike_P","Strike_P","Strike_P","Defend_P","Defend_P","Defend_P","Defend_P","Eruption","Vigilance","Consecrate","Perseverance+1","BowlingBash","Wireheading","Wallop+1","CrushJoints","Protect","Consecrate","Vault","SandsOfTime","SandsOfTime","RitualDagger","TalkToTheHand"],"relics":["PureWater","NeowsBlessing","Golden Idol","Old Coin","Question Card","Shuriken","Runic Pyramid"],"acts_visited":["Exordium","TheCity"],"potions_floor_usage":[10,14,16,22,23],"damage_taken":[{"damage":0,"enemies":"Small Slimes","floor":1,"turns":2},{"damage":0,"enemies":"2 Louse","floor":4,"turns":1},{"damage":0,"enemies":"Cultist","floor":5,"turns":1},{"damage":33,"enemies":"Lagavulin","floor":7,"turns":12},{"damage":0,"enemies":"Exordium Wildlife","floor":8,"turns":2},{"damage":17,"enemies":"3 Sentries","floor":10,"turns":10},{"damage":0,"enemies":"3 Louse","floor":12,"turns":3},{"damage":0,"enemies":"Blue Slaver","floor":14,"turns":2},{"damage":12,"enemies":"Slime Boss","floor":16,"turns":9},{"damage":6,"enemies":"2 Thieves","floor":18,"turns":5},{"damage":0,"enemies":"Chosen","floor":19,"turns":5},{"damage":19,"enemies":"Centurion and Healer","floor":22,"turns":4},{"damage":37,"enemies":"Slavers","floor":23,"turns":3}],"seed_played":"-1708013083636160290","potions_obtained":[{"floor":4,"key":"BottledMiracle"},{"floor":8,"key":"Explosive Potion"},{"floor":12,"key":"EssenceOfSteel"},{"floor":14,"key":"AttackPotion"},{"floor":22,"key":"Explosive Potion"}],"is_trial":false,"path_per_floor":["M","?","?","M","M","R","E","M","T","E","?","M","R","M","R","B",null,"M","M","?","?","M","E"],"character_chosen":"WATCHER","items_purchased":[],"campfire_rested":2,"item_purchase_floors":[],"current_hp_per_floor":[61,54,54,54,54,54,21,21,21,4,4,4,22,22,40,28,54,48,48,60,54,35,0,0],"gold":716,"neow_bonus":"THREE_ENEMY_KILL","is_daily":false,"chose_seed":false,"campfire_upgraded":1,"win_rate":0.0,"timestamp":1608402024,"path_taken":["M","?","?","M","M","R","E","M","T","E","?","?","R","M","R","BOSS","M","M","?","?","M","E"],"items_purchased_type":[],"build_version":"2020-12-13","purchased_purges":0,"victory":false,"max_hp_per_floor":[68,68,62,62,62,62,62,62,62,62,62,62,62,62,62,62,62,62,62,62,62,62,62,62],"card_choices":[{"not_picked":["BattleHymn","Evaluate"],"picked":"Consecrate","floor":1},{"not_picked":["ClearTheMind","WreathOfFlame"],"picked":"Perseverance","floor":4},{"not_picked":["FollowUp","EmptyBody"],"picked":"BowlingBash","floor":5},{"not_picked":["Alpha","FlurryOfBlows"],"picked":"Wireheading","floor":7},{"not_picked":["CutThroughFate","JustLucky"],"picked":"Wallop","floor":8},{"not_picked":["FlyingSleeves","Crescendo","PathToVictory"],"picked":"CrushJoints","floor":10},{"not_picked":["Meditate","Prostrate","Collect"],"picked":"Protect","floor":12},{"not_picked":["CrushJoints","BattleHymn","Protect"],"picked":"Consecrate","floor":14},{"not_picked":["MasterReality","DevaForm","Omniscience"],"picked":"Vault","floor":16},{"not_picked":["Adaptation","Weave","SashWhip+1"],"picked":"SandsOfTime","floor":18},{"not_picked":["SashWhip","BowlingBash+1","Consecrate"],"picked":"SandsOfTime","floor":19},{"not_picked":["Pray","Halt","BowlingBash"],"picked":"TalkToTheHand","floor":22}],"player_experience":1451207,"relics_obtained":[{"floor":7,"key":"Old Coin"},{"floor":9,"key":"Question Card"},{"floor":10,"key":"Shuriken"}],"event_choices":[{"cards_removed":["Strike_P"],"damage_healed":0,"gold_gain":0,"player_choice":"Card Removal","damage_taken":7,"max_hp_gain":0,"max_hp_loss":0,"event_name":"Golden Wing","floor":2,"gold_loss":0},{"damage_healed":0,"gold_gain":0,"player_choice":"Lose Max HP","damage_taken":0,"relics_obtained":["Golden Idol"],"max_hp_gain":0,"max_hp_loss":6,"event_name":"Golden Idol","floor":3,"gold_loss":0},{"damage_healed":0,"gold_gain":0,"player_choice":"Forge","damage_taken":0,"max_hp_gain":0,"max_hp_loss":0,"event_name":"Accursed Blacksmith","floor":11,"gold_loss":0,"cards_upgraded":["Wallop"]},{"damage_healed":12,"gold_gain":0,"player_choice":"Heal","damage_taken":0,"max_hp_gain":0,"max_hp_loss":0,"event_name":"The Library","floor":20,"gold_loss":0},{"damage_healed":0,"gold_gain":0,"player_choice":"Joined the Cult","damage_taken":6,"max_hp_gain":0,"max_hp_loss":0,"event_name":"Nest","floor":21,"gold_loss":0,"cards_obtained":["RitualDagger"]}],"is_beta":false,"boss_relics":[{"not_picked":["Astrolabe","Snecko Eye"],"picked":"Runic Pyramid"}],"items_purged_floors":[],"is_endless":false,"potions_floor_spawned":[4,8,12,14,22],"killed_by":"Slavers","ascension_level":15}}