{"host":"Teixeira","time":1608394269,"event":{"mods":["2.2 Compatiblity","Aspiration","BaseMod","Better Match","Better Note","Better Sensory Stone","Better Skull","Better Third Choice","Colored Map","Colored Powertips","Hermit","Hubris","Infinite Spire","Marked Mod","Minty Spire (QoL Compilation)","Permanent Neow","Quick Restart","Rare Cards Sparkle","Relic Filter","Replay The Spire","Spicy Shops","StSLib","SuperFastMode"],"gold_per_floor":[122,145,70,70,70,70,110,110,182,218,237,83,83,0,0,119,119,134,134,134,154,177,211,234,275,299,299,317,342,342,355,355,355,355],"floor_reached":33,"playtime":1694,"items_purged":["Defend_B","Zap","Defend_B"],"score":337,"play_id":"87583b9f-b3e1-410c-a637-a46eedf054e8","local_time":"20201219131109","is_ascension_mode":true,"campfire_choices":[{"data":"Clash","floor":6.0,"key":"SMITH"},{"data":"Dualcast","floor":13.0,"key":"SMITH"},{"data":"Strike_B","floor":13.0,"key":"SMITH"},{"data":"Enlightenment","floor":15.0,"key":"SMITH"},{"data":"Strike_B","floor":15.0,"key":"SMITH"},{"data":"ReplayTheSpireMod:Fabricate Wheel","floor":27,"key":"SMITH"},{"data":"Strike_B","floor":27,"key":"SMITH"},{"floor":30,"key":"REST"},{"data":"hubris:Prefetch","floor":32,"key":"SMITH"},{"data":"Die Die Die","floor":32,"key":"SMITH"}],"circlet_count":0,"master_deck":["Strike_B+1","Strike_B","Strike_B+1","Strike_B+1","Defend_B","Defend_B","Dualcast+1","WeaponsOverheat+1","Clash+1","Sunder+1","Enlightenment+1","hubris:Prefetch+1","Die Die Die+1"],"relics":["Replay:M_StaffOfTheSnake","aspiration:Nostalgia","Iron Core","Question Card","Golden Idol","hubris:Towel","Replay:Arrowhead","infinitespire:Cubic Diamond","infinitespire:CheckeredPen","infinitespire:PuzzleCube","Sozu","hubris:TerracottaHorce","PrismaticShard","PreservedInsect","Replay:Baseball","Oddly Smooth Stone","Replay:Mystery Machine","Prayer Wheel"],"acts_visited":["Exordium","TheCity"],"potions_floor_usage":[],"damage_taken":[{"damage":0.0,"enemies":"2 Louse","floor":1.0,"turns":1.0},{"damage":7.0,"enemies":"Small Slimes","floor":2.0,"turns":2.0},{"damage":17.0,"enemies":"Gremlin Nob","floor":7.0,"turns":3.0},{"damage":30.0,"enemies":"Lagavulin","floor":10.0,"turns":6.0},{"damage":4.0,"enemies":"Jaw Worm","floor":11.0,"turns":3.0},{"damage":17.0,"enemies":"The Guardian","floor":16.0,"turns":5.0},{"damage":12.0,"enemies":"Shell Parasite","floor":18.0,"turns":2.0},{"damage":2.0,"enemies":"3 Byrds","floor":21.0,"turns":3.0},{"damage":19.0,"enemies":"Book of Stabbing","floor":23.0,"turns":2.0},{"damage":25.0,"enemies":"Centurion and Healer","floor":24.0,"turns":3.0},{"damage":18,"enemies":"Replay:Snechameleon","floor":25,"turns":2},{"damage":0,"enemies":"Snecko","floor":28,"turns":3},{"damage":0,"enemies":"Cultist and Chosen","floor":29,"turns":3},{"damage":6,"enemies":"Chosen and Byrds","floor":31,"turns":3},{"damage":35,"enemies":"Champ","floor":33,"turns":3}],"seed_played":"-6339499046848764218","potions_obtained":[{"floor":2.0,"key":"Adrenaline Potion"},{"floor":7.0,"key":"Adrenaline Potion"}],"is_trial":false,"path_per_floor":["M","M","$","?","?","R","E","?","T","E","M","$","R","?","R","B",null,"M","AVR","?","M","T","E","M","E","T","R","M","M","R","M","R","B"],"character_chosen":"DEFECT","items_purchased":["Sunder+1"],"campfire_rested":1,"item_purchase_floors":[12],"current_hp_per_floor":[75,68,68,68,68,68,51,51,51,21,17,17,17,23,23,6,81,69,69,69,67,67,48,23,5,5,5,5,5,29,23,23,0,0],"gold":355,"neow_bonus":"NOSTALGIA","is_daily":false,"chose_seed":false,"campfire_upgraded":9,"win_rate":0.0,"timestamp":1608394269,"path_taken":["M","M","$","?","?","R","E","?","T","E","M","$","R","?","R","BOSS","M","AVR","?","M","?","E","M","E","T","R","M","M","R","M","R","BOSS"],"items_purchased_type":["Card"],"build_version":"2020-11-17","purchased_purges":3,"victory":false,"max_hp_per_floor":[75,75,75,75,75,75,75,75,75,75,75,75,75,81,81,81,81,81,81,81,81,81,81,81,81,81,81,81,81,81,81,81,81,81],"card_choices":[{"not_picked":["Panic Button","Leap","Heavy Blade"],"picked":"WeaponsOverheat","floor":1.0},{"not_picked":["ReplayTheSpireMod:Repulse","Seeing Red","Genetic Algorithm"],"picked":"Clash","floor":2.0},{"not_picked":["Force Field","Ball Lightning","Evolve","Headbutt"],"picked":"SKIP","floor":7.0},{"not_picked":["Flying Knee","FTL","Barrage","Seeing Red"],"picked":"SKIP","floor":10.0},{"not_picked":["Rebound","Melter","Rainbow","Steam"],"picked":"SKIP","floor":11.0},{"not_picked":["Seek","Echo Form","Phantasmal Killer"],"picked":"ReplayTheSpireMod:Fabricate Wheel","floor":16.0},{"not_picked":["Force Field","White Noise","Panic Button+1","Coolheaded"],"picked":"SKIP","floor":18.0},{"not_picked":["ReachHeaven","Streamline","Deflect","Sever Soul"],"picked":"SKIP","floor":21.0},{"not_picked":["WindmillStrike","hermit:TrackingShot","Distraction","ClearTheMind+1"],"picked":"SKIP","floor":23.0},{"not_picked":["Acrobatics","Sweeping Beam","Entrench","Backflip"],"picked":"SKIP","floor":24.0},{"not_picked":["Panacea+1","Pommel Strike","Armaments","hermit:Malice"],"picked":"SKIP","floor":25},{"not_picked":["hermit:Snipe","Stack","hermit:Manifest+1","Disarm"],"picked":"SKIP","floor":28},{"not_picked":["Replay:Sssssssssshield","Shrug It Off","ReplayTheSpireMod:Reroute Power+1","Noxious Fumes+1"],"picked":"SKIP","floor":28},{"not_picked":["Reckless Charge","hermit:Snipe","Gash"],"picked":"Die Die Die","floor":29},{"not_picked":["Headbutt","hermit:TrackingShot","Armaments+1","Leg Sweep"],"picked":"SKIP","floor":29},{"not_picked":["Headbutt","hermit:TrackingShot","Armaments+1","Leg Sweep"],"picked":"SKIP","floor":29},{"not_picked":["Bane","Deadly Poison+1","All Out Attack","Feel No Pain+1"],"picked":"SKIP","floor":31},{"not_picked":["Noxious Fumes","Lockon","Deadly Poison","Outmaneuver"],"picked":"SKIP","floor":31}],"player_experience":38101,"relics_obtained":[{"floor":7.0,"key":"Replay:Arrowhead"},{"floor":9.0,"key":"infinitespire:CheckeredPen"},{"floor":10.0,"key":"infinitespire:PuzzleCube"},{"floor":22.0,"key":"PreservedInsect"},{"floor":23.0,"key":"Replay:Baseball"},{"floor":25,"key":"Oddly Smooth Stone"},{"floor":26,"key":"Replay:Mystery Machine"}],"event_choices":[{"damage_healed":0.0,"max_hp_gain":0.0,"max_hp_loss":0.0,"gold_gain":0.0,"event_name":"Living Wall","player_choice":"Grow","floor":5.0,"gold_loss":0.0,"damage_taken":0.0,"cards_upgraded":["WeaponsOverheat"]},{"damage_healed":0.0,"max_hp_gain":0.0,"max_hp_loss":0.0,"gold_gain":0.0,"event_name":"betterThird:BetterSerpent","player_choice":"RENOUNCE","floor":14.0,"gold_loss":83.0,"damage_taken":83.0,"cards_obtained":["Enlightenment"]},{"cards_removed":["WeaponsOverheat"],"damage_healed":0.0,"max_hp_gain":0.0,"max_hp_loss":0.0,"gold_gain":0.0,"event_name":"betterNote:BetterNote","player_choice":"Give","floor":20.0,"gold_loss":0.0,"damage_taken":0.0,"cards_obtained":["Study"]}],"is_beta":true,"boss_relics":[{"not_picked":["aspiration:PoetsPen_weak","aspiration:SilentSkillbook"],"picked":"Sozu"}],"items_purged_floors":[3,12,19],"is_endless":false,"potions_floor_spawned":[2,7,21,23,29],"killed_by":"Champ","ascension_level":3}}