{"host":"qoai0zeca0j4yswu","time":1608352166,"event":{"mods":["Act Like it!","BaseMod","Curses Come First","Downfall","Hallownest","Minty Spire (QoL Compilation)","StSLib","The Jungle"],"gold_per_floor":[199,217,235,254,9,40,64,64,64,92,104,129,39,53,69,173,223,148,166,196,196,296,322,348,376,376,376,376],"floor_reached":27,"playtime":2543,"items_purged":["Slimebound:Defend_Slimebound"],"score":292,"play_id":"e56a2107-37de-49ed-bab5-3350c120d1a4","local_time":"20201218202926","is_ascension_mode":true,"campfire_choices":[{"floor":1,"key":"RECALL"},{"data":"Slimebound:Dissolve","floor":8,"key":"SMITH"},{"data":"Slimebound:Gluttony","floor":18,"key":"SMITH"},{"data":"Slimebound:SpikyOuterGoop","floor":21,"key":"SMITH"},{"floor":26,"key":"REST"}],"circlet_count":0,"master_deck":["Slimebound:Strike_Slimebound+1","Slimebound:Strike_Slimebound","Slimebound:Strike_Slimebound","Slimebound:Tackle+1","Slimebound:Defend_Slimebound","Slimebound:Defend_Slimebound","Slimebound:Defend_Slimebound","Slimebound:Split","Slimebound:CorrosiveSpit","Slimebound:LeechEnergy","Slimebound:LeechingTouch","Slimebound:Gluttony+1","Slimebound:Dissolve+1","Slimebound:ViciousTackle+1","expansioncontent:DashGenerateEvil","Slimebound:Schlurp","Slimebound:LivingWall","Slimebound:SplitMire","Slimebound:TongueLash","Slimebound:SpikyOuterGoop+1","Slimebound:LeechingTouch","Slimebound:LeechLife","Slimebound:Equalize","Slimebound:FinishingTackle","Slimebound:GoopSpray+1","Slimebound:AcidTongue"],"relics":["Slimebound:AbsorbEndCombat","PreservedInsect","Boot","Bottled Tornado","Orichalcum","Tiny House","downfall:HeartBlessingRed","Bottled Flame","downfall:GremlinWheel","Unceasing Top","Toy Ornithopter","MealTicket"],"acts_visited":["Exordium","TheCity"],"potions_floor_usage":[],"damage_taken":[{"damage":15,"enemies":"2_ Uuma","floor":2,"turns":6},{"damage":4,"enemies":"Hallownest:2_Baldur","floor":3,"turns":4},{"damage":8,"enemies":"Hallownest:2_Tiktiks_and_1_Crawlid","floor":4,"turns":4},{"damage":4,"enemies":"downfall:FleeingMerchant","floor":5,"turns":4},{"damage":32,"enemies":"Hallownest:eliteMossKnight","floor":6,"turns":9},{"damage":14,"enemies":"Hallownest:eliteCrystalGuardian","floor":10,"turns":4},{"damage":20,"enemies":"Hallownest:Guard_and_Warrior","floor":11,"turns":5},{"damage":7,"enemies":"downfall:FleeingMerchant","floor":13,"turns":4},{"damage":8,"enemies":"Hallownest:1_Baldur_1_Crawlid_1_Warrior","floor":14,"turns":3},{"damage":43,"enemies":"Hallownest:1_Ooma_and_2_Uuma","floor":15,"turns":6},{"damage":30,"enemies":"downfall:Silent","floor":16,"turns":9},{"damage":8,"enemies":"Shell Parasite","floor":19,"turns":5},{"damage":23,"enemies":"Gremlin Leader","floor":20,"turns":5},{"damage":9,"enemies":"Gremlin Leader","floor":22,"turns":3},{"damage":38,"enemies":"Slavers","floor":23,"turns":4},{"damage":35,"enemies":"Book of Stabbing","floor":25,"turns":4},{"damage":64,"enemies":"Slavers","floor":27,"turns":4}],"seed_played":"9158492429352912021","potions_obtained":[{"floor":4,"key":"DistilledChaos"},{"floor":6,"key":"Regen Potion"},{"floor":14,"key":"BlessingOfTheForge"}],"is_trial":false,"path_per_floor":["R","M","M","M","$","E","T","R","?","E","M","T","$","M","M","B",null,"R","M","E","R","?","E","T","E","R","E"],"character_chosen":"SLIMEBOUND","items_purchased":["Slimebound:ViciousTackle","expansioncontent:DashGenerateEvil"],"campfire_rested":1,"item_purchase_floors":[5,5],"current_hp_per_floor":[60,51,53,51,60,50,50,50,50,48,42,42,45,51,32,32,65,65,65,52,52,65,45,45,30,49,0,0],"gold":376,"neow_bonus":"HUNDRED_GOLD","is_daily":false,"chose_seed":false,"campfire_upgraded":3,"win_rate":0.0,"timestamp":1608352166,"path_taken":["R","M","M","M","$","E","T","R","?","E","M","?","$","M","M","BOSS","R","M","E","R","?","E","T","E","R","E"],"items_purchased_type":["Card","Card"],"build_version":"2020-12-13","purchased_purges":1,"victory":false,"max_hp_per_floor":[60,60,60,60,60,60,60,60,60,60,60,60,60,60,60,60,65,65,65,65,65,65,65,65,65,65,65,65],"card_choices":[{"not_picked":["Slimebound:DivideAndConquer","Slimebound:Nibble"],"picked":"Slimebound:LeechEnergy","floor":2},{"not_picked":["Slimebound:TongueLash","Slimebound:SplitLeeching"],"picked":"Slimebound:LeechingTouch","floor":3},{"not_picked":["Slimebound:SamplingLick","Slimebound:Chomp"],"picked":"Slimebound:Gluttony","floor":4},{"not_picked":["Slimebound:PressTheAttack","Slimebound:SlimeSpikes"],"picked":"Slimebound:Dissolve","floor":5},{"not_picked":["Slimebound:Replication","Slimebound:LeadByExample"],"picked":"Slimebound:Schlurp","floor":6},{"not_picked":["Slimebound:SplitMire","Slimebound:SplitBruiser"],"picked":"Slimebound:LivingWall","floor":10},{"not_picked":["Slimebound:GoopSpray","Slimebound:SamplingLick"],"picked":"Slimebound:SplitMire","floor":11},{"not_picked":["Slimebound:SlimeSpikes","Slimebound:ServeAndProtect"],"picked":"Slimebound:TongueLash","floor":13},{"not_picked":["Slimebound:Equalize","Slimebound:Recollect"],"picked":"Slimebound:SpikyOuterGoop","floor":14},{"not_picked":["Slimebound:SplitMire","Slimebound:SlimeBarrage"],"picked":"Slimebound:LeechingTouch","floor":15},{"not_picked":["Slimebound:PrepareCrush","Slimebound:MinionMaster"],"picked":"Slimebound:LeechLife","floor":16},{"not_picked":["Slimebound:SplitLeeching","Slimebound:GoopSpray"],"picked":"Slimebound:Equalize","floor":17},{"not_picked":["Slimebound:DisruptingSlam","Slimebound:ServeAndProtect+1"],"picked":"Slimebound:FinishingTackle","floor":19},{"not_picked":["Slimebound:MassRepurpose","Slimebound:LeechEnergy"],"picked":"Slimebound:GoopSpray+1","floor":20},{"not_picked":["Slimebound:SlimeSpikes","Slimebound:SplitBruiser+1","Slimebound:ComboTackle+1"],"picked":"SKIP","floor":23},{"not_picked":["Slimebound:RainOfGoop","Slimebound:OneTwoCombo"],"picked":"Slimebound:AcidTongue","floor":25}],"player_experience":721262,"relics_obtained":[{"floor":6,"key":"PreservedInsect"},{"floor":7,"key":"Boot"},{"floor":10,"key":"Bottled Tornado"},{"floor":12,"key":"Orichalcum"},{"floor":20,"key":"Bottled Flame"},{"floor":22,"key":"downfall:GremlinWheel"},{"floor":23,"key":"Unceasing Top"},{"floor":24,"key":"Toy Ornithopter"},{"floor":25,"key":"MealTicket"}],"event_choices":[],"is_beta":false,"boss_relics":[{"not_picked":["SacredBark","Pandora\u0027s Box"],"picked":"Tiny House"}],"items_purged_floors":[13],"is_endless":false,"potions_floor_spawned":[4,6,14,15,16,23,25],"killed_by":"Slavers","ascension_level":1}}