{"host":"wonp23fsqqcu31ie","time":1608347009,"event":{"mods":["2.2 Compatiblity","AchievementEnabler","Aspiration","BaseMod","Bestiary","Better Altar","Better Match","Better Sensory Stone","Better Skull","Better Third Choice","BetterRewards","Block Reminder","Colored Map","Colored Powertips","Conspire","DeckTracker","Displayed Cursed Tome","Downfall","Hermit","Highlight Path","Hubris","Minty Spire (QoL Compilation)","Permanent Neow","Quick Restart","Rare Cards Sparkle","Relic Stats","Replay The Spire","Shade Mod","Shop Mod","StSLib","SuperFastMode","The Animator","The Cursed","The Gatherer","The Necromancer","The Runesmith","The Servant 0.9.4"],"gold_per_floor":[121,21,21,34,134,134,164,189,214,214,214],"floor_reached":10,"playtime":304,"items_purged":[],"score":64,"play_id":"a595be01-c7e6-485e-825b-0803dfdd4ccd","local_time":"20201219140329","is_ascension_mode":true,"campfire_choices":[{"floor":6,"key":"RECALL"}],"circlet_count":0,"master_deck":["animator:Strike_MadokaMagica","animator:Defend_MadokaMagica","animator:Strike","animator:Strike","animator:Strike","animator:Defend","animator:Defend","animator:Defend","animator:IrohaTamaki","animator:YuiTsuruno","Regret","animator:SuzuneAmano","Ghostly","animator:Vanir","animator:Raven","animator:Cocytus"],"relics":["animator:LivingPicture","animator:TheMissingPiece","aspiration:HatOfInfinitePower","Akabeko"],"acts_visited":["Exordium"],"potions_floor_usage":[8],"damage_taken":[{"damage":15,"enemies":"Cultist","floor":1,"turns":5},{"damage":2,"enemies":"conspire:RoseBush","floor":4,"turns":3},{"damage":10,"enemies":"Jaw Worm","floor":7,"turns":4},{"damage":9,"enemies":"conspire:2 RoseBushes","floor":8,"turns":5},{"damage":35,"enemies":"Lagavulin","floor":10,"turns":5}],"seed_played":"3377779796659185678","potions_obtained":[{"floor":1,"key":"Swift Potion"},{"floor":7,"key":"AttackPotion"}],"is_trial":false,"path_per_floor":["M","?","$","M","?","R","M","M","T","E"],"character_chosen":"THE_ANIMATOR","items_purchased":[],"campfire_rested":0,"item_purchase_floors":[],"current_hp_per_floor":[51,51,51,49,49,49,39,30,30,0,0],"gold":214,"neow_bonus":"ONE_RARE_RELIC","is_daily":false,"chose_seed":false,"campfire_upgraded":0,"win_rate":0.0,"timestamp":1608347009,"path_taken":["M","?","$","M","?","R","M","?","T","E"],"items_purchased_type":[],"build_version":"2020-12-13","purchased_purges":0,"victory":false,"max_hp_per_floor":[66,66,66,66,66,66,66,66,66,66,66],"relic_stats":{"counters":[12,58],"obtain_stats":[{"ReplayTheSpireMod:Ninjato":11,"animator:TheMissingPiece":0,"Eternal Feather":6,"animator:LivingPicture":0,"War Paint":5,"aspiration:HatOfInfinitePower":0,"White Beast Statue":8,"Akabeko":9,"Replay:Rubber Ducky":9},{"ReplayTheSpireMod:Ninjato":6,"animator:TheMissingPiece":0,"Eternal Feather":3,"animator:LivingPicture":0,"War Paint":2,"aspiration:HatOfInfinitePower":7,"White Beast Statue":4,"Akabeko":11,"Replay:Rubber Ducky":4},{"ReplayTheSpireMod:Ninjato":34,"animator:TheMissingPiece":0,"Eternal Feather":17,"animator:LivingPicture":0,"War Paint":10,"aspiration:HatOfInfinitePower":36,"White Beast Statue":26,"Akabeko":53,"Replay:Rubber Ducky":26}]},"card_choices":[{"not_picked":["animator:ZankiKiguchi","animator:IrohaTamaki"],"picked":"animator:SuzuneAmano","floor":1},{"not_picked":["animator:Illya","animator:MumenRider"],"picked":"animator:Vanir","floor":4},{"not_picked":["animator:MumenRider","animator:Emonzaemon"],"picked":"animator:Raven","floor":7},{"not_picked":["animator:Demiurge","animator:Evileye"],"picked":"animator:Cocytus","floor":8}],"player_experience":650455,"relics_obtained":[{"floor":9,"key":"Akabeko"}],"event_choices":[{"damage_healed":0,"gold_gain":0,"player_choice":"Argue","damage_taken":0,"max_hp_gain":0,"max_hp_loss":0,"event_name":"conspire:LoneGhost","floor":2,"gold_loss":0},{"damage_healed":0,"gold_gain":100,"player_choice":"Pray","damage_taken":0,"max_hp_gain":0,"max_hp_loss":0,"event_name":"Golden Shrine","floor":5,"gold_loss":0}],"is_beta":false,"boss_relics":[],"items_purged_floors":[],"is_endless":false,"potions_floor_spawned":[1,7],"killed_by":"Lagavulin","ascension_level":2}}