{"host":"xr9kfrtt7uxz0mdc","time":1608418626,"event":{"mods":["AchievementEnabler","BaseMod","Highlight Path","Minty Spire (QoL Compilation)"],"gold_per_floor":[117,133,5,19,19,19,45,45,45,60,60,71,102,119,119,119,119],"floor_reached":16,"playtime":615,"items_purged":[],"score":112,"play_id":"ecc90007-6edf-4735-bb80-699a59bcfeaf","local_time":"20201219235706","is_ascension_mode":false,"campfire_choices":[{"data":"Eruption","floor":6,"key":"SMITH"},{"floor":8,"key":"REST"},{"floor":11,"key":"REST"},{"floor":15,"key":"REST"}],"circlet_count":0,"master_deck":["Strike_P","Strike_P","Strike_P","Strike_P","Defend_P","Defend_P","Defend_P","Defend_P","Eruption+1","Vigilance","DeceiveReality","EmptyBody","Indignation","Prostrate","BattleHymn","Worship","Halt","ReachHeaven","PathToVictory","Meditate"],"relics":["PureWater","CultistMask","Incense Burner","StoneCalendar","Eternal Feather"],"acts_visited":["Exordium"],"potions_floor_usage":[13],"damage_taken":[{"damage":0,"enemies":"Cultist","floor":1,"turns":3},{"damage":12,"enemies":"2 Louse","floor":2,"turns":3},{"damage":6,"enemies":"Jaw Worm","floor":4,"turns":4},{"damage":42,"enemies":"Lagavulin","floor":7,"turns":7},{"damage":2,"enemies":"2 Fungi Beasts","floor":10,"turns":3},{"damage":2,"enemies":"Gremlin Gang","floor":12,"turns":6},{"damage":40,"enemies":"3 Sentries","floor":13,"turns":7},{"damage":1,"enemies":"3 Louse","floor":14,"turns":3},{"damage":42,"enemies":"The Guardian","floor":16,"turns":7}],"seed_played":"6664859755286768907","potions_obtained":[{"floor":7,"key":"PowerPotion"},{"floor":12,"key":"SpeedPotion"},{"floor":13,"key":"Fire Potion"}],"is_trial":false,"path_per_floor":["M","M","$","M","?","R","E","R","T","M","R","M","E","M","R","B"],"character_chosen":"WATCHER","items_purchased":["Prostrate","BattleHymn"],"campfire_rested":3,"item_purchase_floors":[3,3],"current_hp_per_floor":[72,60,60,54,54,54,12,33,33,31,52,50,10,9,42,0,0],"gold":119,"neow_bonus":"THREE_CARDS","is_daily":false,"chose_seed":false,"campfire_upgraded":1,"win_rate":0.0,"timestamp":1608418626,"path_taken":["M","?","$","M","?","R","E","R","T","M","R","M","E","M","R","BOSS"],"items_purchased_type":["Card","Card"],"build_version":"2020-12-13","purchased_purges":0,"victory":false,"max_hp_per_floor":[72,72,72,72,72,72,72,72,72,72,72,72,72,72,72,72,72],"card_choices":[{"not_picked":["JustLucky","Protect"],"picked":"DeceiveReality","floor":0},{"not_picked":["Halt","Prostrate"],"picked":"EmptyBody","floor":1},{"not_picked":["Protect","SashWhip"],"picked":"Indignation","floor":2},{"not_picked":["Conclude","BowlingBash"],"picked":"Worship","floor":4},{"not_picked":["Crescendo","Establishment"],"picked":"Halt","floor":7},{"not_picked":["CarveReality","Protect","BattleHymn"],"picked":"SKIP","floor":10},{"not_picked":["DeceiveReality","Nirvana"],"picked":"ReachHeaven","floor":12},{"not_picked":["CrushJoints","FlyingSleeves"],"picked":"PathToVictory","floor":13},{"not_picked":["CrushJoints","FearNoEvil"],"picked":"Meditate","floor":14}],"player_experience":89454,"relics_obtained":[{"floor":7,"key":"Incense Burner"},{"floor":9,"key":"StoneCalendar"},{"floor":13,"key":"Eternal Feather"}],"event_choices":[{"damage_healed":0,"gold_gain":0,"player_choice":"Trade","damage_taken":0,"relics_obtained":["CultistMask"],"max_hp_gain":0,"max_hp_loss":0,"event_name":"FaceTrader","floor":5,"gold_loss":0}],"is_beta":false,"boss_relics":[],"items_purged_floors":[],"is_endless":false,"potions_floor_spawned":[7,12,13],"killed_by":"The Guardian","ascension_level":0}}