{"host":"udzsrhbqdxqtlypj","time":1608410115,"event":{"mods":["BaseMod","Minty Spire (QoL Compilation)","Relic Stats"],"gold_per_floor":[10,10,30,30,49,84,103,144,170,170,190,190,7,7,7,114,114,134,209,221,237,259,259,278,312,312,312,312,346,346,382,382,487,487,504,297,297,323,342,342,370,370,370,370,33,33,43,70,70,70,70,70,19,57,57],"floor_reached":56,"playtime":2374,"items_purged":["Strike_R","Strike_R","Strike_R"],"score":1922,"play_id":"44508c45-a38a-4383-bf8b-b7a235914617","local_time":"20201219143515","is_ascension_mode":true,"campfire_choices":[{"data":"Searing Blow","floor":10,"key":"SMITH"},{"data":"Searing Blow+1","floor":12,"key":"SMITH"},{"data":"Searing Blow+2","floor":15,"key":"SMITH"},{"data":"Searing Blow+3","floor":23,"key":"SMITH"},{"data":"Searing Blow+4","floor":27,"key":"SMITH"},{"data":"Searing Blow+5","floor":30,"key":"SMITH"},{"data":"Searing Blow+6","floor":32,"key":"SMITH"},{"data":"Searing Blow+7","floor":40,"key":"SMITH"},{"data":"Searing Blow+8","floor":42,"key":"SMITH"},{"data":"Searing Blow+9","floor":44,"key":"SMITH"},{"data":"Searing Blow+10","floor":46,"key":"SMITH"},{"floor":49,"key":"RECALL"},{"data":"Searing Blow+11","floor":52,"key":"SMITH"}],"circlet_count":0,"master_deck":["AscendersBane","Strike_R","Strike_R+1","Defend_R","Defend_R","Defend_R","Defend_R","Bash+1","Twin Strike","Cleave","Searing Blow+12","Intimidate","True Grit","Corruption","Whirlwind+1","Feel No Pain+1","Clothesline+1","Feed","Corruption","Fiend Fire","Ghostly Armor","Fire Breathing","Apotheosis","Dark Embrace","Armaments+1","Battle Trance","Power Through","Headbutt","Bludgeon","Juggernaut"],"relics":["Burning Blood","Torii","Bag of Preparation","CeramicFish","PreservedInsect","Membership Card","Snecko Eye","Whetstone","Letter Opener","Bird Faced Urn","FossilizedHelix","Blood Vial","Mark of Pain","Pen Nib","Nunchaku","Orrery","HornCleat","Bottled Flame","Mango"],"acts_visited":["Exordium","TheCity","TheBeyond","TheEnding"],"potions_floor_usage":[5,6,6,6,7,16,18,24,33,48,50,55,55,55],"damage_taken":[{"damage":1,"enemies":"2 Louse","floor":1,"turns":4},{"damage":6,"enemies":"Cultist","floor":3,"turns":3},{"damage":7,"enemies":"Jaw Worm","floor":5,"turns":3},{"damage":37,"enemies":"Lagavulin","floor":6,"turns":8},{"damage":0,"enemies":"Lots of Slimes","floor":7,"turns":2},{"damage":24,"enemies":"Gremlin Nob","floor":8,"turns":4},{"damage":2,"enemies":"Looter","floor":11,"turns":4},{"damage":35,"enemies":"The Guardian","floor":16,"turns":10},{"damage":0,"enemies":"Spheric Guardian","floor":18,"turns":1},{"damage":2,"enemies":"Shell Parasite","floor":20,"turns":3},{"damage":1,"enemies":"3 Cultists","floor":21,"turns":4},{"damage":0,"enemies":"Snecko","floor":22,"turns":3},{"damage":19,"enemies":"Snake Plant","floor":24,"turns":3},{"damage":1,"enemies":"Slavers","floor":25,"turns":3},{"damage":1,"enemies":"Book of Stabbing","floor":29,"turns":2},{"damage":7,"enemies":"Slavers","floor":31,"turns":6},{"damage":19,"enemies":"Automaton","floor":33,"turns":7},{"damage":1,"enemies":"3 Shapes","floor":35,"turns":4},{"damage":0,"enemies":"3 Darklings","floor":38,"turns":5},{"damage":0,"enemies":"Jaw Worm Horde","floor":39,"turns":4},{"damage":0,"enemies":"Giant Head","floor":41,"turns":5},{"damage":0,"enemies":"Transient","floor":47,"turns":5},{"damage":0,"enemies":"Reptomancer","floor":48,"turns":1},{"damage":26,"enemies":"Awakened One","floor":50,"turns":6},{"damage":0,"enemies":"Shield and Spear","floor":54,"turns":4},{"damage":37,"enemies":"The Heart","floor":55,"turns":4}],"seed_played":"7601273877993477121","potions_obtained":[{"floor":2,"key":"Weak Potion"},{"floor":2,"key":"Swift Potion"},{"floor":2,"key":"EntropicBrew"},{"floor":7,"key":"EssenceOfSteel"},{"floor":8,"key":"ColorlessPotion"},{"floor":16,"key":"LiquidMemories"},{"floor":18,"key":"GamblersBrew"},{"floor":22,"key":"AttackPotion"},{"floor":24,"key":"Energy Potion"},{"floor":35,"key":"SpeedPotion"},{"floor":48,"key":"SkillPotion"}],"is_trial":false,"path_per_floor":["M","?","M","$","M","E","M","E","T","R","M","R","$","$","R","B",null,"M","?","M","M","M","R","M","E","T","R","?","E","R","E","R","B",null,"M","$","?","M","M","R","E","R","T","R","$","R","M","E","R","B",null,"R","$","E","B",null],"character_chosen":"IRONCLAD","items_purchased":["Membership Card","Pen Nib","Ghostly Armor","Fruit Juice","Apotheosis","Dark Embrace","Orrery","HornCleat","SkillPotion","Bludgeon"],"campfire_rested":0,"item_purchase_floors":[13,36,36,36,45,45,45,45,53,53],"current_hp_per_floor":[77,77,77,77,76,45,51,33,33,33,37,37,37,37,37,8,62,68,60,64,69,75,75,62,67,67,67,67,72,72,78,78,70,80,83,83,83,86,89,89,89,89,89,89,89,89,89,98,98,88,99,99,99,116,87],"gold":57,"neow_bonus":"ONE_RARE_RELIC","is_daily":false,"chose_seed":false,"campfire_upgraded":12,"win_rate":0.0,"timestamp":1608410115,"path_taken":["M","?","M","?","M","E","M","E","T","R","?","R","?","$","R","BOSS","M","?","M","M","M","R","?","E","T","R","?","E","R","E","R","BOSS","M","$","?","M","M","R","E","R","T","R","$","R","M","E","R","BOSS","R","$","E","BOSS"],"items_purchased_type":["Relic","Relic","Card","Potion","Card","Card","Relic","Relic","Potion","Card"],"build_version":"2020-12-13","purchased_purges":3,"victory":true,"max_hp_per_floor":[80,80,80,80,80,80,80,80,80,80,80,80,80,80,80,80,80,80,80,80,80,80,80,80,80,80,80,80,80,80,83,83,83,83,83,83,83,86,89,89,89,89,89,89,89,89,89,98,98,102,102,102,102,116,116],"relic_stats":{"Torii":57,"counters":[26,108],"CeramicFish":171,"PreservedInsect":401,"Pen Nib":[6],"Bag of Preparation":[44],"Whetstone":["Strike_R","Bash"],"Letter Opener":[35],"Burning Blood":115,"Blood Vial":6,"Nunchaku":[4],"Bird Faced Urn":[17],"Snecko Eye":[125,133,101,125],"obtain_stats":[{"Torii":0,"CeramicFish":8,"Mango":54,"PreservedInsect":9,"Pen Nib":36,"Bag of Preparation":6,"Whetstone":25,"Letter Opener":26,"Burning Blood":0,"Blood Vial":31,"Nunchaku":41,"Bottled Flame":48,"HornCleat":45,"Bird Faced Urn":28,"Snecko Eye":17,"Orrery":45,"Mark of Pain":34,"Membership Card":13,"FossilizedHelix":29},{"Torii":0,"CeramicFish":6,"Mango":25,"PreservedInsect":6,"Pen Nib":18,"Bag of Preparation":4,"Whetstone":14,"Letter Opener":14,"Burning Blood":0,"Blood Vial":16,"Nunchaku":21,"Bottled Flame":23,"HornCleat":21,"Bird Faced Urn":14,"Snecko Eye":8,"Orrery":21,"Mark of Pain":17,"Membership Card":7,"FossilizedHelix":15},{"Torii":0,"CeramicFish":24,"Mango":104,"PreservedInsect":24,"Pen Nib":74,"Bag of Preparation":18,"Whetstone":55,"Letter Opener":55,"Burning Blood":0,"Blood Vial":63,"Nunchaku":88,"Bottled Flame":94,"HornCleat":88,"Bird Faced Urn":55,"Snecko Eye":38,"Orrery":88,"Mark of Pain":70,"Membership Card":28,"FossilizedHelix":57}]},"card_choices":[{"not_picked":["Warcry","Havoc"],"picked":"Twin Strike","floor":1},{"not_picked":["Iron Wave","Sentinel"],"picked":"Cleave","floor":3},{"not_picked":["Cleave","Fire Breathing"],"picked":"Searing Blow","floor":5},{"not_picked":["Clothesline","Body Slam","Heavy Blade"],"picked":"SKIP","floor":6},{"not_picked":["Flame Barrier","Body Slam"],"picked":"Intimidate","floor":7},{"not_picked":["Carnage","Iron Wave"],"picked":"True Grit","floor":8},{"not_picked":["Cleave","Bloodletting"],"picked":"Headbutt","floor":11},{"not_picked":["Double Tap","Juggernaut"],"picked":"Corruption","floor":16},{"not_picked":["Havoc","Headbutt+1"],"picked":"Whirlwind+1","floor":18},{"not_picked":["Perfected Strike","Cleave","Armaments"],"picked":"SKIP","floor":20},{"not_picked":["True Grit","Seeing Red","Dropkick+1"],"picked":"SKIP","floor":21},{"not_picked":["Combust","Havoc"],"picked":"Feel No Pain+1","floor":22},{"not_picked":["Warcry+1","True Grit"],"picked":"Clothesline+1","floor":24},{"not_picked":["True Grit","Thunderclap+1"],"picked":"Feed","floor":25},{"not_picked":["Perfected Strike","Cleave","Headbutt"],"picked":"SKIP","floor":29},{"not_picked":["Entrench+1","Ghostly Armor+1"],"picked":"Corruption","floor":31},{"not_picked":["Brutality","Berserk"],"picked":"Fiend Fire","floor":33},{"not_picked":["Flex+1","Headbutt","Blood for Blood"],"picked":"SKIP","floor":35},{"not_picked":["Anger","Body Slam+1"],"picked":"Fire Breathing","floor":38},{"not_picked":["Heavy Blade+1","Wild Strike+1","Thunderclap"],"picked":"SKIP","floor":39},{"not_picked":["Pummel+1","Intimidate+1","Pommel Strike"],"picked":"SKIP","floor":41},{"not_picked":["Iron Wave","Clash+1"],"picked":"Armaments+1","floor":45},{"not_picked":["Infernal Blade","Twin Strike"],"picked":"Battle Trance","floor":45},{"not_picked":["Sword Boomerang","Searing Blow+1"],"picked":"Power Through","floor":45},{"not_picked":["Body Slam","Rampage+1"],"picked":"Headbutt","floor":45},{"not_picked":["Thunderclap","Twin Strike","Pummel"],"picked":"SKIP","floor":47},{"not_picked":["Warcry+1","Havoc","Carnage"],"picked":"SKIP","floor":48},{"not_picked":["Sword Boomerang","Flex+1"],"picked":"Juggernaut","floor":54}],"player_experience":2673991,"relics_obtained":[{"floor":6,"key":"Bag of Preparation"},{"floor":8,"key":"CeramicFish"},{"floor":9,"key":"PreservedInsect"},{"floor":25,"key":"Whetstone"},{"floor":26,"key":"Letter Opener"},{"floor":29,"key":"FossilizedHelix"},{"floor":31,"key":"Blood Vial"},{"floor":41,"key":"Nunchaku"},{"floor":48,"key":"Bottled Flame"},{"floor":54,"key":"Mango"}],"event_choices":[{"damage_healed":0,"gold_gain":0,"player_choice":"Got Potions","damage_taken":0,"max_hp_gain":0,"max_hp_loss":0,"event_name":"Lab","floor":2,"gold_loss":0},{"damage_healed":0,"gold_gain":75,"player_choice":"Touch","damage_taken":8,"max_hp_gain":0,"max_hp_loss":0,"event_name":"FaceTrader","floor":19,"gold_loss":0},{"damage_healed":0,"gold_gain":0,"player_choice":"Opened","damage_taken":0,"relics_obtained":["Bird Faced Urn"],"max_hp_gain":0,"max_hp_loss":0,"event_name":"The Mausoleum","floor":28,"gold_loss":0},{"cards_removed":["Headbutt"],"damage_healed":0,"gold_gain":0,"player_choice":"Removed Attack","damage_taken":0,"max_hp_gain":0,"max_hp_loss":0,"event_name":"Falling","floor":37,"gold_loss":0}],"is_beta":false,"boss_relics":[{"not_picked":["Coffee Dripper","Busted Crown"],"picked":"Snecko Eye"},{"not_picked":["Fusion Hammer","Velvet Choker"],"picked":"Mark of Pain"}],"items_purged_floors":[13,36,45],"is_endless":false,"potions_floor_spawned":[7,8,16,18,22,24,35,48],"ascension_level":10}}