{"host":"a5e2zwd8c2ad7the","time":1608382977,"event":{"mods":["Act Like it!","BaseMod","Colored Map","Hallownest","Minty Spire (QoL Compilation)","Quick Restart","Replay The Spire","StSLib","The Bug Knight","The Jungle"],"gold_per_floor":[118,136,211,211,230,255,255,590,590,608,608,608,620,646,658,670,670],"floor_reached":16,"playtime":557,"items_purged":[],"score":110,"play_id":"12467761-736d-4ff7-a710-c2e772d8c6a8","local_time":"20201219210257","is_ascension_mode":false,"campfire_choices":[{"floor":7,"key":"RECALL"},{"floor":11,"key":"REST"},{"data":"Fluid Movement","floor":15,"key":"SMITH"}],"circlet_count":0,"master_deck":["Strike_G","Strike_G","Strike_G","Strike_G","Strike_G","Defend_G","Defend_G","Defend_G","Defend_G","Defend_G","Survivor","Neutralize","Catalyst","Fluid Movement+1","Crippling Poison","Footwork","ReplayTheSpireMod:The Works","Bouncing Flask","Regret","Neutralize","ReplayTheSpireMod:Private Reserves","Wraith Form v2","Dagger Throw","Toxin Wave"],"relics":["Ring of the Snake","NeowsBlessing","Sundial","Pantograph","Old Coin","MawBank"],"acts_visited":["Exordium"],"potions_floor_usage":[6],"damage_taken":[{"damage":0,"enemies":"Cultist","floor":1,"turns":1},{"damage":0,"enemies":"Small Slimes","floor":2,"turns":1},{"damage":0,"enemies":"Jaw Worm","floor":5,"turns":1},{"damage":23,"enemies":"3 Sentries","floor":6,"turns":12},{"damage":27,"enemies":"Gremlin Nob","floor":8,"turns":6},{"damage":0,"enemies":"Blue Slaver","floor":10,"turns":6},{"damage":3,"enemies":"3 Louse","floor":14,"turns":3},{"damage":46,"enemies":"Hexaghost","floor":16,"turns":9}],"seed_played":"-1557055385631631714","potions_obtained":[{"floor":1,"key":"Toxic Potion"},{"floor":14,"key":"Block Potion"}],"is_trial":false,"path_per_floor":["M","M","?","?","M","E","R","E","T","M","R","?","?","M","R","B"],"character_chosen":"THE_SILENT","items_purchased":[],"campfire_rested":1,"item_purchase_floors":[],"current_hp_per_floor":[70,70,59,52,52,29,29,2,2,2,23,23,23,20,20,0,0],"gold":670,"neow_bonus":"THREE_ENEMY_KILL","is_daily":false,"chose_seed":false,"campfire_upgraded":1,"win_rate":0.0,"timestamp":1608382977,"path_taken":["M","?","?","?","M","E","R","E","T","M","R","?","?","?","R","BOSS"],"items_purchased_type":[],"build_version":"2020-12-13","purchased_purges":0,"victory":false,"max_hp_per_floor":[70,70,70,70,70,70,70,70,70,70,70,70,70,70,70,70,70],"card_choices":[{"not_picked":["Calculated Gamble","Prepared"],"picked":"Catalyst","floor":1},{"not_picked":["ReplayTheSpireMod:Speed Training","Hidden Blade"],"picked":"Fluid Movement","floor":2},{"not_picked":["PiercingWail","Slice"],"picked":"Crippling Poison","floor":5},{"not_picked":["Escape Plan","Endless Agony"],"picked":"Footwork","floor":6},{"not_picked":["PiercingWail","Dagger Spray"],"picked":"ReplayTheSpireMod:The Works","floor":8},{"not_picked":["Outmaneuver","Deadly Poison"],"picked":"Bouncing Flask","floor":10},{"not_picked":["Dagger Throw","Poisoned Stab"],"picked":"Toxin Wave","floor":14}],"player_experience":20965,"relics_obtained":[{"floor":6,"key":"Pantograph"},{"floor":8,"key":"Old Coin"}],"event_choices":[{"damage_healed":0,"gold_gain":75,"player_choice":"Gather Gold","damage_taken":11,"max_hp_gain":0,"max_hp_loss":0,"event_name":"World of Goop","floor":3,"gold_loss":0},{"damage_healed":0,"gold_gain":0,"player_choice":"Success","damage_taken":7,"relics_obtained":["Sundial"],"max_hp_gain":0,"max_hp_loss":0,"event_name":"Scrap Ooze","floor":4,"gold_loss":0},{"damage_healed":0,"gold_gain":0,"player_choice":"Box","damage_taken":0,"relics_obtained":["MawBank"],"max_hp_gain":0,"max_hp_loss":0,"event_name":"Big Fish","floor":12,"gold_loss":0,"cards_obtained":["Regret"]},{"damage_healed":0,"gold_gain":0,"player_choice":"4 cards matched","damage_taken":0,"max_hp_gain":0,"max_hp_loss":0,"event_name":"Match and Keep!","floor":13,"gold_loss":0,"cards_obtained":["Neutralize","ReplayTheSpireMod:Private Reserves","Wraith Form v2","Dagger Throw"]}],"is_beta":false,"boss_relics":[],"items_purged_floors":[],"is_endless":false,"potions_floor_spawned":[1,14],"killed_by":"Hexaghost","ascension_level":0}}