{"host":"4qkvkh7pd9qr2mca","time":1608399598,"event":{"mods":["AchievementEnabler","BaseMod","Colored Map","Colored Powertips","Highlight Path","Minty Spire (QoL Compilation)","Permanent Neow","Quick Restart","StSLib","SuperFastMode"],"gold_per_floor":[116,129,144,158,62,96,96,122,122,122,122,151,151,151,151,229,229,241,80,80,5,17,17,45,45,70,20,47,66,82,112,112,186,186,198,198,209,226,176,176,211,236,236,236,248,267,595,595,595,595,595,595],"floor_reached":51,"playtime":3020,"items_purged":["Strike_G","Dagger Spray","Defend_G"],"score":1462,"play_id":"41cbaa16-1844-404f-8d12-e8f132d5e151","local_time":"20201219183958","is_ascension_mode":true,"campfire_choices":[{"data":"Bouncing Flask","floor":7,"key":"SMITH"},{"floor":10,"key":"REST"},{"floor":13,"key":"REST"},{"data":"Night Terror","floor":15,"key":"SMITH"},{"floor":23,"key":"REST"},{"floor":25,"key":"REST"},{"floor":32,"key":"REST"},{"floor":40,"key":"REST"},{"floor":44,"key":"REST"},{"floor":49,"key":"REST"}],"circlet_count":0,"master_deck":["AscendersBane","Defend_G","Defend_G","Defend_G","Survivor","Neutralize","Blur","Die Die Die","Bouncing Flask+1","Dagger Throw","Blade Dance","Accuracy","Night Terror+1","Cloak And Dagger","Blade Dance","Venomology","Cloak And Dagger","Blade Dance","Burst","Envenom","Leg Sweep","PiercingWail","Finisher+1","A Thousand Cuts","Leg Sweep","Backflip","Crippling Poison","Endless Agony+1","Phantasmal Killer","Dodge and Roll+1","Catalyst+1"],"relics":["Ring of the Snake","InkBottle","Kunai","Letter Opener","Question Card","Pantograph","Fusion Hammer","Bottled Lightning","Smiling Mask","White Beast Statue","Potion Belt","Runic Dome","Molten Egg 2","Prayer Wheel","The Courier","Old Coin","Bag of Preparation"],"acts_visited":["Exordium","TheCity","TheBeyond"],"potions_floor_usage":[6,8,16,18,24,28,28,29,30,31,33,33,33,37,37,38,41,42,42,45,45,46,47,47,50,50],"damage_taken":[{"damage":0,"enemies":"Cultist","floor":1,"turns":4},{"damage":6,"enemies":"Jaw Worm","floor":2,"turns":6},{"damage":0,"enemies":"Small Slimes","floor":3,"turns":2},{"damage":1,"enemies":"Looter","floor":4,"turns":3},{"damage":12,"enemies":"Lagavulin","floor":6,"turns":5},{"damage":20,"enemies":"3 Sentries","floor":8,"turns":6},{"damage":32,"enemies":"Gremlin Nob","floor":12,"turns":4},{"damage":32,"enemies":"The Guardian","floor":16,"turns":10},{"damage":15,"enemies":"Shell Parasite","floor":18,"turns":5},{"damage":5,"enemies":"2 Thieves","floor":22,"turns":4},{"damage":8,"enemies":"Slavers","floor":24,"turns":4},{"damage":26,"enemies":"Gremlin Leader","floor":28,"turns":5},{"damage":0,"enemies":"3 Cultists","floor":29,"turns":3},{"damage":12,"enemies":"Shelled Parasite and Fungi","floor":30,"turns":5},{"damage":26,"enemies":"Book of Stabbing","floor":31,"turns":5},{"damage":13,"enemies":"Collector","floor":33,"turns":6},{"damage":7,"enemies":"3 Shapes","floor":35,"turns":4},{"damage":3,"enemies":"3 Darklings","floor":37,"turns":7},{"damage":16,"enemies":"Jaw Worm Horde","floor":38,"turns":6},{"damage":1,"enemies":"Nemesis","floor":41,"turns":5},{"damage":8,"enemies":"Mind Bloom Boss Battle","floor":42,"turns":7},{"damage":10,"enemies":"Transient","floor":45,"turns":6},{"damage":4,"enemies":"Maw","floor":46,"turns":7},{"damage":14,"enemies":"Reptomancer","floor":47,"turns":7},{"damage":52,"enemies":"Awakened One","floor":50,"turns":18},{"damage":120,"enemies":"Time Eater","floor":51,"turns":15}],"seed_played":"6990707807303707636","potions_obtained":[{"floor":4,"key":"SkillPotion"},{"floor":6,"key":"SkillPotion"},{"floor":12,"key":"Energy Potion"},{"floor":28,"key":"FairyPotion"},{"floor":29,"key":"AttackPotion"},{"floor":31,"key":"PowerPotion"},{"floor":33,"key":"Explosive Potion"},{"floor":35,"key":"Energy Potion"},{"floor":37,"key":"SkillPotion"},{"floor":38,"key":"Weak Potion"},{"floor":41,"key":"SteroidPotion"},{"floor":42,"key":"Fruit Juice"},{"floor":45,"key":"ColorlessPotion"},{"floor":46,"key":"Regen Potion"},{"floor":47,"key":"Explosive Potion"}],"is_trial":false,"path_per_floor":["M","M","M","M","$","E","R","E","T","R","T","E","R","?","R","B",null,"M","$","?","?","M","R","E","R","T","$","E","M","M","E","R","B",null,"M","?","M","M","$","R","E","?","T","R","M","M","E","T","R","B","B"],"character_chosen":"THE_SILENT","items_purchased":["Blade Dance","Accuracy","Infinite Blades"],"campfire_rested":8,"item_purchase_floors":[5,5,19],"current_hp_per_floor":[59,53,53,52,52,40,40,20,20,38,38,6,24,17,17,10,48,33,33,45,45,40,58,50,60,60,60,34,34,22,18,36,47,57,50,50,47,31,31,49,48,57,57,65,55,51,37,37,56,23,0,0],"gold":595,"neow_bonus":"TRANSFORM_TWO_CARDS","is_daily":false,"chose_seed":false,"campfire_upgraded":2,"win_rate":0.0,"timestamp":1608399598,"path_taken":["M","M","M","M","$","E","R","E","T","R","?","E","R","?","R","BOSS","M","$","?","?","M","R","E","R","T","$","E","?","M","E","R","BOSS","M","?","M","M","$","R","E","?","T","R","M","M","E","?","R","BOSS","BOSS"],"items_purchased_type":["Card","Card","Card"],"build_version":"2020-12-13","purchased_purges":3,"victory":false,"max_hp_per_floor":[60,60,60,60,60,60,60,60,60,60,60,60,60,60,60,60,60,60,60,60,60,60,60,60,60,60,60,60,60,60,60,60,60,60,60,60,60,60,60,60,60,65,65,65,65,65,65,65,65,65,65,65],"card_choices":[{"not_picked":["Sucker Punch","Prepared"],"picked":"Dagger Spray","floor":1},{"not_picked":["Catalyst","Deadly Poison"],"picked":"Bouncing Flask","floor":2},{"not_picked":["Choke","Underhanded Strike","Cloak And Dagger"],"picked":"SKIP","floor":3},{"not_picked":["Setup","Accuracy"],"picked":"Dagger Throw","floor":4},{"not_picked":["Acrobatics","Slice"],"picked":"Night Terror","floor":6},{"not_picked":["Sucker Punch","Heel Hook"],"picked":"Cloak And Dagger","floor":8},{"not_picked":["Concentrate","Doppelganger","Predator"],"picked":"Blade Dance","floor":12},{"not_picked":["Envenom","Die Die Die","Unload"],"picked":"Venomology","floor":16},{"not_picked":["Deflect","Acrobatics","Deadly Poison"],"picked":"Cloak And Dagger","floor":18},{"not_picked":["All Out Attack","Distraction","Flying Knee","Dagger Throw"],"picked":"SKIP","floor":22},{"not_picked":["Bane+1","Dagger Throw","Distraction"],"picked":"Envenom","floor":24},{"not_picked":["Flying Knee","Slice+1","Infinite Blades","Predator"],"picked":"SKIP","floor":28},{"not_picked":["Tools of the Trade","Poisoned Stab","Distraction"],"picked":"Leg Sweep","floor":29},{"not_picked":["Noxious Fumes","Terror","Cloak And Dagger"],"picked":"PiercingWail","floor":30},{"not_picked":["Deadly Poison","Outmaneuver","Dagger Throw"],"picked":"Finisher+1","floor":31},{"not_picked":["Tools of the Trade","Die Die Die","Envenom"],"picked":"A Thousand Cuts","floor":33},{"not_picked":["Poisoned Stab","Cloak And Dagger","Flying Knee"],"picked":"Leg Sweep","floor":35},{"not_picked":["Underhanded Strike","PiercingWail","Leg Sweep","Tactician"],"picked":"SKIP","floor":37},{"not_picked":["Deadly Poison+1","Dagger Throw+1","Concentrate"],"picked":"Backflip","floor":38},{"not_picked":["Heel Hook+1","Outmaneuver","Flechettes+1"],"picked":"Crippling Poison","floor":41},{"not_picked":["Reflex","Deflect","Dagger Spray+1"],"picked":"Endless Agony+1","floor":42},{"not_picked":["Sucker Punch+1","Eviscerate+1","Poisoned Stab+1"],"picked":"Phantasmal Killer","floor":45},{"not_picked":["Dodge and Roll","Flying Knee+1","Quick Slash+1","Bane+1"],"picked":"SKIP","floor":45},{"not_picked":["Finisher+1","Dagger Spray+1","Slice+1"],"picked":"Dodge and Roll+1","floor":46},{"not_picked":["Outmaneuver","Quick Slash+1","Storm of Steel","Backflip"],"picked":"SKIP","floor":46},{"not_picked":["Bullet Time","Masterful Stab+1","Cloak And Dagger"],"picked":"Catalyst+1","floor":47}],"player_experience":449658,"relics_obtained":[{"floor":6,"key":"InkBottle"},{"floor":8,"key":"Kunai"},{"floor":9,"key":"Letter Opener"},{"floor":11,"key":"Question Card"},{"floor":12,"key":"Pantograph"},{"floor":24,"key":"Bottled Lightning"},{"floor":26,"key":"Smiling Mask"},{"floor":28,"key":"White Beast Statue"},{"floor":31,"key":"Potion Belt"},{"floor":41,"key":"Molten Egg 2"},{"floor":42,"key":"Prayer Wheel"},{"floor":43,"key":"The Courier"},{"floor":47,"key":"Old Coin"},{"floor":48,"key":"Bag of Preparation"}],"event_choices":[{"cards_removed":["Strike_G"],"damage_healed":0,"gold_gain":0,"player_choice":"Card Removal","damage_taken":7,"max_hp_gain":0,"max_hp_loss":0,"event_name":"Golden Wing","floor":14,"gold_loss":0},{"damage_healed":12,"gold_gain":0,"player_choice":"Heal","damage_taken":0,"max_hp_gain":0,"max_hp_loss":0,"event_name":"The Library","floor":20,"gold_loss":0},{"damage_healed":0,"gold_gain":0,"cards_transformed":["Strike_G","Strike_G"],"player_choice":"Transformed Cards","damage_taken":0,"max_hp_gain":0,"max_hp_loss":0,"event_name":"Designer","floor":21,"gold_loss":75,"cards_obtained":["Blade Dance","Burst"]},{"cards_removed":["Infinite Blades"],"damage_healed":0,"gold_gain":0,"player_choice":"Removed Power","damage_taken":0,"max_hp_gain":0,"max_hp_loss":0,"event_name":"Falling","floor":36,"gold_loss":0},{"damage_healed":0,"gold_gain":0,"player_choice":"Fight","damage_taken":0,"max_hp_gain":0,"max_hp_loss":0,"event_name":"MindBloom","floor":42,"gold_loss":0}],"is_beta":false,"boss_relics":[{"not_picked":["Tiny House","Astrolabe"],"picked":"Fusion Hammer"},{"not_picked":["Ring of the Serpent","Empty Cage"],"picked":"Runic Dome"}],"items_purged_floors":[19,27,39],"is_endless":false,"potions_floor_spawned":[4,6,12,28,29,30,31,33,35,37,38,41,42,45,46,47],"killed_by":"Time Eater","ascension_level":20}}