{"host":"3mdjmozz5rahgtdc","time":1608387247,"event":{"mods":["AchievementEnabler","BaseMod","Better Silent Start","Better-Laid Plans","Colored Map","Colored Powertips","Custom Start","DeckTracker","Emptier Cage","KOR Keyword Fix","Keyboard Shortcuts","Minty Spire (QoL Compilation)","Permanent Neow","Quick Restart","StSLib","SuperFastMode"],"gold_per_floor":[118,136,149,159,172,172,185,185,185,185,40,40,79,92,92,92,92],"floor_reached":16,"playtime":545,"items_purged":["Strike_G"],"score":146,"play_id":"d1a59e79-16d5-4863-a795-8d7335593f7a","local_time":"20201219231407","is_ascension_mode":true,"campfire_choices":[{"floor":6,"key":"REST"},{"data":"Blade Dance","floor":8,"key":"SMITH"},{"data":"Infinite Blades","floor":12,"key":"SMITH"},{"data":"Crippling Poison","floor":15,"key":"SMITH"}],"circlet_count":0,"master_deck":["Strike_G","Strike_G","Strike_G","Defend_G","Defend_G","Defend_G","Defend_G","Survivor","Neutralize","Escape Plan","Riddle With Holes","PiercingWail","Footwork","Blade Dance+1","Infinite Blades+1","Crippling Poison+1","Adrenaline"],"relics":["Ring of the Snake","FossilizedHelix","Toy Ornithopter","Golden Idol","Bag of Preparation"],"acts_visited":["Exordium"],"potions_floor_usage":[4,13],"damage_taken":[{"damage":0,"enemies":"Jaw Worm","floor":1,"turns":4},{"damage":0,"enemies":"Small Slimes","floor":2,"turns":5},{"damage":0,"enemies":"Cultist","floor":3,"turns":3},{"damage":15,"enemies":"Lots of Slimes","floor":4,"turns":5},{"damage":29,"enemies":"Exordium Thugs","floor":5,"turns":10},{"damage":1,"enemies":"Blue Slaver","floor":7,"turns":5},{"damage":3,"enemies":"3 Sentries","floor":13,"turns":8},{"damage":3,"enemies":"Red Slaver","floor":14,"turns":5},{"damage":23,"enemies":"The Guardian","floor":16,"turns":10}],"seed_played":"-8209282016617046913","potions_obtained":[{"floor":2,"key":"FearPotion"},{"floor":3,"key":"SkillPotion"}],"is_trial":false,"path_per_floor":["M","M","M","M","M","R","M","R","T","?","$","R","E","M","R","B"],"character_chosen":"THE_SILENT","items_purchased":["Infinite Blades"],"campfire_rested":1,"item_purchase_floors":[11],"current_hp_per_floor":[45,45,45,30,1,22,21,21,21,21,21,21,23,20,20,0,0],"gold":92,"neow_bonus":"ONE_RARE_RELIC","is_daily":false,"chose_seed":false,"campfire_upgraded":3,"win_rate":0.0,"timestamp":1608387247,"path_taken":["M","M","M","M","M","R","M","R","T","?","$","R","E","M","R","BOSS"],"items_purchased_type":["Card"],"build_version":"2020-12-13","purchased_purges":1,"victory":false,"max_hp_per_floor":[70,70,70,70,70,70,70,70,70,65,65,65,65,65,65,65,65],"card_choices":[{"not_picked":["Dodge and Roll","Outmaneuver"],"picked":"Escape Plan","floor":1},{"not_picked":["Eviscerate","Distraction"],"picked":"Riddle With Holes","floor":2},{"not_picked":["Heel Hook","Sucker Punch"],"picked":"PiercingWail","floor":3},{"not_picked":["Underhanded Strike","Outmaneuver"],"picked":"Footwork","floor":4},{"not_picked":["Catalyst","Riddle With Holes","Prepared"],"picked":"SKIP","floor":5},{"not_picked":["Accuracy","Slice"],"picked":"Blade Dance","floor":7},{"not_picked":["Calculated Gamble","Quick Slash"],"picked":"Crippling Poison","floor":13},{"not_picked":["Noxious Fumes","Cloak And Dagger"],"picked":"Adrenaline","floor":14}],"player_experience":308155,"relics_obtained":[{"floor":9,"key":"Toy Ornithopter"},{"floor":13,"key":"Bag of Preparation"}],"event_choices":[{"damage_healed":0,"gold_gain":0,"player_choice":"Lose Max HP","damage_taken":0,"relics_obtained":["Golden Idol"],"max_hp_gain":0,"max_hp_loss":5,"event_name":"Golden Idol","floor":10,"gold_loss":0}],"is_beta":false,"boss_relics":[],"items_purged_floors":[11],"is_endless":false,"potions_floor_spawned":[2,3],"killed_by":"The Guardian","ascension_level":8}}