{"host":"1s2i2u841ofwoqaa","time":1608359174,"event":{"mods":["AchievementEnabler","Aspiration","BaseMod","Better Third Choice","Colored Powertips","Downfall","Hubris","Minty Spire (QoL Compilation)","StSLib","SuperFastMode","The Animator"],"gold_per_floor":[99,99,24,24,50,225,252,262,262,297,307,307,407,420,439,535,535,460,460,485,500,534,534,534],"floor_reached":23,"playtime":1299,"items_purged":[],"score":260,"play_id":"c4b07c5a-a583-44c4-88e6-88baaec5a10f","local_time":"20201219192614","is_ascension_mode":false,"campfire_choices":[{"floor":1.0,"key":"RECALL"},{"data":"champ:Execute","floor":3.0,"key":"SMITH"},{"data":"champ:HoldFirm","floor":18,"key":"SMITH"}],"circlet_count":0,"master_deck":["champ:Strike","champ:Strike","champ:Strike","champ:Strike","champ:Defend","champ:Defend","champ:Defend","champ:Defend","champ:Execute+1","champ:Taunt","champ:FocusedBerserking","champ:DefensiveShout","champ:SteelEdge","Doubt","champ:TornadoPunch+1","champ:HoldFirm+1","champ:CalledShot","champ:ArenaPreparation","champ:EnragedBash","champ:ShieldThrow","champ:GladiatorsShout","champ:Haymaker","champ:MurderStrike","champ:FanOfKnives"],"relics":["champ:ChampionCrown","downfall:HeartsMalice","downfall:HeartBlessingRed","Smiling Mask","aspiration:Lifesprig","Lantern","hubris:TerracottaHorce","downfall:HeartBlessingGreen","hubris:PeanutButter","CeramicFish"],"acts_visited":["Exordium","TheCity"],"potions_floor_usage":[],"damage_taken":[{"damage":0.0,"enemies":"Jaw Worm","floor":2.0,"turns":1.0},{"damage":0.0,"enemies":"Small Slimes","floor":4.0,"turns":1.0},{"damage":0.0,"enemies":"Gremlin Nob","floor":5.0,"turns":1.0},{"damage":10.0,"enemies":"2 Louse","floor":8.0,"turns":2.0},{"damage":18.0,"enemies":"3 Sentries","floor":10.0,"turns":7.0},{"damage":15.0,"enemies":"2 Fungi Beasts","floor":11.0,"turns":3.0},{"damage":0.0,"enemies":"Exordium Thugs","floor":14.0,"turns":2.0},{"damage":26.0,"enemies":"Gremlin Gang","floor":15.0,"turns":4.0},{"damage":76.0,"enemies":"downfall:Watcher","floor":16.0,"turns":19.0},{"damage":0,"enemies":"Chosen","floor":19,"turns":1},{"damage":45,"enemies":"Slavers","floor":20,"turns":5},{"damage":17,"enemies":"Snecko","floor":21,"turns":5},{"damage":55,"enemies":"Gremlin Leader","floor":22,"turns":7},{"damage":30,"enemies":"Chosen and Byrds","floor":23,"turns":5}],"seed_played":"-1006766767989784932","potions_obtained":[{"floor":5.0,"key":"Weak Potion"},{"floor":10.0,"key":"Dexterity Potion"},{"floor":14.0,"key":"EssenceOfSteel"},{"floor":22,"key":"Ancient Potion"}],"is_trial":false,"path_per_floor":["R","M","R","M","E","?","T","M","?","E","M","?","?","M","M","B",null,"R","M","E","M","E","M"],"character_chosen":"THE_CHAMP","items_purchased":[],"campfire_rested":0,"item_purchase_floors":[],"current_hp_per_floor":[90,90,90,90,90,90,90,85,85,77,72,72,72,72,51,29,75,75,75,53,67,24,0,0],"gold":534,"neow_bonus":"THREE_ENEMY_KILL","is_daily":false,"chose_seed":false,"campfire_upgraded":2,"win_rate":0.0,"timestamp":1608359174,"path_taken":["R","M","R","M","E","?","T","M","?","E","M","?","?","?","M","BOSS","R","M","E","?","E","M"],"items_purchased_type":[],"build_version":"2020-12-13","purchased_purges":0,"victory":false,"max_hp_per_floor":[90,90,90,90,90,90,90,90,90,90,90,90,90,90,90,90,90,90,90,90,90,90,90,90],"card_choices":[{"not_picked":["champ:CrookedStrike","champ:CalledShot"],"picked":"champ:FocusedBerserking","floor":2.0},{"not_picked":["champ:BerserkersShout","champ:SkillfulDodge"],"picked":"champ:DefensiveShout","floor":4.0},{"not_picked":["champ:BladeFlurry","champ:PerfectForm"],"picked":"champ:SteelEdge","floor":5.0},{"not_picked":["champ:GladiatorsShout","champ:FlashCut"],"picked":"champ:TornadoPunch","floor":8.0},{"not_picked":["champ:BringItOn","champ:Shatter"],"picked":"champ:HoldFirm","floor":10.0},{"not_picked":["champ:BerserkersShout","champ:GladiatorsShout"],"picked":"champ:CalledShot","floor":11.0},{"not_picked":["champ:RisingSlash","champ:PerfectedStrike"],"picked":"champ:ArenaPreparation","floor":14.0},{"not_picked":["champ:TornadoPunch","champ:ViciousMockery"],"picked":"champ:EnragedBash","floor":15.0},{"not_picked":["champ:HoldFirm","champ:PerfectForm"],"picked":"champ:ShieldThrow","floor":16.0},{"not_picked":["champ:FlashCut","champ:TornadoPunch"],"picked":"champ:GladiatorsShout","floor":19},{"not_picked":["champ:ArenaPreparation","champ:GladiatorsShout"],"picked":"champ:Haymaker","floor":20},{"not_picked":["champ:PreciseThrust","champ:EndlessRage+1"],"picked":"champ:MurderStrike","floor":21},{"not_picked":["champ:GladiatorsShout","champ:FlashCut"],"picked":"champ:FanOfKnives","floor":22}],"player_experience":454141,"relics_obtained":[{"floor":5.0,"key":"Smiling Mask"},{"floor":7.0,"key":"aspiration:Lifesprig"},{"floor":10.0,"key":"Lantern"},{"floor":20,"key":"hubris:PeanutButter"},{"floor":22,"key":"CeramicFish"}],"event_choices":[],"is_beta":false,"boss_relics":[{"not_picked":["aspiration:WatcherSkillbook","Calling Bell"],"picked":"hubris:TerracottaHorce"}],"items_purged_floors":[],"is_endless":false,"potions_floor_spawned":[5,10,14,15,22],"killed_by":"Chosen and Byrds","ascension_level":0}}