{"host":"Feanor","time":1608409273,"event":{"mods":["BaseMod","Colored Map","Colored Powertips","Highlight Path","Minty Spire (QoL Compilation)","Relic Stats"],"gold_per_floor":[117,130,149,149,149,149,183,198,198,198,211,211,249,52,52,52,52],"floor_reached":16,"playtime":580,"items_purged":[],"score":220,"play_id":"502ba4ed-0589-4cbb-b65e-9fd77f10116f","local_time":"20201219212113","is_ascension_mode":true,"campfire_choices":[{"data":"Vault","floor":6.0,"key":"SMITH"},{"floor":10.0,"key":"REST"},{"data":"Vigilance","floor":12.0,"key":"SMITH"},{"data":"Alpha","floor":15,"key":"SMITH"}],"circlet_count":0,"master_deck":["AscendersBane","Strike_P","Strike_P","Strike_P","Strike_P","Defend_P","Defend_P","Defend_P","Defend_P","Eruption","Vigilance+1","CurseOfTheBell","Vault+1","ThirdEye","FlyingSleeves","Alpha+1","Evaluate","ThirdEye","Mayhem+1"],"relics":["Calling Bell","Vajra","Blue Candle","GoldenEye","Golden Idol","MealTicket","Potion Belt","Frozen Egg 2"],"acts_visited":["Exordium"],"potions_floor_usage":[16],"damage_taken":[{"damage":0.0,"enemies":"Cultist","floor":1.0,"turns":2.0},{"damage":5.0,"enemies":"Jaw Worm","floor":2.0,"turns":4.0},{"damage":12.0,"enemies":"Small Slimes","floor":3.0,"turns":3.0},{"damage":16.0,"enemies":"Gremlin Nob","floor":7.0,"turns":3.0},{"damage":9.0,"enemies":"Blue Slaver","floor":8.0,"turns":5.0},{"damage":10.0,"enemies":"3 Louse","floor":11.0,"turns":4.0},{"damage":21.0,"enemies":"Lagavulin","floor":13.0,"turns":6.0},{"damage":23,"enemies":"The Guardian","floor":16,"turns":5}],"seed_played":"1341072097890571129","potions_obtained":[{"floor":11.0,"key":"LiquidBronze"},{"floor":13,"key":"ColorlessPotion"}],"is_trial":false,"path_per_floor":["M","M","M","?","?","R","E","M","T","R","M","R","E","$","R","B"],"character_chosen":"WATCHER","items_purchased":["Mayhem+1"],"campfire_rested":1,"item_purchase_floors":[14],"current_hp_per_floor":[61,56,44,44,44,44,28,19,19,37,27,27,6,21,21,0,0],"gold":52,"neow_bonus":"BOSS_RELIC","is_daily":false,"chose_seed":false,"campfire_upgraded":3,"win_rate":0.0,"timestamp":1608409273,"path_taken":["M","?","M","?","?","R","E","M","T","R","M","R","E","?","R","BOSS"],"items_purchased_type":["Card"],"build_version":"2020-12-18","purchased_purges":0,"victory":false,"max_hp_per_floor":[68,68,68,68,62,62,62,62,62,62,62,62,62,62,62,62,62],"relic_stats":{"counters":[8,32],"Golden Idol":29,"Blue Candle":[3],"MealTicket":15,"GoldenEye":[7],"obtain_stats":[{"Calling Bell":0,"Potion Belt":9,"Golden Idol":5,"Blue Candle":0,"Vajra":0,"MealTicket":7,"PureWater":0,"Frozen Egg 2":13,"GoldenEye":0},{"Calling Bell":0,"Potion Belt":5,"Golden Idol":3,"Blue Candle":0,"Vajra":0,"MealTicket":4,"PureWater":0,"Frozen Egg 2":7,"GoldenEye":0},{"Calling Bell":0,"Potion Belt":17,"Golden Idol":9,"Blue Candle":0,"Vajra":0,"MealTicket":12,"PureWater":0,"Frozen Egg 2":27,"GoldenEye":0}]},"card_choices":[{"not_picked":["WindmillStrike","EmptyMind"],"picked":"Vault","floor":1.0},{"not_picked":["JustLucky","Indignation"],"picked":"ThirdEye","floor":2.0},{"not_picked":["EmptyFist","Worship"],"picked":"FlyingSleeves","floor":3.0},{"not_picked":["FlyingSleeves","SandsOfTime"],"picked":"Alpha","floor":7.0},{"not_picked":["FlyingSleeves","EmptyBody"],"picked":"Evaluate","floor":8.0},{"not_picked":["EmptyBody","Pray","EmptyFist"],"picked":"SKIP","floor":11.0},{"not_picked":["EmptyFist","Establishment+1"],"picked":"ThirdEye","floor":13}],"player_experience":1227188,"relics_obtained":[{"floor":0.0,"key":"Vajra"},{"floor":0.0,"key":"Blue Candle"},{"floor":0.0,"key":"GoldenEye"},{"floor":7.0,"key":"MealTicket"},{"floor":9.0,"key":"Potion Belt"},{"floor":13,"key":"Frozen Egg 2"}],"event_choices":[{"damage_healed":0.0,"max_hp_gain":0.0,"max_hp_loss":0.0,"gold_gain":0.0,"event_name":"Scrap Ooze","player_choice":"Fled","floor":4.0,"gold_loss":0.0,"damage_taken":0.0},{"damage_healed":0.0,"max_hp_gain":0.0,"max_hp_loss":6.0,"gold_gain":0.0,"event_name":"Golden Idol","player_choice":"Lose Max HP","floor":5.0,"gold_loss":0.0,"damage_taken":0.0,"relics_obtained":["Golden Idol"]}],"is_beta":true,"boss_relics":[],"items_purged_floors":[],"is_endless":false,"potions_floor_spawned":[11,13],"killed_by":"The Guardian","ascension_level":20}}