{"host":"brnfk772nsb90w3t","time":1608380801,"event":{"mods":["AchievementEnabler","BaseMod","Colored Powertips","Downfall","Highlight Path","Minty Spire (QoL Compilation)","Quick Restart","Shop Mod","StSLib","SuperFastMode"],"gold_per_floor":[99,126,126,126,126,126,126,126,152,152,171,271,271,271,296,404,404,404,431,446,480,480,480,480,497,497,530,541,541,138,123,134,134,134],"floor_reached":33,"playtime":2559,"items_purged":[],"score":314,"play_id":"0de9636c-81f5-43c2-92f8-7c16697c80b0","local_time":"20201219202641","is_ascension_mode":false,"campfire_choices":[{"data":"hexamod:Float","floor":1.0,"key":"SMITH"},{"data":"hexamod:StepThrough","floor":3.0,"key":"SMITH"},{"data":"hexamod:Sear","floor":5.0,"key":"SMITH"},{"floor":8.0,"key":"REST"},{"floor":10.0,"key":"REST"},{"data":"hexamod:StepThrough","floor":18.0,"key":"SMITH"},{"floor":22.0,"key":"REST"},{"data":"hexamod:CouncilsJustice","floor":26.0,"key":"SMITH"}],"circlet_count":0,"master_deck":["hexamod:Sear+1","hexamod:Float+1","hexamod:StepThrough+1","hexamod:AdvancingGuard","hexamod:StepThrough+1","hexamod:HauntingEcho+1","hexamod:ThermalTransfer+1","hexamod:SecondSeal","hexamod:InspiringFlames","hexamod:Hexaguard","hexamod:GhostflameInferno+1","hexamod:ThermalTransfer+1","hexamod:CouncilsJustice+1","hexamod:CouncilsJustice+1","hexamod:CouncilsJustice","Ghostly","Ghostly+1","Ghostly","hexamod:ExtraCrispy","hexamod:SixthSeal"],"relics":["hexamod:SpiritBrand","Pen Nib","Dream Catcher","Matryoshka","Bag of Preparation","Busted Crown","Art of War","MealTicket","Mercury Hourglass","Boot","hexamod:InflammatoryLetter","Gremlin Horn","War Paint"],"acts_visited":["Exordium","TheCity"],"potions_floor_usage":[],"damage_taken":[{"damage":22.0,"enemies":"3 Sentries","floor":2.0,"turns":10.0},{"damage":43.0,"enemies":"Gremlin Nob","floor":9.0,"turns":6.0},{"damage":0.0,"enemies":"Small Slimes","floor":11.0,"turns":3.0},{"damage":24.0,"enemies":"downfall:Heads","floor":12.0,"turns":7.0},{"damage":5.0,"enemies":"Jaw Worm","floor":15.0,"turns":3.0},{"damage":14.0,"enemies":"downfall:Ironclad","floor":16.0,"turns":8.0},{"damage":0.0,"enemies":"Spheric Guardian","floor":19.0,"turns":5.0},{"damage":0.0,"enemies":"3 Byrds","floor":20.0,"turns":5.0},{"damage":20.0,"enemies":"Slavers","floor":21.0,"turns":7.0},{"damage":0.0,"enemies":"Sentry and Sphere","floor":25.0,"turns":4.0},{"damage":0.0,"enemies":"Book of Stabbing","floor":27.0,"turns":4.0},{"damage":0.0,"enemies":"Chosen and Byrds","floor":28.0,"turns":4.0},{"damage":0.0,"enemies":"downfall:FleeingMerchant","floor":30.0,"turns":4.0},{"damage":0.0,"enemies":"downfall:FleeingMerchant","floor":31.0,"turns":4.0},{"damage":0.0,"enemies":"3 Cultists","floor":32.0,"turns":4.0},{"damage":62,"enemies":"downfall:Watcher","floor":33,"turns":8}],"seed_played":"-7696062343089735897","potions_obtained":[{"floor":2.0,"key":"Block Potion"},{"floor":16.0,"key":"sneckomod:MuddlingPotion"},{"floor":21.0,"key":"Guardian:BlockOnCardUsePotion"},{"floor":25.0,"key":"EssenceOfSteel"}],"is_trial":false,"path_per_floor":["R","E","R","?","R","?","T","R","E","R","M","?","?","?","M","B",null,"R","M","M","E","R","?","T","M","R","E","M","?","$","$","M","B"],"character_chosen":"THE_SPIRIT","items_purchased":["Gremlin Horn","War Paint"],"campfire_rested":3,"item_purchase_floors":[30,30],"current_hp_per_floor":[77,55,55,55,55,55,55,77,34,57,57,33,33,33,28,14,77,77,77,77,57,77,38,38,38,38,38,38,38,38,38,38,0,0],"gold":134,"neow_bonus":"TEN_PERCENT_HP_BONUS","is_daily":false,"chose_seed":false,"campfire_upgraded":5,"win_rate":0.0,"timestamp":1608380801,"path_taken":["R","E","R","?","R","?","T","R","E","R","?","?","?","?","M","BOSS","R","M","M","E","R","?","T","M","R","E","M","?","$","$","M","BOSS"],"items_purchased_type":["Relic","Relic"],"build_version":"2020-12-13","purchased_purges":0,"victory":false,"max_hp_per_floor":[77,77,77,77,77,77,77,77,77,77,77,77,77,77,77,77,77,77,77,77,77,77,38,38,38,38,38,38,38,38,38,38,38,38],"card_choices":[{"not_picked":["hexamod:ChargedBarrage","hexamod:Firestarter"],"picked":"hexamod:StepThrough","floor":2.0},{"not_picked":["hexamod:Firestarter","hexamod:HauntingEcho"],"picked":"hexamod:AdvancingGuard","floor":8.0},{"not_picked":["hexamod:Firestarter","hexamod:PhantomFireball"],"picked":"hexamod:StepThrough","floor":9.0},{"not_picked":["hexamod:RainOfEmbers","hexamod:HeatCrush"],"picked":"hexamod:HauntingEcho","floor":10.0},{"not_picked":["hexamod:NightmareGuise","hexamod:InspiringFlames"],"picked":"hexamod:ThermalTransfer","floor":11.0},{"not_picked":["hexamod:GhostShield","hexamod:SpectralAdrenaline"],"picked":"hexamod:InspiringFlames","floor":12.0},{"not_picked":["hexamod:RainOfEmbers","hexamod:GhostOfSpirePast"],"picked":"hexamod:Hexaguard","floor":15.0},{"not_picked":["hexamod:WildfireWeapon","hexamod:EmpoweringStance"],"picked":"hexamod:GhostflameInferno","floor":16.0},{"not_picked":[],"picked":"hexamod:ThermalTransfer+1","floor":19.0},{"not_picked":["hexamod:ThermalTransfer+1"],"picked":"SKIP","floor":20.0},{"not_picked":["hexamod:GhostShield+1"],"picked":"SKIP","floor":21.0},{"not_picked":["hexamod:BurningTouch"],"picked":"SKIP","floor":25.0},{"not_picked":["hexamod:BurningTouch"],"picked":"SKIP","floor":25.0},{"not_picked":[],"picked":"hexamod:ExtraCrispy","floor":27.0},{"not_picked":["hexamod:RainOfEmbers+1"],"picked":"SKIP","floor":28.0},{"not_picked":[],"picked":"hexamod:SixthSeal","floor":30.0},{"not_picked":["hexamod:BurningTouch"],"picked":"SKIP","floor":31.0},{"not_picked":["hexamod:PhantomFireball"],"picked":"SKIP","floor":32.0}],"player_experience":614722,"relics_obtained":[{"floor":2.0,"key":"Pen Nib"},{"floor":7.0,"key":"Dream Catcher"},{"floor":9.0,"key":"Matryoshka"},{"floor":21.0,"key":"Art of War"},{"floor":24.0,"key":"MealTicket"},{"floor":24.0,"key":"Mercury Hourglass"},{"floor":27.0,"key":"Boot"}],"event_choices":[{"cards_removed":["hexamod:Strike"],"damage_healed":0.0,"max_hp_gain":0.0,"max_hp_loss":0.0,"gold_gain":0.0,"event_name":"Purifier","player_choice":"Purged","floor":6.0,"gold_loss":0.0,"damage_taken":0.0},{"cards_removed":["hexamod:Strike"],"damage_healed":0.0,"max_hp_gain":0.0,"max_hp_loss":0.0,"gold_gain":0.0,"event_name":"The Cleric","player_choice":"Card Removal","floor":14.0,"gold_loss":0.0,"damage_taken":0.0}],"is_beta":false,"boss_relics":[{"not_picked":["Fusion Hammer","Coffee Dripper"],"picked":"Busted Crown"}],"items_purged_floors":[],"is_endless":false,"potions_floor_spawned":[2,16,21,25,27,32],"killed_by":"downfall:Watcher","ascension_level":0}}