{"host":"gp6kafy53r5vaktt","time":1608410883,"event":{"mods":["BaseMod","Colored Map","Highlight Path","Minty Spire (QoL Compilation)"],"gold_per_floor":[118,133,133,133,147,147,176,176,176,211,211,246,16,45,45,142,142,159,174,174,273,5,35,35,60,60,60,78,78,78,78,78,183,183,199,219,67,86,12,44,44,73,73,90,123,123,38,64,64,64],"floor_reached":51,"playtime":3922,"items_purged":["Defend_G","Strike_G+1"],"score":1024,"play_id":"83ca24ab-cb60-4483-8161-a61fb8b2e6d6","local_time":"20201219224803","is_ascension_mode":true,"campfire_choices":[{"data":"Neutralize","floor":6.0,"key":"SMITH"},{"data":"Blur","floor":8.0,"key":"SMITH"},{"data":"Survivor","floor":11.0,"key":"SMITH"},{"data":"Blade Dance","floor":15.0,"key":"SMITH"},{"data":"Noxious Fumes","floor":24.0,"key":"SMITH"},{"data":"After Image","floor":27.0,"key":"SMITH"},{"data":"Footwork","floor":32.0,"key":"SMITH"},{"data":"Bouncing Flask","floor":41.0,"key":"SMITH"},{"data":"Blade Dance","floor":49,"key":"SMITH"}],"circlet_count":0,"master_deck":["Defend_G+1","Defend_G+1","Defend_G+1","Defend_G+1","Survivor+1","Neutralize+1","Crippling Poison+1","Heel Hook+1","Backstab+1","Blur+1","Masterful Stab","Backstab","Infinite Blades","Blade Dance+1","After Image+1","CurseOfTheBell","Cloak And Dagger+1","Poisoned Stab","Noxious Fumes+1","Blade Dance+1","Footwork+1","Expertise+1","Bouncing Flask+1","Finesse","Bullet Time","Blade Dance+1","Infinite Blades","Blur+1","Escape Plan","Backflip","After Image","Predator","Envenom"],"relics":["Astrolabe","Thread and Needle","Pear","Juzu Bracelet","Sundial","Oddly Smooth Stone","Nunchaku","Calling Bell","Lantern","Eternal Feather","Bird Faced Urn","Enchiridion","TwistedFunnel","Bag of Preparation","MealTicket","Pantograph","Sozu","Membership Card","DollysMirror","Snake Skull","Bottled Lightning","Ornamental Fan","Smiling Mask"],"acts_visited":["Exordium","TheCity","TheBeyond"],"potions_floor_usage":[],"damage_taken":[{"damage":3.0,"enemies":"Jaw Worm","floor":1.0,"turns":3.0},{"damage":0.0,"enemies":"2 Louse","floor":2.0,"turns":2.0},{"damage":0.0,"enemies":"Cultist","floor":5.0,"turns":2.0},{"damage":4.0,"enemies":"Lagavulin","floor":7.0,"turns":7.0},{"damage":0.0,"enemies":"3 Sentries","floor":10.0,"turns":9.0},{"damage":5.0,"enemies":"Gremlin Nob","floor":12.0,"turns":4.0},{"damage":0.0,"enemies":"3 Sentries","floor":14.0,"turns":7.0},{"damage":3.0,"enemies":"The Guardian","floor":16.0,"turns":8.0},{"damage":0.0,"enemies":"Spheric Guardian","floor":18.0,"turns":3.0},{"damage":0.0,"enemies":"2 Thieves","floor":19.0,"turns":4.0},{"damage":12.0,"enemies":"Gremlin Leader","floor":23.0,"turns":8.0},{"damage":0.0,"enemies":"Slavers","floor":25.0,"turns":4.0},{"damage":0.0,"enemies":"Snake Plant","floor":28.0,"turns":3.0},{"damage":0.0,"enemies":"Champ","floor":33.0,"turns":9.0},{"damage":0.0,"enemies":"3 Shapes","floor":35.0,"turns":3.0},{"damage":0.0,"enemies":"Orb Walker","floor":36.0,"turns":3.0},{"damage":0.0,"enemies":"Transient","floor":38.0,"turns":5.0},{"damage":0.0,"enemies":"Giant Head","floor":40.0,"turns":7.0},{"damage":6.0,"enemies":"Reptomancer","floor":42.0,"turns":5.0},{"damage":0.0,"enemies":"Spire Growth","floor":44.0,"turns":5.0},{"damage":0.0,"enemies":"Nemesis","floor":45.0,"turns":5.0},{"damage":0,"enemies":"Giant Head","floor":48,"turns":6},{"damage":29,"enemies":"Time Eater","floor":50,"turns":13}],"seed_played":"2163300234610283564","potions_obtained":[{"floor":2.0,"key":"ColorlessPotion"},{"floor":5.0,"key":"CultistPotion"},{"floor":12.0,"key":"Weak Potion"},{"floor":14.0,"key":"Regen Potion"},{"floor":16.0,"key":"Weak Potion"},{"floor":25.0,"key":"ColorlessPotion"},{"floor":28.0,"key":"Poison Potion"},{"floor":33.0,"key":"Strength Potion"}],"is_trial":false,"path_per_floor":["M","M","?","?","M","R","E","R","T","E","R","E","$","E","R","B",null,"M","M","?","?","$","E","R","E","T","R","M","?","?","?","R","B",null,"M","M","$","M","$","E","R","E","T","M","E","?","$","E","R","B",null],"character_chosen":"THE_SILENT","items_purchased":["Oddly Smooth Stone","Noxious Fumes","TwistedFunnel","Blade Dance","Membership Card","DollysMirror","Predator"],"campfire_rested":0,"item_purchase_floors":[13,22,22,22,37,39,47],"current_hp_per_floor":[67,67,67,67,67,67,63,63,73,73,73,68,68,68,68,65,80,80,80,64,64,64,58,70,78,78,80,80,80,80,80,80,80,80,80,80,80,80,80,80,80,76,76,80,80,80,80,80,80,55],"gold":64,"neow_bonus":"BOSS_RELIC","is_daily":false,"chose_seed":false,"campfire_upgraded":9,"win_rate":0.0,"timestamp":1608410883,"path_taken":["M","M","?","?","M","R","E","R","T","E","R","E","$","E","R","BOSS","M","M","?","?","?","E","R","E","T","R","M","?","?","?","R","BOSS","M","M","?","M","$","E","R","E","T","M","E","?","?","E","R","BOSS"],"items_purchased_type":["Relic","Card","Relic","Card","Relic","Relic","Card"],"build_version":"2020-12-13","purchased_purges":2,"victory":true,"max_hp_per_floor":[70,70,70,70,70,70,70,70,80,80,80,80,80,80,80,80,80,80,80,80,80,80,80,80,80,80,80,80,80,80,80,80,80,80,80,80,80,80,80,80,80,80,80,80,80,80,80,80,80,80],"card_choices":[{"not_picked":["Deadly Poison","Well Laid Plans"],"picked":"Blur","floor":1.0},{"not_picked":["Acrobatics","Skewer","Outmaneuver"],"picked":"SKIP","floor":2.0},{"not_picked":["Deflect","Bane"],"picked":"Backstab","floor":5.0},{"not_picked":["Eviscerate","Deadly Poison"],"picked":"Infinite Blades","floor":7.0},{"not_picked":["Unload","Acrobatics","Corpse Explosion"],"picked":"SKIP","floor":10.0},{"not_picked":["Sucker Punch","Backflip"],"picked":"Blade Dance","floor":12.0},{"not_picked":["Reflex","Setup","Wraith Form v2"],"picked":"SKIP","floor":14.0},{"not_picked":["Doppelganger","Die Die Die"],"picked":"After Image","floor":16.0},{"not_picked":["Backflip","Footwork"],"picked":"Cloak And Dagger+1","floor":18.0},{"not_picked":["Deadly Poison","Sucker Punch"],"picked":"Poisoned Stab","floor":19.0},{"not_picked":["Deflect","Quick Slash","Doppelganger"],"picked":"SKIP","floor":23.0},{"not_picked":["PiercingWail","Finisher+1"],"picked":"Footwork","floor":25.0},{"not_picked":["Flying Knee+1","Acrobatics"],"picked":"Expertise+1","floor":28.0},{"not_picked":["Burst","Corpse Explosion"],"picked":"Bullet Time","floor":33.0},{"not_picked":["Calculated Gamble","Dagger Throw+1","PiercingWail"],"picked":"SKIP","floor":35.0},{"not_picked":["Deadly Poison+1","Dodge and Roll"],"picked":"Blade Dance+1","floor":36.0},{"not_picked":["Cloak And Dagger","Underhanded Strike"],"picked":"Infinite Blades","floor":38.0},{"not_picked":["Slice","Skewer+1","Caltrops"],"picked":"SKIP","floor":40.0},{"not_picked":["Distraction","Flechettes"],"picked":"Escape Plan","floor":42.0},{"not_picked":["Skewer","Blade Dance","Tactician+1"],"picked":"SKIP","floor":44.0},{"not_picked":["Sucker Punch","Deflect"],"picked":"Backflip","floor":45.0},{"not_picked":["Dagger Throw","Leg Sweep"],"picked":"Envenom","floor":48}],"player_experience":65013,"relics_obtained":[{"floor":7.0,"key":"Thread and Needle"},{"floor":9.0,"key":"Pear"},{"floor":10.0,"key":"Juzu Bracelet"},{"floor":12.0,"key":"Sundial"},{"floor":14.0,"key":"Nunchaku"},{"floor":17.0,"key":"Lantern"},{"floor":17.0,"key":"Eternal Feather"},{"floor":17.0,"key":"Bird Faced Urn"},{"floor":20.0,"key":"Enchiridion"},{"floor":23.0,"key":"Bag of Preparation"},{"floor":25.0,"key":"MealTicket"},{"floor":26.0,"key":"Pantograph"},{"floor":40.0,"key":"Snake Skull"},{"floor":42.0,"key":"Bottled Lightning"},{"floor":45.0,"key":"Ornamental Fan"},{"floor":48,"key":"Smiling Mask"}],"event_choices":[{"damage_healed":0.0,"max_hp_gain":0.0,"max_hp_loss":0.0,"gold_gain":0.0,"cards_transformed":["Strike_G"],"event_name":"Living Wall","player_choice":"Change","floor":3.0,"gold_loss":0.0,"damage_taken":0.0,"cards_obtained":["Grand Finale"]},{"damage_healed":0.0,"max_hp_gain":0.0,"max_hp_loss":0.0,"gold_gain":0.0,"cards_transformed":["Grand Finale"],"event_name":"Transmorgrifier","player_choice":"Transformed","floor":4.0,"gold_loss":0.0,"damage_taken":0.0,"cards_obtained":["Masterful Stab"]},{"damage_healed":0.0,"max_hp_gain":0.0,"max_hp_loss":0.0,"gold_gain":0.0,"event_name":"Cursed Tome","player_choice":"Obtained Book","floor":20.0,"gold_loss":0.0,"damage_taken":16.0},{"damage_healed":0.0,"max_hp_gain":0.0,"max_hp_loss":0.0,"gold_gain":99.0,"event_name":"Nest","player_choice":"Stole From Cult","floor":21.0,"gold_loss":0.0,"damage_taken":0.0},{"damage_healed":0.0,"max_hp_gain":0.0,"max_hp_loss":0.0,"gold_gain":0.0,"event_name":"Vampires","player_choice":"Ignored","floor":29.0,"gold_loss":0.0,"damage_taken":0.0},{"damage_healed":0.0,"max_hp_gain":0.0,"max_hp_loss":0.0,"gold_gain":0.0,"event_name":"Back to Basics","player_choice":"Simplicity","floor":30.0,"gold_loss":0.0,"damage_taken":0.0,"cards_upgraded":["Strike_G","Defend_G","Defend_G","Defend_G","Defend_G"]},{"damage_healed":0.0,"max_hp_gain":0.0,"max_hp_loss":0.0,"gold_gain":0.0,"event_name":"Match and Keep!","player_choice":"2 cards matched","floor":31.0,"gold_loss":0.0,"damage_taken":0.0,"cards_obtained":["Bouncing Flask","Finesse"]},{"damage_healed":0,"gold_gain":0,"player_choice":"1 cards matched","damage_taken":0,"max_hp_gain":0,"max_hp_loss":0,"event_name":"Match and Keep!","floor":46,"gold_loss":0,"cards_obtained":["After Image"]}],"is_beta":false,"boss_relics":[{"not_picked":["Runic Dome","Tiny House"],"picked":"Calling Bell"},{"not_picked":["Busted Crown","HoveringKite"],"picked":"Sozu"}],"items_purged_floors":[13,47],"is_endless":false,"potions_floor_spawned":[2,5,12,14,16,25,28,33,36,42,45],"ascension_level":1}}