{"host":"gxmig9bwvxt5mpcx","time":1608337056,"event":{"mods":["AchievementEnabler","Bard","BaseMod","Beaked The Cultist","Better Match","Better Note","Better Sensory Stone","Better Skull","Block Reminder","CatGirl Mod","Colored Powertips","Conspire","Downfall","Energized Spire","Friendly Minions","Hermit","Highlight Path","Hubris","Minty Spire (QoL Compilation)","Permanent Neow","Replay The Spire","StSLib","The Cursed","The Judge","The Jungle","The Mystic","The Poker Player","The Runesmith","The Servant 0.9.4","The Spell Scribe","TheArtist","TheBandit","TheVacant","Uncapped","vexMod"],"gold_per_floor":[111,111,124,124,124,124,124],"floor_reached":6,"playtime":458,"items_purged":[],"score":34,"play_id":"21c1e691-a408-4923-81bf-8285aeb406d0","local_time":"20201218191736","is_ascension_mode":false,"campfire_choices":[],"circlet_count":0,"master_deck":["theScribe:StarterAttack","theScribe:StarterAttack","theScribe:LightningStrike","theScribe:LightningStrike","theScribe:StarterDefend","theScribe:StarterDefend","theScribe:StarterDefend+1","theScribe:IcyDefend","theScribe:IcyDefend+1","theScribe:StarterModifier","theScribe:LightningBolt+1","theScribe:LightningBolt"],"relics":["theScribe:StarterRelic1","conspire:BottledYoYo","hubris:FruitBowl","Strawberry"],"acts_visited":["Exordium"],"potions_floor_usage":[],"damage_taken":[{"damage":0,"enemies":"Small Slimes","floor":1,"turns":5},{"damage":0,"enemies":"conspire:RoseBush","floor":3,"turns":3},{"damage":0,"enemies":"Lagavulin","floor":6,"turns":5}],"seed_played":"7655313356378769471","potions_obtained":[{"floor":1,"key":"Dexterity Potion"}],"is_trial":false,"path_per_floor":["M","?","M","?","$","E"],"character_chosen":"THE_SCRIBE","items_purchased":["hubris:FruitBowl","Strawberry"],"campfire_rested":0,"item_purchase_floors":[5,5],"current_hp_per_floor":[75,60,60,35,16,16,16],"gold":124,"neow_bonus":"RANDOM_EVENT","is_daily":false,"chose_seed":false,"campfire_upgraded":0,"win_rate":0.0,"timestamp":1608337056,"path_taken":["M","?","M","?","?","E"],"items_purchased_type":["Relic","Relic"],"build_version":"2020-12-13","purchased_purges":0,"victory":false,"max_hp_per_floor":[75,75,75,75,85,85,85],"card_choices":[{"not_picked":["theScribe:PiercingBolts","theScribe:Divination"],"picked":"theScribe:LightningBolt","floor":1},{"not_picked":["theScribe:RecklessResponse","theScribe:IcicleBlast"],"picked":"theScribe:LightningBolt","floor":3}],"player_experience":21002,"relics_obtained":[],"event_choices":[{"damage_healed":0,"gold_gain":0,"player_choice":"Entered Light","damage_taken":15,"max_hp_gain":0,"max_hp_loss":0,"event_name":"Shining Light","floor":2,"gold_loss":0,"cards_upgraded":["theScribe:LightningBolt","theScribe:IcyDefend"]},{"damage_healed":0,"gold_gain":0,"player_choice":"Success","damage_taken":25,"relics_obtained":["conspire:BottledYoYo"],"max_hp_gain":0,"max_hp_loss":0,"event_name":"Scrap Ooze","floor":4,"gold_loss":0}],"is_beta":false,"boss_relics":[],"items_purged_floors":[],"is_endless":false,"potions_floor_spawned":[1],"killed_by":"Lagavulin","ascension_level":0}}