{"host":"x1qj4d8ympd5jdqh","time":1608382811,"event":{"mods":["AchievementEnabler","AlwaysNeverKeys","BaseMod","Colored Map","Custom Start","DeckTracker","Highlight Path","Minty Spire (QoL Compilation)","StSLib","SuperFastMode"],"gold_per_floor":[114,114,114,39,56,83,98,98,98,173,173,202,218,218,218,295,295,313,313,328,28,38,38,38,69,95,115,115,148,148,148],"floor_reached":30,"playtime":823,"items_purged":["Defend_P","Strike_P"],"score":602,"play_id":"6d50b98c-eeef-4f97-954c-406e1cf72950","local_time":"20201219220011","is_ascension_mode":true,"campfire_choices":[{"data":"Eruption","floor":8.0,"key":"SMITH"},{"data":"Adaptation","floor":11.0,"key":"SMITH"},{"data":"CrushJoints","floor":15.0,"key":"SMITH"},{"data":"Scrawl","floor":23,"key":"SMITH"},{"data":"Blasphemy","floor":28,"key":"SMITH"}],"circlet_count":0,"master_deck":["AscendersBane","Strike_P+1","Strike_P+1","Defend_P+1","Defend_P+1","Defend_P+1","Eruption+1","Vigilance+1","Adaptation+1","InnerPeace","CrushJoints+1","FollowUp","Blasphemy+1","Scrawl+1"],"relics":["PureWater","NeowsBlessing","War Paint","Pantograph","Whetstone","Empty Cage","Frozen Egg 2","Damaru","Ancient Tea Set"],"acts_visited":["Exordium","TheCity"],"potions_floor_usage":[16,18,25,27],"damage_taken":[{"damage":0.0,"enemies":"2 Louse","floor":1.0,"turns":1.0},{"damage":0.0,"enemies":"Small Slimes","floor":5.0,"turns":1.0},{"damage":0.0,"enemies":"3 Sentries","floor":6.0,"turns":1.0},{"damage":4.0,"enemies":"Jaw Worm","floor":7.0,"turns":3.0},{"damage":16.0,"enemies":"Gremlin Nob","floor":12.0,"turns":3.0},{"damage":3.0,"enemies":"Exordium Wildlife","floor":13.0,"turns":6.0},{"damage":36,"enemies":"Slime Boss","floor":16,"turns":9},{"damage":9,"enemies":"Shell Parasite","floor":18,"turns":5},{"damage":22,"enemies":"2 Thieves","floor":20,"turns":4},{"damage":0,"enemies":"Cultist and Chosen","floor":22,"turns":3},{"damage":10,"enemies":"Gremlin Leader","floor":25,"turns":4},{"damage":0,"enemies":"Snecko","floor":27,"turns":2},{"damage":28,"enemies":"Book of Stabbing","floor":29,"turns":5},{"damage":100013,"enemies":"3 Cultists","floor":30,"turns":5}],"seed_played":"-9061533589527076176","potions_obtained":[{"floor":1.0,"key":"SkillPotion"},{"floor":5.0,"key":"BlessingOfTheForge"},{"floor":12.0,"key":"BottledMiracle"},{"floor":16,"key":"EssenceOfSteel"},{"floor":18,"key":"Energy Potion"},{"floor":22,"key":"SkillPotion"},{"floor":25,"key":"Ancient Potion"},{"floor":27,"key":"Fruit Juice"}],"is_trial":false,"path_per_floor":["M","?","?","$","M","E","M","R","T","?","R","E","M","?","R","B",null,"M","?","M","$","M","R","?","E","T","M","R","E","M"],"character_chosen":"WATCHER","items_purchased":["Scrawl","FairyPotion"],"campfire_rested":0,"item_purchase_floors":[21,21],"current_hp_per_floor":[61,66,44,44,44,44,40,40,40,29,29,13,10,28,28,17,57,48,48,26,26,26,26,26,16,16,21,21,15,0,0],"gold":148,"neow_bonus":"THREE_ENEMY_KILL","is_daily":false,"chose_seed":false,"campfire_upgraded":5,"win_rate":0.0,"timestamp":1608382811,"path_taken":["M","?","?","$","M","E","M","R","T","?","R","E","M","?","R","BOSS","M","?","M","$","M","R","?","E","T","M","R","E","M"],"items_purchased_type":["Card","Potion"],"build_version":"2020-12-13","purchased_purges":2,"victory":false,"max_hp_per_floor":[68,73,73,73,73,73,73,73,73,73,73,73,73,73,73,73,70,70,70,70,70,70,70,70,70,70,75,75,75,75,75],"card_choices":[{"not_picked":["Sanctity","CutThroughFate","FlurryOfBlows"],"picked":"SKIP","floor":1.0},{"not_picked":["Evaluate","Crescendo","SashWhip"],"picked":"SKIP","floor":5.0},{"not_picked":["LikeWater","JustLucky"],"picked":"Adaptation","floor":6.0},{"not_picked":["BowlingBash","WaveOfTheHand"],"picked":"InnerPeace","floor":7.0},{"not_picked":["Prostrate","WreathOfFlame"],"picked":"CrushJoints","floor":12.0},{"not_picked":["Protect","Meditate"],"picked":"FollowUp","floor":13.0},{"not_picked":["SpiritShield","LessonLearned"],"picked":"Blasphemy","floor":16},{"not_picked":["Consecrate","Worship","BowlingBash"],"picked":"SKIP","floor":18},{"not_picked":["JustLucky","FollowUp","Weave"],"picked":"SKIP","floor":20},{"not_picked":["Meditate","Worship","FlyingSleeves"],"picked":"SKIP","floor":22},{"not_picked":["CarveReality","CrushJoints+1","FollowUp"],"picked":"SKIP","floor":25},{"not_picked":["BattleHymn+1","Crescendo","Halt+1"],"picked":"SKIP","floor":27},{"not_picked":["JustLucky","Collect+1","ThirdEye+1"],"picked":"SKIP","floor":29}],"player_experience":1243803,"relics_obtained":[{"floor":6.0,"key":"War Paint"},{"floor":9.0,"key":"Pantograph"},{"floor":12.0,"key":"Whetstone"},{"floor":25,"key":"Frozen Egg 2"},{"floor":26,"key":"Damaru"},{"floor":29,"key":"Ancient Tea Set"}],"event_choices":[{"damage_healed":0.0,"max_hp_gain":5.0,"max_hp_loss":0.0,"gold_gain":0.0,"event_name":"Big Fish","player_choice":"Donut","floor":2.0,"gold_loss":0.0,"damage_taken":0.0},{"damage_healed":0.0,"max_hp_gain":0.0,"max_hp_loss":0.0,"gold_gain":0.0,"event_name":"Shining Light","player_choice":"Entered Light","floor":3.0,"gold_loss":0.0,"damage_taken":22.0,"cards_upgraded":["Defend_P","Defend_P"]},{"damage_healed":0.0,"max_hp_gain":0.0,"max_hp_loss":0.0,"gold_gain":75.0,"event_name":"World of Goop","player_choice":"Gather Gold","floor":10.0,"gold_loss":0.0,"damage_taken":11.0},{"damage_healed":18.0,"max_hp_gain":0.0,"max_hp_loss":0.0,"gold_gain":0.0,"event_name":"Mushrooms","player_choice":"Healed and dodged fight","floor":14.0,"gold_loss":0.0,"damage_taken":0.0,"cards_obtained":["Parasite"]},{"damage_healed":0,"gold_gain":0,"player_choice":"Ignored","damage_taken":0,"max_hp_gain":0,"max_hp_loss":0,"event_name":"Cursed Tome","floor":19,"gold_loss":0},{"damage_healed":0,"gold_gain":0,"player_choice":"Ignored","damage_taken":0,"max_hp_gain":0,"max_hp_loss":0,"event_name":"Vampires","floor":24,"gold_loss":0}],"is_beta":false,"boss_relics":[{"not_picked":["Calling Bell","Pandora\u0027s Box"],"picked":"Empty Cage"}],"items_purged_floors":[4,21],"is_endless":false,"potions_floor_spawned":[1,5,12,16,18,22,25,27],"killed_by":"3 Cultists","ascension_level":20}}