{"host":"yo9wwslrag05lh37","time":1608348115,"event":{"mods":["AchievementEnabler","BaseMod","Block Reminder","Colored Map","Colored Powertips","GifTheSpireLib","HexUI Lib","Highlight Path","Minty Spire (QoL Compilation)","Rare Cards Sparkle","Relic Stats","StSLib","everything is the same but u backflip on backflip"],"gold_per_floor":[115,115,115,115,115,158,158,191,236,273,360,395,407,432,444,549,561,596,623,649,682,34,65,65,65,65,65,65,82,82,111,111,188,188,206,221,232,248,81,108,108,128,153,153,188,203,0,19,19,19,19,19],"floor_reached":51,"playtime":2561,"items_purged":["Meteor Strike"],"score":1714,"play_id":"863aff59-afc1-4694-b25c-e908b464fcfd","local_time":"20201219042155","is_ascension_mode":true,"campfire_choices":[{"data":"Dualcast","floor":7.0,"key":"SMITH"},{"data":"Go for the Eyes","floor":13.0,"key":"SMITH"},{"data":"Darkness","floor":15.0,"key":"SMITH"},{"data":"Coolheaded","floor":24.0,"key":"SMITH"},{"data":"Static Discharge","floor":27.0,"key":"SMITH"},{"data":"Fission","floor":32.0,"key":"SMITH"},{"floor":41.0,"key":"RECALL"},{"data":"Biased Cognition","floor":49,"key":"SMITH"}],"circlet_count":0,"master_deck":["AscendersBane","Zap+1","Dualcast+1","Ball Lightning","Compile Driver","Go for the Eyes+1","Darkness+1","Machine Learning","Chaos","Echo Form","Self Repair","Lockon","Fission+1","Static Discharge+1","Coolheaded+1","Gash+1","Glacier","Coolheaded+1","Compile Driver","Conserve Battery","Biased Cognition+1","Cold Snap","Heatsinks","Static Discharge+1","Gash","Gash","Barrage"],"relics":["Cracked Core","NeowsBlessing","White Beast Statue","Bloody Idol","Meat on the Bone","Happy Flower","HornCleat","MawBank","Pandora\u0027s Box","FossilizedHelix","Mummified Hand","Thread and Needle","Pear","Inserter","Bag of Preparation","PreservedInsect","Potion Belt","Bottled Flame","Red Mask"],"acts_visited":["Exordium","TheCity","TheBeyond"],"potions_floor_usage":[46,50],"damage_taken":[{"damage":0.0,"enemies":"Jaw Worm","floor":1.0,"turns":1.0},{"damage":0.0,"enemies":"Gremlin Nob","floor":6.0,"turns":1.0},{"damage":0.0,"enemies":"Lagavulin","floor":8.0,"turns":1.0},{"damage":3.0,"enemies":"Small Slimes","floor":10.0,"turns":2.0},{"damage":6.0,"enemies":"2 Louse","floor":12.0,"turns":2.0},{"damage":6.0,"enemies":"Looter","floor":14.0,"turns":3.0},{"damage":19.0,"enemies":"Hexaghost","floor":16.0,"turns":8.0},{"damage":30.0,"enemies":"Shell Parasite","floor":18.0,"turns":4.0},{"damage":17.0,"enemies":"3 Byrds","floor":19.0,"turns":4.0},{"damage":36.0,"enemies":"Centurion and Healer","floor":20.0,"turns":7.0},{"damage":5.0,"enemies":"Cultist and Chosen","floor":21.0,"turns":5.0},{"damage":26.0,"enemies":"Gremlin Leader","floor":23.0,"turns":5.0},{"damage":0.0,"enemies":"Snecko","floor":29.0,"turns":5.0},{"damage":0.0,"enemies":"Slavers","floor":31.0,"turns":5.0},{"damage":25.0,"enemies":"Collector","floor":33.0,"turns":7.0},{"damage":0.0,"enemies":"3 Darklings","floor":35.0,"turns":3.0},{"damage":0.0,"enemies":"Orb Walker","floor":36.0,"turns":4.0},{"damage":25.0,"enemies":"4 Shapes","floor":37.0,"turns":5.0},{"damage":0.0,"enemies":"Sphere and 2 Shapes","floor":38.0,"turns":5.0},{"damage":0.0,"enemies":"Nemesis","floor":40.0,"turns":7.0},{"damage":0.0,"enemies":"Spire Growth","floor":42.0,"turns":4.0},{"damage":0.0,"enemies":"Giant Head","floor":45.0,"turns":5.0},{"damage":0,"enemies":"Writhing Mass","floor":46,"turns":6},{"damage":0,"enemies":"Transient","floor":48,"turns":6},{"damage":67,"enemies":"Donu and Deca","floor":50,"turns":8},{"damage":48,"enemies":"Awakened One","floor":51,"turns":4}],"seed_played":"-4567311456487223139","potions_obtained":[{"floor":1.0,"key":"Block Potion"},{"floor":6.0,"key":"LiquidBronze"},{"floor":16.0,"key":"SteroidPotion"},{"floor":18.0,"key":"Swift Potion"},{"floor":19.0,"key":"GamblersBrew"},{"floor":21.0,"key":"Strength Potion"},{"floor":23.0,"key":"BlessingOfTheForge"},{"floor":29.0,"key":"GamblersBrew"},{"floor":31.0,"key":"Explosive Potion"},{"floor":33.0,"key":"Fruit Juice"},{"floor":35.0,"key":"Block Potion"},{"floor":36.0,"key":"DistilledChaos"},{"floor":37.0,"key":"SpeedPotion"},{"floor":40.0,"key":"GamblersBrew"},{"floor":42.0,"key":"Fruit Juice"},{"floor":45.0,"key":"Dexterity Potion"},{"floor":46,"key":"SpeedPotion"},{"floor":48,"key":"PowerPotion"}],"is_trial":false,"path_per_floor":["M","?","?","?","T","E","R","E","T","M","?","M","R","M","R","B",null,"M","M","M","M","$","E","R","?","T","R","?","M","?","E","R","B",null,"M","M","M","M","$","E","R","M","T","$","E","M","?","M","R","B","B"],"character_chosen":"DEFECT","items_purchased":["FossilizedHelix","Mummified Hand","Bag of Preparation"],"campfire_rested":0,"item_purchase_floors":[22,22,39],"current_hp_per_floor":[64,38,38,38,38,38,38,38,38,35,24,30,30,36,36,29,55,44,46,29,50,50,43,43,43,43,43,43,55,55,74,74,61,71,79,79,66,78,78,79,79,79,79,79,79,79,79,79,79,38,0,0],"gold":19,"neow_bonus":"THREE_ENEMY_KILL","is_daily":false,"chose_seed":false,"campfire_upgraded":7,"win_rate":0.0,"timestamp":1608348115,"path_taken":["M","?","?","?","?","E","R","E","T","M","?","M","R","M","R","BOSS","M","M","M","M","$","E","R","?","T","R","?","?","?","E","R","BOSS","M","?","M","M","?","E","R","M","T","$","E","M","?","M","R","BOSS","BOSS"],"items_purchased_type":["Relic","Relic","Relic"],"build_version":"2020-12-13","purchased_purges":1,"victory":false,"max_hp_per_floor":[71,71,71,64,64,64,64,64,64,64,64,64,64,64,64,64,64,64,64,64,64,64,64,64,64,64,64,64,64,64,74,74,74,74,79,79,79,79,79,79,79,79,79,79,79,79,79,79,79,79,79,79],"relic_stats":{"Inserter":[28],"Happy Flower":[38],"counters":[26,117],"Mummified Hand":[81],"Bloody Idol":25,"Pandora\u0027s Box":["Chaos","Echo Form","Self Repair","Lockon","Meteor Strike","Fission","Static Discharge","Hologram"],"PreservedInsect":130,"Bag of Preparation":[14],"MawBank":156,"obtain_stats":[{"Potion Belt":43,"Pear":31,"Inserter":34,"NeowsBlessing":0,"Happy Flower":6,"Golden Idol":4,"Thread and Needle":23,"PreservedInsect":40,"Bag of Preparation":39,"MawBank":9,"White Beast Statue":2,"Bottled Flame":45,"HornCleat":8,"Mummified Hand":22,"Bloody Idol":25,"Pandora\u0027s Box":17,"Red Mask":47,"Cracked Core":0,"FossilizedHelix":22,"Meat on the Bone":5},{"Potion Belt":21,"Pear":14,"Inserter":15,"NeowsBlessing":0,"Happy Flower":2,"Golden Idol":1,"Thread and Needle":12,"PreservedInsect":20,"Bag of Preparation":19,"MawBank":3,"White Beast Statue":1,"Bottled Flame":22,"HornCleat":3,"Mummified Hand":11,"Bloody Idol":12,"Pandora\u0027s Box":7,"Red Mask":23,"Cracked Core":0,"FossilizedHelix":11,"Meat on the Bone":1},{"Potion Belt":88,"Pear":53,"Inserter":60,"NeowsBlessing":0,"Happy Flower":2,"Golden Idol":1,"Thread and Needle":43,"PreservedInsect":84,"Bag of Preparation":77,"MawBank":3,"White Beast Statue":1,"Bottled Flame":93,"HornCleat":3,"Mummified Hand":38,"Bloody Idol":43,"Pandora\u0027s Box":18,"Red Mask":99,"Cracked Core":0,"FossilizedHelix":38,"Meat on the Bone":1}],"Meat on the Bone":108},"card_choices":[{"not_picked":["Steam","Beam Cell","Recycle"],"picked":"SKIP","floor":1.0},{"not_picked":["Leap","Go for the Eyes"],"picked":"Ball Lightning","floor":6.0},{"not_picked":["Barrage","Gash"],"picked":"Compile Driver","floor":8.0},{"not_picked":["Rip and Tear","Amplify"],"picked":"Go for the Eyes","floor":10.0},{"not_picked":["Undo","Sweeping Beam","Stack"],"picked":"SKIP","floor":12.0},{"not_picked":["Hologram","Beam Cell"],"picked":"Darkness","floor":14.0},{"not_picked":["Seek","Thunder Strike"],"picked":"Machine Learning","floor":16.0},{"not_picked":["Barrage","Streamline","Rebound"],"picked":"SKIP","floor":18.0},{"not_picked":["Redo","Sweeping Beam+1","Reprogram"],"picked":"SKIP","floor":19.0},{"not_picked":["FTL","Recycle"],"picked":"Coolheaded","floor":20.0},{"not_picked":["Barrage","Recycle"],"picked":"Gash+1","floor":21.0},{"not_picked":["Cold Snap","Turbo"],"picked":"Glacier","floor":23.0},{"not_picked":["Fusion","Amplify"],"picked":"Compile Driver","floor":29.0},{"not_picked":["Skim","Streamline"],"picked":"Conserve Battery","floor":31.0},{"not_picked":["Fission","Hyperbeam"],"picked":"Biased Cognition","floor":33.0},{"not_picked":["Darkness","Stack+1","BootSequence"],"picked":"SKIP","floor":35.0},{"not_picked":["Stack+1","Go for the Eyes","Conserve Battery"],"picked":"SKIP","floor":36.0},{"not_picked":["Fission","Streamline+1"],"picked":"Cold Snap","floor":37.0},{"not_picked":["Turbo","Stack","Lockon"],"picked":"SKIP","floor":38.0},{"not_picked":["Barrage","Leap"],"picked":"Heatsinks","floor":40.0},{"not_picked":["Hologram","Steam"],"picked":"Static Discharge+1","floor":42.0},{"not_picked":["Hyperbeam","Sweeping Beam"],"picked":"Gash","floor":45.0},{"not_picked":["Ball Lightning","Steam"],"picked":"Gash","floor":46},{"not_picked":["Rebound","Barrage","Static Discharge"],"picked":"SKIP","floor":48},{"not_picked":["Rebound","Static Discharge"],"picked":"Barrage","floor":48}],"player_experience":1333195,"relics_obtained":[{"floor":5.0,"key":"Meat on the Bone"},{"floor":6.0,"key":"Happy Flower"},{"floor":8.0,"key":"HornCleat"},{"floor":9.0,"key":"MawBank"},{"floor":23.0,"key":"Thread and Needle"},{"floor":31.0,"key":"Pear"},{"floor":40.0,"key":"PreservedInsect"},{"floor":43.0,"key":"Potion Belt"},{"floor":45.0,"key":"Bottled Flame"}],"event_choices":[{"damage_healed":0.0,"max_hp_gain":0.0,"max_hp_loss":0.0,"gold_gain":0.0,"event_name":"Scrap Ooze","player_choice":"Success","floor":2.0,"gold_loss":0.0,"damage_taken":26.0,"relics_obtained":["White Beast Statue"]},{"damage_healed":0.0,"max_hp_gain":0.0,"max_hp_loss":0.0,"gold_gain":0.0,"event_name":"Living Wall","player_choice":"Grow","floor":3.0,"gold_loss":0.0,"damage_taken":0.0,"cards_upgraded":["Zap"]},{"damage_healed":0.0,"max_hp_gain":0.0,"max_hp_loss":7.0,"gold_gain":0.0,"event_name":"Golden Idol","player_choice":"Lose Max HP","floor":4.0,"gold_loss":0.0,"damage_taken":0.0,"relics_obtained":["Golden Idol"]},{"damage_healed":0.0,"max_hp_gain":0.0,"max_hp_loss":0.0,"gold_gain":75.0,"event_name":"World of Goop","player_choice":"Gather Gold","floor":11.0,"gold_loss":0.0,"damage_taken":11.0},{"damage_healed":0.0,"max_hp_gain":0.0,"max_hp_loss":0.0,"gold_gain":0.0,"event_name":"Forgotten Altar","player_choice":"Gave Idol","floor":25.0,"relics_lost":["Golden Idol"],"gold_loss":0.0,"damage_taken":0.0,"relics_obtained":["Bloody Idol"]},{"damage_healed":0.0,"max_hp_gain":0.0,"max_hp_loss":0.0,"gold_gain":0.0,"event_name":"Duplicator","player_choice":"Copied","floor":28.0,"gold_loss":0.0,"damage_taken":0.0,"cards_obtained":["Coolheaded"]},{"cards_removed":["Hologram"],"damage_healed":0.0,"max_hp_gain":0.0,"max_hp_loss":0.0,"gold_gain":0.0,"event_name":"Wheel of Change","player_choice":"Card Removal","floor":30.0,"gold_loss":0.0,"damage_taken":0.0},{"damage_healed":0,"gold_gain":0,"player_choice":"Paid","damage_taken":0,"relics_obtained":["Red Mask"],"max_hp_gain":0,"max_hp_loss":0,"event_name":"Tomb of Lord Red Mask","floor":47,"gold_loss":203}],"is_beta":false,"boss_relics":[{"not_picked":["Astrolabe","Runic Dome"],"picked":"Pandora\u0027s Box"},{"not_picked":["SlaversCollar","Black Star"],"picked":"Inserter"}],"items_purged_floors":[22],"is_endless":false,"potions_floor_spawned":[1,6,8,10,12,14,16,18,19,20,21,23,29,31,33,35,36,37,38,40,42,45,46,48],"killed_by":"Awakened One","ascension_level":20}}