{"host":"bvkbjljjfzajhda9","time":1608346136,"event":{"mods":["2.2 Compatiblity","AchievementEnabler","Act Like it!","Ascension Reborn","Aspiration","BaseMod","Better Altar","Better Match","Better Note","Better Sensory Stone","Better Silent Start","Better Skull","Better Third Choice","Better-Laid Plans","BetterRewards","CCEM","Colored Powertips","Conspire","Custom Start","Defuse TimeMaze Blight","Downfall","Energized Spire","Friendly Minions","GifTheSpireLib","Gold Saver","HexUI Lib","Hubris","Infinite Spire","Ironclad Rager","Minty Spire (QoL Compilation)","Permanent Neow","Prisma Mod","Relic Filter","Replay The Spire","Shop Mod","Small Relic Pack","Spicy Shops","Spikes Relics","StSLib","Transform Curses"],"gold_per_floor":[2686,2701,2297,2297,2317,2342,2342,2362,2386,2405,2505,2539,2553,2564,2564,2660,2660,2673,2673,2673,2220,2233,2267,2267,2278,2301,2301,1826,1836,1836,1868,1868,2094,2094,2249,2054,2054,2203,2203,2203,2362,2531,2531,2713,2900,2900,3056,3270,3270,3270],"floor_reached":51,"playtime":5334,"items_purged":["Pain","Strike_R","Defend_R","Strike_R","Strike_R","Defend_R"],"score":951,"play_id":"8746307d-9ccb-4dbe-b921-6d9eced89d97","local_time":"20201219034856","daily_mods":["Heirloom"],"is_ascension_mode":true,"campfire_choices":[{"data":"Entrench","floor":7,"key":"SMITH"},{"data":"Strike_R","floor":15,"key":"PURGE"},{"data":"Fiend Fire","floor":27,"key":"SMITH"},{"data":"Shrug It Off","floor":30,"key":"SMITH"},{"data":"ICR:VitalStrike","floor":32,"key":"SMITH"},{"data":"Sword Boomerang","floor":40,"key":"SMITH"},{"data":"Shrug It Off","floor":49,"key":"SMITH"}],"circlet_count":0,"master_deck":["Defend_R","Defend_R","Bash","ReplayTheSpireMod:Muscle Training","Twin Strike","ICR:Frenzy","Shrug It Off+1","Entrench+1","Pummel","Battle Trance","Intimidate","Fiend Fire+1","Whirlwind+1","Shrug It Off+1","Shrug It Off","Heavy Blade+1","ReplayTheSpireMod:Muscle Training","Metallicize","ReplayTheSpireMod:Strike From Hell","Sword Boomerang","Sword Boomerang+1","Disarm","hubris:DuctTapeCard"],"relics":["Burning Blood","Question Card","Anchor","Smiling Mask","Pear","Sandwich","NlothsMask","Quantum Egg","MerchantsRug","infinitespire:ShieldingShard","Strawberry","Prayer Wheel","Guardian:PocketSentry","infinitespire:EvilPickle","Akabeko","TungstenRod","aspiration:FrozenJewel"],"acts_visited":["Exordium","TheCity","TheBeyond"],"potions_floor_usage":[6,12,16,18,23,31,33,48,50],"damage_taken":[{"damage":8,"enemies":"Jaw Worm","floor":1,"turns":4},{"damage":2,"enemies":"Cultist","floor":2,"turns":3},{"damage":7,"enemies":"conspire:RoseBush","floor":5,"turns":2},{"damage":19,"enemies":"3 Sentries","floor":6,"turns":8},{"damage":14,"enemies":"conspire:2 RoseBushes","floor":8,"turns":4},{"damage":1,"enemies":"Exordium Wildlife","floor":10,"turns":3},{"damage":23,"enemies":"Lagavulin","floor":12,"turns":7},{"damage":3,"enemies":"Blue Slaver","floor":13,"turns":3},{"damage":4,"enemies":"2 Fungi Beasts","floor":14,"turns":4},{"damage":31,"enemies":"The Guardian","floor":16,"turns":10},{"damage":23,"enemies":"conspire:FuzzyDice","floor":18,"turns":4},{"damage":3,"enemies":"Shell Parasite","floor":22,"turns":3},{"damage":18,"enemies":"conspire:SneckoGhost","floor":23,"turns":4},{"damage":23,"enemies":"3 Cultists","floor":25,"turns":5},{"damage":20,"enemies":"Snake Plant","floor":29,"turns":3},{"damage":0,"enemies":"Gremlin Leader","floor":31,"turns":4},{"damage":10,"enemies":"Pondfish","floor":33,"turns":9},{"damage":15,"enemies":"3 Darklings","floor":35,"turns":4},{"damage":0,"enemies":"3 Shapes","floor":38,"turns":2},{"damage":0,"enemies":"Sphere and 2 Shapes","floor":41,"turns":3},{"damage":0,"enemies":"Spire Growth","floor":42,"turns":3},{"damage":0,"enemies":"Transient","floor":44,"turns":5},{"damage":0,"enemies":"4 Shapes","floor":45,"turns":2},{"damage":3,"enemies":"Jaw Worm Horde","floor":48,"turns":4},{"damage":10,"enemies":"Time Eater","floor":50,"turns":10}],"seed_played":"2348581163831018279","potions_obtained":[{"floor":4,"key":"BlessingOfTheForge"},{"floor":4,"key":"conspire:TimeTravelPotion"},{"floor":4,"key":"EntropicBrew"},{"floor":8,"key":"Fire Potion"},{"floor":12,"key":"Energy Potion"},{"floor":16,"key":"Regen Potion"},{"floor":18,"key":"Elixir"},{"floor":29,"key":"BloodPotion"},{"floor":31,"key":"Elixir"},{"floor":33,"key":"sneckomod:MuddlingPotion"},{"floor":38,"key":"Block Potion"},{"floor":48,"key":"BlessingOfTheForge"}],"is_trial":true,"path_per_floor":["M","M","$","?","M","E","R","M","T","M","?","E","M","M","R","B",null,"M","?","?","$","M","E","?","M","T","R","$","M","R","E","R","B",null,"M","$","?","M","AVR","R","M","M","T","M","M","?","$","M","R","B",null],"character_chosen":"IRONCLAD","items_purchased":["OrangePellets","Question Card","ICR:Frenzy","Quantum Egg","MerchantsRug","Shrug It Off","CCEMRelics:WrappedPresent","Strawberry","Metallicize","Akabeko","aspiration:FrozenJewel"],"campfire_rested":0,"item_purchase_floors":[3,3,3,21,21,21,28,28,28,36,47],"current_hp_per_floor":[78,80,80,80,79,66,66,58,58,63,63,56,59,61,61,36,90,90,90,90,90,90,81,81,64,64,64,81,67,67,93,93,89,102,93,93,93,99,99,99,102,102,102,102,102,102,102,102,102,98],"gold":3270,"neow_bonus":"","is_daily":false,"chose_seed":false,"campfire_upgraded":6,"win_rate":0.0,"timestamp":1608346136,"path_taken":["M","M","$","?","M","E","R","M","T","?","?","E","M","?","R","BOSS","M","?","?","$","M","E","?","M","T","R","$","M","R","E","R","BOSS","M","$","?","M","AVR","R","M","M","T","M","M","?","$","M","R","BOSS"],"items_purchased_type":["Relic","Relic","Card","Relic","Relic","Card","Relic","Relic","Card","Relic","Relic"],"build_version":"2020-12-13","purchased_purges":6,"victory":true,"max_hp_per_floor":[80,80,80,80,80,80,80,80,80,80,80,90,90,90,90,90,90,90,90,90,90,90,90,90,90,90,90,102,102,102,102,102,102,102,102,102,102,102,102,102,102,102,102,102,102,102,102,102,102,102],"card_choices":[{"not_picked":["Second Wind","Heavy Blade"],"picked":"ReplayTheSpireMod:Muscle Training","floor":1},{"not_picked":["Thunderclap","Rampage"],"picked":"Twin Strike","floor":2},{"not_picked":["Rage","ReplayTheSpireMod:Muscle Training","Twin Strike"],"picked":"Shrug It Off","floor":5},{"not_picked":["Clothesline","Perfected Strike","Twin Strike"],"picked":"Entrench","floor":6},{"not_picked":["Flex","Sever Soul","Burning Pact"],"picked":"Pummel","floor":8},{"not_picked":["Clash","Dropkick","Thunderclap","Rampage"],"picked":"SKIP","floor":10},{"not_picked":["Iron Wave","hubris:ReadiedAction","Reaper"],"picked":"Battle Trance","floor":12},{"not_picked":["Cleave","Clothesline","Anger","Havoc"],"picked":"SKIP","floor":13},{"not_picked":["Hemokinesis","Cleave","Clash"],"picked":"Intimidate","floor":14},{"not_picked":["Eclipse","conspire:HitWhereItHurts","Exhume"],"picked":"Fiend Fire","floor":16},{"not_picked":["Twin Strike","ICR:PowerAttack","Inflame+1"],"picked":"Whirlwind+1","floor":18},{"not_picked":["Carnage","Burning Pact","ReplayTheSpireMod:Stacked+1"],"picked":"Heavy Blade+1","floor":22},{"not_picked":["Havoc","Wild Strike","Searing Blow+1","Entrench"],"picked":"SKIP","floor":23},{"not_picked":["Flex","ReplayTheSpireMod:Muscle Training","Shrug It Off","Defy Death"],"picked":"SKIP","floor":25},{"not_picked":["Clash","Cleave","Shrug It Off"],"picked":"ICR:VitalStrike","floor":29},{"not_picked":["Shrug It Off","Warcry","Uppercut+1"],"picked":"ReplayTheSpireMod:Strike From Hell","floor":29},{"not_picked":["Clothesline","ReplayTheSpireMod:Corrosion Curse","Infernal Blade","Second Wind"],"picked":"SKIP","floor":31},{"not_picked":["ReplayTheSpireMod:Strike From Hell","Clash+1","Seeing Red"],"picked":"Sword Boomerang","floor":35},{"not_picked":["Flex","Cleave+1","Anger"],"picked":"Sword Boomerang","floor":35},{"not_picked":["Cleave","True Grit+1","Battle Trance","Clash"],"picked":"SKIP","floor":38},{"not_picked":["Replay:Undeath\u0027s Touch+1","Dual Wield","hubris:CleavingFinish","infinitespire:OneForAll"],"picked":"SKIP","floor":38},{"not_picked":["hubris:ReadiedAction","Armaments","Second Wind"],"picked":"Disarm","floor":41},{"not_picked":["Defy Death","Abandon","Clash+1","Flex"],"picked":"SKIP","floor":41},{"not_picked":["Cleave","ReplayTheSpireMod:Strike From Hell+1","Perfected Strike"],"picked":"Double Tap","floor":42},{"not_picked":["Fire Breathing","Thunderclap+1","Entrench+1","Flame Barrier"],"picked":"SKIP","floor":42},{"not_picked":["Body Slam+1","Armaments","Reckless Charge+1","Wild Strike"],"picked":"SKIP","floor":44},{"not_picked":["Flex","True Grit+1","Heavy Blade","hubris:SharpeningStone"],"picked":"SKIP","floor":44},{"not_picked":["ReplayTheSpireMod:Strike From Hell","Abandon+1","Clash+1","Power Through"],"picked":"SKIP","floor":45},{"not_picked":["Anger+1","Sword Boomerang","infinitespire:OneForAll","Warcry+1"],"picked":"SKIP","floor":45},{"not_picked":["Heavy Blade+1","Reckless Charge+1","Disarm","Pummel"],"picked":"SKIP","floor":48},{"not_picked":["Life Link+1","Sever Soul+1","hubris:ReadiedAction","Eclipse"],"picked":"SKIP","floor":48}],"player_experience":187659,"relics_obtained":[{"floor":6,"key":"Anchor"},{"floor":9,"key":"Smiling Mask"},{"floor":12,"key":"Pear"},{"floor":23,"key":"infinitespire:ShieldingShard"},{"floor":28,"key":"Prayer Wheel"},{"floor":31,"key":"Guardian:PocketSentry"},{"floor":43,"key":"hubris:DuctTape"}],"event_choices":[{"damage_healed":0,"gold_gain":0,"player_choice":"Got Potions","damage_taken":0,"max_hp_gain":0,"max_hp_loss":0,"event_name":"Lab","floor":4,"gold_loss":0},{"damage_healed":0,"gold_gain":100,"player_choice":"Pray","damage_taken":0,"max_hp_gain":0,"max_hp_loss":0,"event_name":"Golden Shrine","floor":11,"gold_loss":0},{"damage_healed":0,"gold_gain":0,"player_choice":"Trade","damage_taken":0,"relics_obtained":["NlothsMask"],"max_hp_gain":0,"max_hp_loss":0,"event_name":"FaceTrader","floor":19,"gold_loss":0},{"cards_removed":["Strike_R"],"damage_healed":0,"gold_gain":0,"player_choice":"Purged","damage_taken":0,"max_hp_gain":0,"max_hp_loss":0,"event_name":"Purifier","floor":20,"gold_loss":0},{"damage_healed":0,"gold_gain":0,"player_choice":"Copied","damage_taken":0,"max_hp_gain":0,"max_hp_loss":0,"event_name":"Duplicator","floor":24,"gold_loss":0,"cards_obtained":["ReplayTheSpireMod:Muscle Training"]},{"damage_healed":0,"gold_gain":0,"player_choice":"Bought 0 Potions","damage_taken":0,"max_hp_gain":0,"max_hp_loss":0,"event_name":"The Woman in Blue","floor":46,"gold_loss":0}],"is_beta":false,"boss_relics":[{"not_picked":["energizedSpire:SpiderWeb","Ectoplasm"],"picked":"Sandwich"},{"not_picked":["aspiration:PoetsPen","aspiration:RandomNobGenerator"],"picked":"Black Star"}],"items_purged_floors":[3,3,21,36,39,47],"is_endless":false,"potions_floor_spawned":[5,8,12,16,18,29,31,33,35,38,44,48],"ascension_level":0}}