{"host":"4qkvkh7pd9qr2mca","time":1608393332,"event":{"mods":["AchievementEnabler","BaseMod","Colored Map","Colored Powertips","Highlight Path","Minty Spire (QoL Compilation)","Permanent Neow","Quick Restart","StSLib","SuperFastMode"],"gold_per_floor":[114,132,9,9,9,9,40,55,81,113,132,132,146,167,167,298,298,298,298],"floor_reached":18,"playtime":354,"items_purged":[],"score":256,"play_id":"a3a41519-9c50-4ce3-84b9-a66750b0dd51","local_time":"20201219165532","is_ascension_mode":true,"campfire_choices":[{"data":"Eruption","floor":6,"key":"SMITH"},{"data":"Collect","floor":15,"key":"SMITH"}],"circlet_count":0,"master_deck":["Eruption+1","Vigilance","EmptyMind","Indignation","CarveReality+1","EmptyBody+1","FlurryOfBlows","Evaluate","FlurryOfBlows","Wallop","Collect+1","Establishment","Pray","Conclude","Wireheading","Conclude","Vengeance","FlyingSleeves","Pray","FlurryOfBlows"],"relics":["PureWater","NeowsBlessing","Potion Belt","Tiny Chest","Blue Candle","Golden Idol","Pandora\u0027s Box"],"acts_visited":["Exordium","TheCity"],"potions_floor_usage":[16],"damage_taken":[{"damage":0,"enemies":"Cultist","floor":1,"turns":1},{"damage":0,"enemies":"Jaw Worm","floor":2,"turns":1},{"damage":0,"enemies":"Lagavulin","floor":7,"turns":1},{"damage":0,"enemies":"Small Slimes","floor":8,"turns":3},{"damage":5,"enemies":"3 Sentries","floor":10,"turns":6},{"damage":0,"enemies":"Blue Slaver","floor":11,"turns":2},{"damage":0,"enemies":"Large Slime","floor":13,"turns":3},{"damage":0,"enemies":"2 Fungi Beasts","floor":14,"turns":2},{"damage":26,"enemies":"Hexaghost","floor":16,"turns":7},{"damage":0,"enemies":"Shell Parasite","floor":18,"turns":1}],"seed_played":"4641072836879071751","potions_obtained":[{"floor":2,"key":"GamblersBrew"},{"floor":8,"key":"FearPotion"},{"floor":10,"key":"PowerPotion"},{"floor":13,"key":"FearPotion"}],"is_trial":false,"path_per_floor":["M","M","$","?","?","R","E","M","T","E","M","?","M","M","R","B",null,"M"],"character_chosen":"WATCHER","items_purchased":["CarveReality","EmptyBody"],"campfire_rested":0,"item_purchase_floors":[3,3],"current_hp_per_floor":[65,65,65,51,56,56,56,56,56,51,51,51,51,51,51,25,60,60,60],"gold":298,"neow_bonus":"THREE_ENEMY_KILL","is_daily":false,"chose_seed":false,"campfire_upgraded":2,"win_rate":0.0,"timestamp":1608393332,"path_taken":["M","?","$","?","?","R","E","M","T","E","M","?","M","M","R","BOSS","M"],"items_purchased_type":["Card","Card"],"build_version":"2020-12-13","purchased_purges":0,"victory":false,"max_hp_per_floor":[72,72,72,72,77,77,77,77,77,77,77,71,71,71,71,71,71,71,71],"card_choices":[{"not_picked":["EmptyFist","ThirdEye"],"picked":"EmptyMind","floor":1},{"not_picked":["ThirdEye","JustLucky"],"picked":"Indignation","floor":2},{"not_picked":["LikeWater","Protect"],"picked":"FlurryOfBlows","floor":7},{"not_picked":["PathToVictory","Weave"],"picked":"Evaluate","floor":8},{"not_picked":["Evaluate","Prostrate","SignatureMove"],"picked":"SKIP","floor":10},{"not_picked":["EmptyBody","Worship"],"picked":"FlurryOfBlows","floor":11},{"not_picked":["EmptyMind","Conclude"],"picked":"Wallop","floor":13},{"not_picked":["ThirdEye","SashWhip"],"picked":"Collect","floor":14},{"not_picked":["Ragnarok","Brilliance"],"picked":"Establishment","floor":16}],"player_experience":448156,"relics_obtained":[{"floor":7,"key":"Potion Belt"},{"floor":9,"key":"Tiny Chest"},{"floor":10,"key":"Blue Candle"}],"event_choices":[{"damage_healed":0,"gold_gain":0,"player_choice":"Entered Light","damage_taken":14,"max_hp_gain":0,"max_hp_loss":0,"event_name":"Shining Light","floor":4,"gold_loss":0,"cards_upgraded":["EmptyBody","CarveReality"]},{"damage_healed":0,"gold_gain":0,"player_choice":"Donut","damage_taken":0,"max_hp_gain":5,"max_hp_loss":0,"event_name":"Big Fish","floor":5,"gold_loss":0},{"damage_healed":0,"gold_gain":0,"player_choice":"Lose Max HP","damage_taken":0,"relics_obtained":["Golden Idol"],"max_hp_gain":0,"max_hp_loss":6,"event_name":"Golden Idol","floor":12,"gold_loss":0}],"is_beta":false,"boss_relics":[{"not_picked":["SacredBark","SlaversCollar"],"picked":"Pandora\u0027s Box"}],"items_purged_floors":[],"is_endless":false,"potions_floor_spawned":[2,8,10,13],"killed_by":"Shell Parasite","ascension_level":6}}