{"host":"q9718omregw4er46","time":1608355970,"event":{"mods":["BaseMod","Bestiary","Colored Powertips","Custom Start","Highlight Path","Minty Spire (QoL Compilation)","Practice Mode","Quick Restart","Relic Stats"],"gold_per_floor":[112,112,123,137,137,137,166,177,177,177,187,214,224,238,238,238,238],"floor_reached":16,"playtime":398,"items_purged":[],"score":271,"play_id":"28aa2876-0441-420a-8ac4-2b42d19f0572","local_time":"20201219103250","is_ascension_mode":true,"campfire_choices":[{"data":"1","floor":6,"key":"LIFT"},{"floor":10,"key":"REST"},{"data":"2","floor":15,"key":"LIFT"}],"circlet_count":0,"master_deck":["AscendersBane","Strike_B","Strike_B","Strike_B+1","Defend_B","Defend_B","Defend_B","Defend_B","Zap","Dualcast","Reboot","Ball Lightning+1","Sunder","Steam","White Noise","Compile Driver"],"relics":["Cracked Core","Girya","Blue Candle","HornCleat","Whetstone"],"acts_visited":["Exordium"],"potions_floor_usage":[7,12,16],"damage_taken":[{"damage":7,"enemies":"Jaw Worm","floor":1,"turns":3},{"damage":0,"enemies":"2 Louse","floor":3,"turns":2},{"damage":1,"enemies":"Cultist","floor":4,"turns":3},{"damage":26,"enemies":"3 Sentries","floor":7,"turns":7},{"damage":4,"enemies":"Exordium Thugs","floor":8,"turns":3},{"damage":0,"enemies":"Blue Slaver","floor":11,"turns":3},{"damage":0,"enemies":"Gremlin Nob","floor":12,"turns":3},{"damage":0,"enemies":"Large Slime","floor":13,"turns":4},{"damage":4,"enemies":"Red Slaver","floor":14,"turns":3},{"damage":24,"enemies":"Hexaghost","floor":16,"turns":7}],"seed_played":"-2440999173022542726","potions_obtained":[{"floor":5,"key":"ColorlessPotion"},{"floor":5,"key":"EssenceOfSteel"},{"floor":8,"key":"FocusPotion"},{"floor":14,"key":"Strength Potion"}],"is_trial":false,"path_per_floor":["M","?","M","M","?","R","E","M","T","R","M","E","M","M","R","B"],"character_chosen":"DEFECT","items_purchased":[],"campfire_rested":1,"item_purchase_floors":[],"current_hp_per_floor":[39,32,32,31,31,31,5,1,1,22,22,22,22,18,18,0,0],"gold":238,"neow_bonus":"ONE_RARE_RELIC","is_daily":false,"chose_seed":false,"campfire_upgraded":0,"win_rate":0.0,"timestamp":1608355970,"path_taken":["M","?","M","M","?","R","E","M","T","R","M","E","?","M","R","BOSS"],"items_purchased_type":[],"build_version":"2020-12-13","purchased_purges":0,"victory":false,"max_hp_per_floor":[71,71,71,71,71,71,71,71,71,71,71,71,71,71,71,71,71],"relic_stats":{"counters":[10,38],"Blue Candle":[0],"Whetstone":["Strike_B","Ball Lightning"],"obtain_stats":[{"Girya":0,"HornCleat":9,"Blue Candle":7,"Whetstone":12,"Cracked Core":0},{"Girya":0,"HornCleat":5,"Blue Candle":4,"Whetstone":7,"Cracked Core":0},{"Girya":0,"HornCleat":18,"Blue Candle":15,"Whetstone":24,"Cracked Core":0}]},"card_choices":[{"not_picked":["Redo","Leap","Coolheaded"],"picked":"SKIP","floor":1},{"not_picked":["Gash","Sweeping Beam"],"picked":"Reboot","floor":3},{"not_picked":["Darkness","Go for the Eyes"],"picked":"Ball Lightning","floor":4},{"not_picked":["Turbo","Hologram"],"picked":"Sunder","floor":7},{"not_picked":["Streamline","Fusion"],"picked":"Steam","floor":8},{"not_picked":["Doom and Gloom","Aggregate"],"picked":"White Noise","floor":11},{"not_picked":["Hologram","Barrage"],"picked":"Compile Driver","floor":12},{"not_picked":["Rip and Tear","Steam","Compile Driver"],"picked":"SKIP","floor":13},{"not_picked":["Sweeping Beam","Steam","Reinforced Body"],"picked":"SKIP","floor":14}],"player_experience":1058040,"relics_obtained":[{"floor":7,"key":"Blue Candle"},{"floor":9,"key":"HornCleat"},{"floor":12,"key":"Whetstone"}],"event_choices":[{"cards_removed":["Strike_B"],"damage_healed":0,"gold_gain":0,"player_choice":"Card Removal","damage_taken":7,"max_hp_gain":0,"max_hp_loss":0,"event_name":"Golden Wing","floor":2,"gold_loss":0},{"damage_healed":0,"gold_gain":0,"player_choice":"Got Potions","damage_taken":0,"max_hp_gain":0,"max_hp_loss":0,"event_name":"Lab","floor":5,"gold_loss":0}],"is_beta":false,"boss_relics":[],"items_purged_floors":[],"is_endless":false,"potions_floor_spawned":[8,11,14],"killed_by":"Hexaghost","ascension_level":19}}