{"host":"1c52r9kaxdyo25eq","time":1608383858,"event":{"mods":["AchievementEnabler","BaseMod","Minty Spire (QoL Compilation)","Rare Cards Sparkle","SuperFastMode","everything is the same but u backflip on backflip"],"gold_per_floor":[111,128,128,139,139,139,159,184,184,197,122,122,102,48,48,141,141,94,94,94,105,5,5,5,5,5],"floor_reached":25,"playtime":526,"items_purged":["Strike_G","Strike_G"],"score":382,"play_id":"c660e3ed-0c24-4182-a5b8-e1efbb93e7e0","local_time":"20201219221738","is_ascension_mode":true,"campfire_choices":[{"data":"Envenom","floor":6,"key":"SMITH"},{"floor":12,"key":"REST"},{"data":"Poisoned Stab","floor":15,"key":"SMITH"},{"data":"Accuracy","floor":23,"key":"SMITH"}],"circlet_count":0,"master_deck":["AscendersBane","Strike_G","Strike_G","Defend_G","Defend_G","Defend_G","Defend_G","Defend_G","Survivor","Neutralize","Envenom+1","Caltrops","Blade Dance","Blade Dance","Cloak And Dagger","Poisoned Stab+1","Phantasmal Killer","Accuracy+1","Prepared"],"relics":["Ring of the Snake","Bloody Idol","Matryoshka","Sozu"],"acts_visited":["Exordium","TheCity"],"potions_floor_usage":[8,16,16],"damage_taken":[{"damage":18.0,"enemies":"Cultist","floor":1.0,"turns":5.0},{"damage":1.0,"enemies":"2 Louse","floor":2.0,"turns":3.0},{"damage":9,"enemies":"Jaw Worm","floor":4,"turns":4},{"damage":18,"enemies":"Large Slime","floor":7,"turns":8},{"damage":1,"enemies":"Exordium Thugs","floor":8,"turns":4},{"damage":7,"enemies":"Looter","floor":10,"turns":4},{"damage":21,"enemies":"The Guardian","floor":16,"turns":8},{"damage":20,"enemies":"2 Thieves","floor":18,"turns":5},{"damage":20,"enemies":"Spheric Guardian","floor":21,"turns":5},{"damage":41,"enemies":"Chosen and Byrds","floor":25,"turns":5}],"seed_played":"1436738154092437901","potions_obtained":[{"floor":2.0,"key":"Explosive Potion"},{"floor":4,"key":"Energy Potion"},{"floor":13,"key":"DistilledChaos"}],"is_trial":false,"path_per_floor":["M","M","?","M","?","R","M","M","T","M","$","R","?","$","R","B",null,"M","?","?","M","$","R","$","M"],"character_chosen":"THE_SILENT","items_purchased":["Poisoned Stab"],"campfire_rested":1,"item_purchase_floors":[14],"current_hp_per_floor":[41,40,40,31,31,31,13,12,12,5,5,23,23,23,23,2,46,26,26,60,45,45,45,45,4,4],"gold":5,"neow_bonus":"ONE_RANDOM_RARE_CARD","is_daily":false,"chose_seed":false,"campfire_upgraded":3,"win_rate":0.0,"timestamp":1608383858,"path_taken":["M","?","?","M","?","R","M","M","T","M","?","R","?","$","R","BOSS","M","?","?","M","$","R","$","M"],"items_purchased_type":["Card"],"build_version":"2020-12-13","purchased_purges":2,"victory":false,"max_hp_per_floor":[66,66,66,66,60,60,60,60,60,60,60,60,60,60,60,60,60,60,60,60,60,60,60,60,60,60],"card_choices":[{"not_picked":["Deflect","Choke"],"picked":"Caltrops","floor":1.0},{"not_picked":["Underhanded Strike","Flying Knee"],"picked":"Blade Dance","floor":2.0},{"not_picked":["PiercingWail","Night Terror","Deflect"],"picked":"SKIP","floor":4},{"not_picked":["Slice","Bane","Masterful Stab"],"picked":"SKIP","floor":7},{"not_picked":["Flechettes","Distraction"],"picked":"Blade Dance","floor":8},{"not_picked":["All Out Attack","Backflip"],"picked":"Cloak And Dagger","floor":10},{"not_picked":["Adrenaline","Grand Finale"],"picked":"Phantasmal Killer","floor":16},{"not_picked":["Noxious Fumes","Bane"],"picked":"Accuracy","floor":18},{"not_picked":["PiercingWail","Poisoned Stab"],"picked":"Prepared","floor":21}],"player_experience":499499,"relics_obtained":[{"floor":9,"key":"Matryoshka"}],"event_choices":[{"cards_removed":["Strike_G"],"damage_healed":0,"gold_gain":0,"player_choice":"Forget","damage_taken":0,"max_hp_gain":0,"max_hp_loss":0,"event_name":"Living Wall","floor":3,"gold_loss":0},{"damage_healed":0,"gold_gain":0,"player_choice":"Lose Max HP","damage_taken":0,"relics_obtained":["Golden Idol"],"max_hp_gain":0,"max_hp_loss":6,"event_name":"Golden Idol","floor":5,"gold_loss":0},{"damage_healed":0,"gold_gain":0,"player_choice":"Bought 1 Potion","damage_taken":0,"max_hp_gain":0,"max_hp_loss":0,"event_name":"The Woman in Blue","floor":13,"gold_loss":0},{"damage_healed":0,"gold_gain":0,"player_choice":"Gave Idol","damage_taken":0,"relics_obtained":["Bloody Idol"],"max_hp_gain":0,"max_hp_loss":0,"event_name":"Forgotten Altar","floor":19,"relics_lost":["Golden Idol"],"gold_loss":0},{"damage_healed":34,"gold_gain":0,"player_choice":"Full Heal","damage_taken":0,"max_hp_gain":0,"max_hp_loss":0,"event_name":"Wheel of Change","floor":20,"gold_loss":0}],"is_beta":false,"boss_relics":[{"not_picked":["SlaversCollar","Philosopher\u0027s Stone"],"picked":"Sozu"}],"items_purged_floors":[11,22],"is_endless":false,"potions_floor_spawned":[2,4,7,18],"killed_by":"Chosen and Byrds","ascension_level":20}}