{"host":"sst22apzgpn07t8v","time":1608383129,"event":{"mods":["Act Like it!","BaseMod","Downfall","Hallownest","HololiveMod","KinomotoSakuraMod(ñÿîVñ{?)","Lobotomy","LobotomyExtend","Minty Spire (QoL Compilation)","Prisma Mod","Replay The Spire","Shop Mod","StSLib","[IsaacMod]à»éTêÎìÉ"],"gold_per_floor":[99,113,178,103,103,120,120,139,158,189,245,420,467,513,558,568,568],"floor_reached":16,"playtime":930,"items_purged":[],"score":104,"play_id":"c3b410b8-5bce-46e0-9e92-7209581872a2","local_time":"20201219210529","is_ascension_mode":false,"campfire_choices":[{"floor":1,"key":"RECALL"},{"data":"SpellCardSeal","floor":4,"key":"SMITH"}],"circlet_count":0,"master_deck":["SakuraCardTheArrow+","ClowCardTheSword","ClowCardTheSword","ClowCardTheSword","ClowCardTheSword+1","ClowCardTheShield","ClowCardTheShield+1","ClowCardTheShield","ClowCardTheShield","SpellCardSeal+1","SpellCardRelease","ClowCardTheWindy+1","Regret","ClowCardTheJump","ClowCardTheMove","ClowCardTheFirey","ClowCardTheGlow","ClowCardTheStorm","Doubt","ClowCardTheFirey","ClowCardTheVoice"],"relics":["KSMOD_SealedBook","KSMOD_SealedWand","HushsDoor","GuppysTail","downfall:HeartBlessingRed","DeathBook","Chaos","Replay:Bandana"],"acts_visited":["Exordium"],"potions_floor_usage":[16,16],"damage_taken":[{"damage":11,"enemies":"Jaw Worm","floor":2,"turns":2},{"damage":0,"enemies":"Cultist","floor":6,"turns":2},{"damage":6,"enemies":"2 Louse","floor":8,"turns":2},{"damage":0,"enemies":"Large Slime","floor":9,"turns":2},{"damage":17,"enemies":"Replay:BlueRogue","floor":10,"turns":4},{"damage":12,"enemies":"3 Louse","floor":13,"turns":3},{"damage":8,"enemies":"Gremlin Gang","floor":14,"turns":3},{"damage":7,"enemies":"Blue Slaver","floor":15,"turns":2},{"damage":1,"enemies":"downfall:Ironclad","floor":16,"turns":1}],"seed_played":"-3434353102059784319","potions_obtained":[{"floor":8,"key":"KSMOD_MagickBottle"},{"floor":9,"key":"KSMOD_MagickBottle"},{"floor":11,"key":"BlessingOfTheForge"}],"is_trial":false,"path_per_floor":["R","M","?","R","?","M","T","M","M","E","?","?","M","M","M","B"],"character_chosen":"KINOMOTOSAKURA","items_purchased":[],"campfire_rested":0,"item_purchase_floors":[],"current_hp_per_floor":[77,66,51,51,51,51,51,45,45,28,28,28,16,8,1,0,0],"gold":568,"neow_bonus":"TEN_PERCENT_HP_BONUS","is_daily":false,"chose_seed":false,"campfire_upgraded":1,"win_rate":0.0,"timestamp":1608383129,"path_taken":["R","M","?","R","?","?","T","?","M","E","?","?","M","M","M","BOSS"],"items_purchased_type":[],"build_version":"2020-12-13","purchased_purges":0,"victory":false,"max_hp_per_floor":[77,77,77,77,77,77,77,77,77,77,77,77,77,77,77,77,77],"card_choices":[{"not_picked":[],"picked":"ChaosCard","floor":0},{"not_picked":["ClowCardTheLight","ClowCardTheLittle"],"picked":"ClowCardTheWindy","floor":2},{"not_picked":["ClowCardTheCloud","ClowCardTheWood"],"picked":"ClowCardTheJump","floor":6},{"not_picked":["Bomb","ClowCardTheWave"],"picked":"ClowCardTheMove","floor":8},{"not_picked":["ClowCardTheMove","ClowCardTheMist"],"picked":"ClowCardTheFirey","floor":9},{"not_picked":["ClowCardTheSand","ClowCardTheFirey"],"picked":"ClowCardTheGlow","floor":10},{"not_picked":["ClowCardTheLoop","ClowCardTheSnow"],"picked":"ClowCardTheStorm","floor":11},{"not_picked":["Bomb","ClowCardTheLibra"],"picked":"ClowCardTheArrow","floor":13},{"not_picked":["ClowCardTheShot","ClowCardTheCloud"],"picked":"ClowCardTheFirey","floor":14},{"not_picked":["ClowCardTheShadow","ClowCardTheEarthy"],"picked":"ClowCardTheVoice","floor":15}],"player_experience":176993,"relics_obtained":[{"floor":7,"key":"DeathBook"},{"floor":10,"key":"Chaos"},{"floor":11,"key":"Replay:Bandana"}],"event_choices":[],"is_beta":false,"boss_relics":[],"items_purged_floors":[],"is_endless":false,"potions_floor_spawned":[8,9],"killed_by":"downfall:Ironclad","ascension_level":0}}