{"host":"j0xplkvqphkjqyt2","time":1608357221,"event":{"mods":["Act Like it!","BaseMod","Library of Ruina","Library of Ruina Extra","Lobotomy","LobotomyExtend","Minty Spire (QoL Compilation)","MostiFishMod","Replay The Spire","RumiaBox-露米娅的神秘盒子","Spicy Shops","StSLib","TestMod","Waifu the Spire","【遗物卡牌】REMEMod"],"gold_per_floor":[-99,-83,-66,334,348,348,386,409,409,409,409,438,453,531,531,643,643,544,558,161,161,175,175,219,219,219,219,219,246,345,384,384,456,456],"floor_reached":33,"playtime":753,"items_purged":["ReplayTheSpireMod:Restless Dread"],"score":481,"play_id":"0adac4f6-b603-474f-8546-e3d1891e641c","local_time":"20201219135341","is_ascension_mode":true,"campfire_choices":[{"data":"Multislash","floor":6.0,"key":"SMITH"},{"data":"Discovery","floor":10.0,"key":"SMITH"},{"data":"Unlock1","floor":15.0,"key":"SMITH"},{"data":"TieShanKao","floor":23.0,"key":"SMITH"},{"data":"REME_FirmDetermination","floor":25.0,"key":"SMITH"},{"data":"InhaleSmoke","floor":32.0,"key":"SMITH"}],"circlet_count":0,"master_deck":["Lamp+3","Discovery+1","ClassAndRespect","FrontalAssault","SparkingSpear","ReplayTheSpireMod:Faulty Equipment","Multislash+1","Unlock1+1","FlashOfSunup","Reload","Multislash","UnforgettableMelody","DevastatingThrash","SilentNight","HighSpeedStabbing","FocusFire","WrathOfTorment","InhaleSmoke+1","Preparation","AsThePrescriptOrders","SunsetBlade","TieShanKao+1","REME_FirmDetermination+1","HandlingWork","ScatteringSlash","EnergyConversion+1","InhaleSmoke+1"],"relics":["PageOfLibrarian","testmod-TestBox","DaveBox","ShadowXiaoBlade","testmod-TheFather","Baka","Question Card","LetterFromLob","Ccalipers","Replay:Baseball","Akabeko","ImportantClient","Pandora\u0027s Box","PageOfQueenBee","Dodecahedron","REME_LimitBreaker","MagicDraw3","Toxic Egg 2","Replay:Bandana"],"acts_visited":["Exordium","TheCity"],"potions_floor_usage":[33],"damage_taken":[{"damage":0.0,"enemies":"Cultist","floor":1.0,"turns":4.0},{"damage":3.0,"enemies":"Jaw Worm","floor":2.0,"turns":2.0},{"damage":0.0,"enemies":"Small Slimes","floor":3.0,"turns":2.0},{"damage":0.0,"enemies":"Exordium Thugs","floor":5.0,"turns":2.0},{"damage":0.0,"enemies":"3 Sentries","floor":7.0,"turns":4.0},{"damage":0.0,"enemies":"Lots of Slimes","floor":8.0,"turns":1.0},{"damage":5.0,"enemies":"Replay:BlueRogue","floor":12.0,"turns":2.0},{"damage":0.0,"enemies":"2 Fungi Beasts","floor":13.0,"turns":1.0},{"damage":4.0,"enemies":"Hexaghost","floor":16.0,"turns":5.0},{"damage":0.0,"enemies":"Spheric Guardian","floor":18.0,"turns":1.0},{"damage":2.0,"enemies":"Chosen","floor":19.0,"turns":2.0},{"damage":0.0,"enemies":"Sentry and Sphere","floor":22.0,"turns":3.0},{"damage":5.0,"enemies":"Slavers","floor":24.0,"turns":3.0},{"damage":7.0,"enemies":"REME_1_Revenger","floor":29.0,"turns":2.0},{"damage":0.0,"enemies":"Centurion and Healer","floor":31.0,"turns":1.0},{"damage":99,"enemies":"RedHoodMercenary","floor":33,"turns":3}],"seed_played":"-4392721115928689133","potions_obtained":[{"floor":2.0,"key":"BlessingOfTheForge"},{"floor":5.0,"key":"Swift Potion"},{"floor":7.0,"key":"Energy Potion"},{"floor":16.0,"key":"Block Potion"},{"floor":24.0,"key":"PowerPotion"}],"is_trial":false,"path_per_floor":["M","M","M","?","M","R","E","M","T","R","M","E","M","T","R","B",null,"M","M","$","?","M","R","E","R","T","$","T","E","?","M","R","B"],"character_chosen":"Librarian","items_purchased":["PageOfQueenBee","Dodecahedron","REME_FirmDetermination"],"campfire_rested":0,"item_purchase_floors":[20,20,20],"current_hp_per_floor":[60,57,57,57,57,57,57,57,57,57,57,52,52,52,52,48,71,71,76,76,76,76,76,62,62,62,62,62,55,55,55,55,0,0],"gold":456,"neow_bonus":"RANDOM_COLORLESS","is_daily":false,"chose_seed":false,"campfire_upgraded":6,"win_rate":0.0,"timestamp":1608357221,"path_taken":["M","?","M","?","M","R","E","M","T","R","M","E","M","?","R","BOSS","M","?","?","?","?","R","E","R","T","$","?","E","?","M","R","BOSS"],"items_purchased_type":["Relic","Relic","Card"],"build_version":"2020-12-13","purchased_purges":1,"victory":false,"max_hp_per_floor":[60,70,70,70,78,78,78,78,78,78,78,78,78,78,78,78,78,78,78,78,78,78,78,62,62,62,62,62,84,84,84,84,84,84],"card_choices":[{"not_picked":["Bandage Up","testmod-PocketStoneCalender"],"picked":"Discovery","floor":0.0},{"not_picked":["AGoldenOpportunity","EnergyShield","WrathOfTorment","SuppressingShot","HighSpeedStabbing","Zzzzzap","TheRedNotes","HandleRequest"],"picked":"ClassAndRespect","floor":1.0},{"not_picked":["RatsGuideToSurvival","DesperateStruggle","FierceOnslaught","WillOfThePrescript","Juggling","Pound","TasteMyFlamingBat","AsThePrescriptOrders","PreemptiveStrike"],"picked":"FrontalAssault","floor":2.0},{"not_picked":["Track","UndertakePrescript","ReadyUp","UnavoidableGaze","HiddenBlade","Leap_lor","AsThePrescriptOrders","LeRegole","ShrineToMusic"],"picked":"SparkingSpear","floor":3.0},{"not_picked":["Diversion","Leap_lor","WillOfThePrescript","FlashingStrike","ForTheFamily","Guardian_lor","HiddenBlade","Slice_lor","UnavoidableGaze"],"picked":"Multislash","floor":5.0},{"not_picked":["NightInTheBackstreets","UpbeatPerformance","UnavoidableGaze","DarkCloud","FlyingSword","Standoff","TasteMyFlamingBat","Reload","MultiHit"],"picked":"Unlock1","floor":7.0},{"not_picked":["Quickness","YourShield","ElectricShock","Pound","DefenseOrder","Mutilate","WillOfThePrescript","StayCalm","StrongStrike"],"picked":"FlashOfSunup","floor":8.0},{"not_picked":["SenseQuarry","Diversion","HighKick","FleetFootsteps","EnergyShield","PreemptiveStrike","Parry","FaintMemories","UnavoidableGaze"],"picked":"Reload","floor":12.0},{"not_picked":["Reload","Tttonst","Riposte","GatherIntel","Creak","ShockingBlow","Endure","Track","SuppressingShot"],"picked":"Multislash","floor":13.0},{"not_picked":["ChargeUp","Commandeering","Tttonst"],"picked":"UnforgettableMelody","floor":16.0},{"not_picked":["Multislash","EnergyBeam","Reload","Parry+1","FlowOfTheSword","BiteOff","EnergyShield","EndlessBattle+1","Struggle+1"],"picked":"SunsetBlade","floor":18.0},{"not_picked":["ShrineToMusic","WillBeTasty","Endure+1","ReadyUp","BackAttack","Bvapour","MultiHit","ForTheFamily","ClassAndRespect+1"],"picked":"TieShanKao","floor":19.0},{"not_picked":["CutIn","Mutilate","Collision+1","UnavoidableGaze","FierceCharge","MultiHit","FrontalAssault","SunsetBlade","EnergyCycle+1","QuickAttack"],"picked":"SKIP","floor":22.0},{"not_picked":["Bvapour","SunsetBlade+1","Diversion+1","StrongStrike","UpbeatPerformance","Cruelty","UnavoidableGaze+1","FocusFire","FendThisOffIfYouCan"],"picked":"EnergyConversion+1","floor":24.0},{"not_picked":["Guardian_lor+1","WillBeTasty","Punishment","PuppetBlockade+1","AlloutWar+1","HandleRequest","Mutilate","ClassAndRespect","ShockingBlow"],"picked":"InhaleSmoke+1","floor":29.0},{"not_picked":["ReadyUp+1","LeRegole+1","QuickAttack","StructuralAnalysis+1","HighKick","NightInTheBackstreets","Overpower","StrongStrike","SomberProcuration+1","BladeWhirl+1"],"picked":"SKIP","floor":31.0}],"player_experience":105108,"relics_obtained":[{"floor":1.0,"key":"Baka"},{"floor":1.0,"key":"Question Card"},{"floor":1.0,"key":"LetterFromLob"},{"floor":7.0,"key":"Ccalipers"},{"floor":9.0,"key":"Replay:Baseball"},{"floor":12.0,"key":"Akabeko"},{"floor":16.0,"key":"ImportantClient"},{"floor":24.0,"key":"REME_LimitBreaker"},{"floor":26.0,"key":"MagicDraw3"},{"floor":28.0,"key":"Toxic Egg 2"},{"floor":29.0,"key":"Replay:Bandana"}],"event_choices":[{"damage_healed":0.0,"max_hp_gain":0.0,"max_hp_loss":0.0,"gold_gain":400.0,"event_name":"恩洛斯的盘子","player_choice":"Sell","floor":4.0,"relics_lost":["REME_ComplimentaryCards"],"gold_loss":0.0,"damage_taken":0.0},{"damage_healed":0.0,"max_hp_gain":0.0,"max_hp_loss":0.0,"gold_gain":0.0,"cards_transformed":["Dodge","Wallop_lor"],"event_name":"Drug Dealer","player_choice":"Became Test Subject","floor":21.0,"gold_loss":0.0,"damage_taken":0.0,"cards_obtained":["HandlingWork","ScatteringSlash"]},{"damage_healed":0.0,"max_hp_gain":0.0,"max_hp_loss":0.0,"gold_gain":99.0,"event_name":"Nest","player_choice":"Stole From Cult","floor":30.0,"gold_loss":0.0,"damage_taken":0.0}],"is_beta":false,"boss_relics":[{"not_picked":["Snecko Eye","testmod-PortableAltar"],"picked":"Pandora\u0027s Box"}],"items_purged_floors":[20],"is_endless":false,"potions_floor_spawned":[2,5,7,8,16,24],"killed_by":"RedHoodMercenary","ascension_level":5}}