{"host":"o3b7ow6d1xe49css","time":1608418591,"event":{"mods":["2.2 Compatiblity","Act Like it!","Aspiration","BaseMod","Bestiary","Better Altar","Better Match","Better Note","Better Sensory Stone","Better Skull","Better Third Choice","Colored Powertips","Conspire","Elementarium","Energized Spire","Force Act Four","GifTheSpireLib","Halation","Hermit","Hubris","Infinite Spire","Lobotomy","Minty Spire (QoL Compilation)","Quick Restart","Replay The Spire","Spicy Shops","Spikes Relics","StSLib","Stuff the Spire","The Blue Laboratory","The Jungle","Wandering Minibosses","vexMod"],"gold_per_floor":[109,125,145,157,157,185,218,249,249,276,276,308,335,367,367,468,568,581,600,610,610,623,653,392,427,427,427,153,179,179,207,207,316,316,349,365,365,365,129,129,175,175,175,238,283,318,318,318,318,327,327,327,5,46,224],"floor_reached":56,"playtime":2644,"items_purged":["Strike_R","Strike_R","Strike_R","Strike_R","Twin Strike"],"score":2480,"play_id":"623134a3-2a47-4610-b10e-0a7b6943ee40","local_time":"20201219135631","daily_mods":["Heirloom","Flight","Elite Swarm"],"is_ascension_mode":true,"campfire_choices":[{"data":"Bash","floor":11,"key":"SMITH"},{"data":"Berserk","floor":15,"key":"SMITH"},{"data":"Brutality","floor":30,"key":"SMITH"},{"floor":32,"key":"RECALL"},{"data":"Flame Barrier","floor":40,"key":"SMITH"},{"data":"Rage","floor":42,"key":"SMITH"},{"data":"Offering","floor":49,"key":"SMITH"},{"data":"Offering","floor":52,"key":"SMITH"}],"circlet_count":0,"master_deck":["Defend_R","Defend_R","Defend_R","Defend_R","Bash+1","Anger","Hemokinesis","Flame Barrier+1","conspire:HitWhereItHurts","Offering+1","Feed","Reaper+1","Berserk+1","conspire:HitWhereItHurts+1","Sword Boomerang+1","Immolate+1","Impervious","Shrug It Off","StuffTheSpire:Slingshot+1","infinitespire:SevenWalls+1","Offering+1","Rage+1","Brutality+1","True Grit+1","Whirlwind+1","Uppercut+1","Juggernaut"],"relics":["Burning Blood","Ring of Chaos","halation:VictoryRuler","CaptainsWheel","Red Skull","Akabeko","Molten Egg 2","infinitespire:Satchel","aspiration:FrozenJewel","conspire:Flyswatter","hubris:CrystalStatue","Replay:Wanted Poster","wanderingMiniBosses:Inkheart","halation:QuantumPhysicsTextbook","halation:TwoAmDonut","PreservedInsect","Turnip","halation:IllGainedPizza","hubris:TerracottaHorce","StuffTheSpire:Barrel","RetroEgg","infinitespire:CheckeredPen","PreservedInsect","conspire:GiftBox","hubris:Towel","infinitespire:Bottled Soul","Bag of Preparation"],"acts_visited":["Exordium","TheCity","TheBeyond","TheEnding"],"potions_floor_usage":[6,7,7,7,7,7,8,12,19,19,20,25,31,33,33,45,55,55],"damage_taken":[{"damage":7,"enemies":"Small Slimes","floor":1,"turns":3},{"damage":8,"enemies":"conspire:RoseBush","floor":2,"turns":6},{"damage":8,"enemies":"Jaw Worm","floor":3,"turns":2},{"damage":8,"enemies":"Gremlin Gang","floor":4,"turns":3},{"damage":2,"enemies":"3 Sentries","floor":6,"turns":4},{"damage":14,"enemies":"Lagavulin","floor":7,"turns":5},{"damage":10,"enemies":"3 Sentries","floor":8,"turns":5},{"damage":9,"enemies":"Lagavulin","floor":10,"turns":4},{"damage":11,"enemies":"3 Sentries","floor":12,"turns":4},{"damage":20,"enemies":"Gremlin Nob","floor":13,"turns":3},{"damage":15,"enemies":"3 Sentries","floor":14,"turns":3},{"damage":5,"enemies":"The Guardian","floor":16,"turns":8},{"damage":6,"enemies":"Shell Parasite","floor":18,"turns":2},{"damage":9,"enemies":"2 Thieves","floor":19,"turns":6},{"damage":18,"enemies":"Snake Plant","floor":20,"turns":2},{"damage":1,"enemies":"conspire:HollyBat","floor":22,"turns":5},{"damage":6,"enemies":"conspire:SneckoGhost","floor":23,"turns":2},{"damage":2,"enemies":"Nightmare","floor":25,"turns":4},{"damage":6,"enemies":"conspire:Head Lice","floor":29,"turns":2},{"damage":0,"enemies":"Gremlin Leader","floor":31,"turns":1},{"damage":7,"enemies":"Automaton","floor":33,"turns":6},{"damage":8,"enemies":"3 Shapes","floor":35,"turns":3},{"damage":12,"enemies":"Orb Walker","floor":36,"turns":1},{"damage":2,"enemies":"R_Hoarder","floor":41,"turns":3},{"damage":10,"enemies":"Nemesis","floor":44,"turns":5},{"damage":9,"enemies":"Nightmare","floor":45,"turns":2},{"damage":15,"enemies":"Giant Head","floor":46,"turns":2},{"damage":15,"enemies":"hubris:GrandSnecko","floor":50,"turns":4},{"damage":32,"enemies":"Shield and Spear","floor":54,"turns":5},{"damage":12,"enemies":"The Heart","floor":55,"turns":5}],"seed_played":"-4398487249756536065","potions_obtained":[{"floor":1,"key":"blueLaboratory:PhilterOfMotion"},{"floor":4,"key":"DistilledChaos"},{"floor":5,"key":"blueLaboratory:LimitlessPotion"},{"floor":5,"key":"EntropicBrew"},{"floor":7,"key":"blueLaboratory:PolymorphPotion"},{"floor":8,"key":"blueLaboratory:BubblePotion"},{"floor":14,"key":"Adrenaline Potion"},{"floor":16,"key":"ColorlessPotion"},{"floor":19,"key":"blueLaboratory:FrostheartPotion"},{"floor":23,"key":"Reflective Coating"},{"floor":29,"key":"GamblersBrew"},{"floor":31,"key":"blueLaboratory:EmptyBottle"},{"floor":33,"key":"Energy Potion"},{"floor":35,"key":"BloodPotion"},{"floor":44,"key":"blueLaboratory:ConflagurationPotion"},{"floor":46,"key":"Regen Potion"},{"floor":54,"key":"Elixir"}],"is_trial":true,"path_per_floor":["M","M","M","M","?","E","E","E","T","E","R","E","E","E","R","B",null,"M","M","M","?","M","E","$","NM","T","AVR","$","E","R","E","R","B",null,"M","M","?","?","$","R","E","R","T","E","NM","E","?","AVR","R","B",null,"R","$","E","B",null],"character_chosen":"IRONCLAD","items_purchased":["Shrug It Off","StuffTheSpire:Slingshot+1","blueLaboratory:FruitPunch","Turnip","Rage","Uppercut+1","infinitespire:Bottled Soul","blueLaboratory:SmithPotion"],"campfire_rested":0,"item_purchase_floors":[24,24,24,28,28,39,53,53],"current_hp_per_floor":[79,77,75,73,73,77,69,65,65,68,68,90,82,95,95,110,110,116,116,104,104,115,121,121,133,133,133,133,145,145,145,145,150,151,149,146,146,146,146,146,157,157,157,159,156,153,153,153,153,156,166,166,166,154,148],"gold":224,"neow_bonus":"","is_daily":false,"chose_seed":false,"campfire_upgraded":7,"win_rate":0.0,"timestamp":1608418591,"path_taken":["M","M","M","M","?","E","E","E","T","E","R","E","E","E","R","BOSS","M","M","?","?","?","E","$","NM","T","AVR","$","E","R","E","R","BOSS","M","M","?","?","$","R","E","R","T","E","NM","E","?","AVR","R","BOSS","R","$","E","BOSS"],"items_purchased_type":["Card","Card","Potion","Relic","Card","Card","Relic","Potion"],"build_version":"2020-12-13","purchased_purges":5,"victory":true,"max_hp_per_floor":[80,80,80,80,80,80,80,80,80,86,86,92,98,104,104,110,110,116,119,119,119,125,131,131,139,139,139,139,145,145,145,145,151,151,151,154,154,154,154,154,157,157,157,163,163,169,169,169,169,169,169,169,169,175,175],"card_choices":[{"not_picked":["ReplayTheSpireMod:Limb From Limb","ReplayTheSpireMod:Muscle Training"],"picked":"Anger","floor":1},{"not_picked":["True Grit","Flex"],"picked":"Hemokinesis","floor":2},{"not_picked":["StuffTheSpire:RockThrow","Seeing Red"],"picked":"Twin Strike","floor":3},{"not_picked":["Ghostly Armor","Heavy Blade"],"picked":"Flame Barrier","floor":4},{"not_picked":["Feed","conspire:Purge"],"picked":"conspire:HitWhereItHurts","floor":6},{"not_picked":["Corruption","Hemogenesis"],"picked":"Offering","floor":7},{"not_picked":["hubris:StunningStrike","Hemogenesis"],"picked":"Feed","floor":8},{"not_picked":["StuffTheSpire:TitanForm","Corruption"],"picked":"Reaper+1","floor":10},{"not_picked":["StuffTheSpire:TitanForm","conspire:Purge"],"picked":"Berserk","floor":12},{"not_picked":["Exhume","Berserk","StuffTheSpire:TitanForm"],"picked":"SKIP","floor":13},{"not_picked":["Juggernaut","Demon Form"],"picked":"conspire:HitWhereItHurts+1","floor":14},{"not_picked":["Dark Embrace","Anger+1","Clothesline+1"],"picked":"SKIP","floor":18},{"not_picked":["Warcry","hubris:ReadiedAction","Flex+1"],"picked":"SKIP","floor":19},{"not_picked":["infinitespire:OneForAll+1","Shrug It Off"],"picked":"Sword Boomerang+1","floor":20},{"not_picked":["ReplayTheSpireMod:Corrosion Curse","Life Link"],"picked":"Immolate+1","floor":22},{"not_picked":["Exhume","Demon Form"],"picked":"Impervious","floor":23},{"not_picked":["infinitespire:Starlight","infinitespire:TheBestDefense"],"picked":"infinitespire:SevenWalls","floor":25},{"not_picked":["Feed+1","Fiend Fire+1"],"picked":"Offering","floor":25},{"not_picked":["Eclipse","Barricade"],"picked":"Brutality","floor":29},{"not_picked":["Impervious","Brutality","Immolate+1"],"picked":"SKIP","floor":31},{"not_picked":["Wild Strike+1","Life Link+1","Armaments"],"picked":"SKIP","floor":35},{"not_picked":["Carnage+1","Perfected Strike+1"],"picked":"True Grit+1","floor":36},{"not_picked":["Feed+1","Exhume","Immolate+1"],"picked":"SKIP","floor":41},{"not_picked":["hubris:StunningStrike+1","Demon Form","Limit Break"],"picked":"SKIP","floor":44},{"not_picked":["conspire:HitWhereItHurts+1","Brutality","Immolate+1"],"picked":"SKIP","floor":45},{"not_picked":["Limit Break","Berserk"],"picked":"Juggernaut","floor":46},{"not_picked":["Berserk","Corruption","Double Tap"],"picked":"SKIP","floor":54}],"player_experience":1755228,"relics_obtained":[{"floor":6,"key":"CaptainsWheel"},{"floor":7,"key":"Red Skull"},{"floor":8,"key":"Akabeko"},{"floor":9,"key":"Molten Egg 2"},{"floor":10,"key":"infinitespire:Satchel"},{"floor":12,"key":"aspiration:FrozenJewel"},{"floor":13,"key":"conspire:Flyswatter"},{"floor":14,"key":"hubris:CrystalStatue"},{"floor":19,"key":"wanderingMiniBosses:Inkheart"},{"floor":23,"key":"halation:QuantumPhysicsTextbook"},{"floor":25,"key":"halation:TwoAmDonut"},{"floor":29,"key":"halation:IllGainedPizza"},{"floor":41,"key":"StuffTheSpire:Barrel"},{"floor":43,"key":"RetroEgg"},{"floor":44,"key":"infinitespire:CheckeredPen"},{"floor":45,"key":"PreservedInsect"},{"floor":46,"key":"conspire:GiftBox"},{"floor":54,"key":"Bag of Preparation"}],"event_choices":[{"damage_healed":0,"gold_gain":0,"player_choice":"Got Potions","damage_taken":0,"max_hp_gain":0,"max_hp_loss":0,"event_name":"Lab","floor":5,"gold_loss":0},{"cards_removed":["Strike_R"],"damage_healed":0,"gold_gain":0,"player_choice":"Give","damage_taken":0,"max_hp_gain":0,"max_hp_loss":0,"event_name":"betterNote:BetterNote","floor":21,"gold_loss":0,"cards_obtained":["Strike_G"]},{"damage_healed":0,"gold_gain":0,"player_choice":"Ignored","damage_taken":0,"max_hp_gain":0,"max_hp_loss":0,"event_name":"Tomb of Lord Red Mask","floor":37,"gold_loss":0}],"is_beta":false,"boss_relics":[{"not_picked":["halation:LoveArrow","halation:SmartPhone"],"picked":"Replay:Wanted Poster"},{"not_picked":["Tiny House","Pandora\u0027s Box"],"picked":"hubris:TerracottaHorce"}],"items_purged_floors":[24,27,28,39,48],"is_endless":true,"potions_floor_spawned":[1,4,7,8,14,16,19,23,29,31,33,35,44,46,54],"ascension_level":10}}