{"host":"4amcrcg6ktw8dbzk","time":1608344754,"event":{"mods":["BaseMod","Dota2Spire","Minty Spire (QoL Compilation)","MostiFishMod","Spicy Shops","StSLib","Waifu the Spire"],"gold_per_floor":[110,110,110,285,5,5,32,48,48,73,73,84,98,48,48,48,48],"floor_reached":16,"playtime":533,"items_purged":["Doubt"],"score":226,"play_id":"c75e6ccc-d319-43a4-a14f-574ea6873831","local_time":"20201219102554","is_ascension_mode":true,"campfire_choices":[{"floor":6,"key":"REST"},{"floor":15,"key":"REST"}],"circlet_count":0,"master_deck":["AscendersBane","Strike_G","Strike_G+1","Strike_G","Defend_G","Defend_G","Defend_G","Defend_G","Defend_G","Survivor","Neutralize+1","Prepared","PiercingWail","Calculated Gamble","Dash","MostiFishMod:Opportunism","Tactician","Poisoned Stab"],"relics":["Ring of the Snake","DaveBox","ChiXiaoBlade","NeowsBlessing","Question Card","OrangePellets","Tiny Chest","Bottled Flame","Pear"],"acts_visited":["Exordium"],"potions_floor_usage":[16],"damage_taken":[{"damage":0.0,"enemies":"2 Louse","floor":1.0,"turns":1.0},{"damage":0,"enemies":"Gremlin Nob","floor":7,"turns":1},{"damage":0,"enemies":"Small Slimes","floor":8,"turns":1},{"damage":39,"enemies":"Lagavulin","floor":10,"turns":10},{"damage":10,"enemies":"Jaw Worm","floor":12,"turns":5},{"damage":8,"enemies":"Large Slime","floor":13,"turns":11},{"damage":37,"enemies":"Slime Boss","floor":16,"turns":9}],"seed_played":"-8705395208452070833","potions_obtained":[{"floor":7,"key":"EssenceOfSteel"},{"floor":8,"key":"Energy Potion"},{"floor":10,"key":"DistilledChaos"}],"is_trial":false,"path_per_floor":["M","?","?","?","$","R","E","M","T","E","?","M","M","?","R","B"],"character_chosen":"THE_SILENT","items_purchased":["OrangePellets","PiercingWail"],"campfire_rested":2,"item_purchase_floors":[5,5],"current_hp_per_floor":[59,46,39,39,39,58,58,58,58,29,34,24,16,16,40,3,3],"gold":48,"neow_bonus":"THREE_ENEMY_KILL","is_daily":false,"chose_seed":false,"campfire_upgraded":0,"win_rate":0.0,"timestamp":1608344754,"path_taken":["M","?","?","?","?","R","E","M","T","E","?","M","M","?","R","BOSS"],"items_purchased_type":["Relic","Card"],"build_version":"2020-12-13","purchased_purges":1,"victory":false,"max_hp_per_floor":[66,66,66,66,66,66,66,66,66,76,81,81,81,81,81,81,81],"card_choices":[{"not_picked":["Underhanded Strike","Deflect"],"picked":"Prepared","floor":1.0},{"not_picked":["Masterful Stab","Slice","Dagger Spray"],"picked":"Calculated Gamble","floor":7},{"not_picked":["Riddle With Holes","Eviscerate","Quick Slash"],"picked":"Dash","floor":8},{"not_picked":["Dagger Throw","Flying Knee","Poisoned Stab"],"picked":"MostiFishMod:Opportunism","floor":10},{"not_picked":["All Out Attack","Terror","Choke"],"picked":"Tactician","floor":12},{"not_picked":["Choke","Accuracy","Caltrops"],"picked":"Poisoned Stab","floor":13}],"player_experience":268808,"relics_obtained":[{"floor":1.0,"key":"Question Card"},{"floor":7,"key":"Tiny Chest"},{"floor":9,"key":"Bottled Flame"},{"floor":10,"key":"Pear"}],"event_choices":[{"damage_healed":0.0,"max_hp_gain":0.0,"max_hp_loss":0.0,"gold_gain":0.0,"event_name":"Shining Light","player_choice":"Entered Light","floor":2.0,"gold_loss":0.0,"damage_taken":13.0,"cards_upgraded":["Strike_G","Neutralize"]},{"cards_removed":["Strike_G"],"damage_healed":0.0,"max_hp_gain":0.0,"max_hp_loss":0.0,"gold_gain":0.0,"event_name":"Golden Wing","player_choice":"Card Removal","floor":3.0,"gold_loss":0.0,"damage_taken":7.0},{"damage_healed":0.0,"max_hp_gain":0.0,"max_hp_loss":0.0,"gold_gain":175.0,"event_name":"Liars Game","player_choice":"AGREE","floor":4.0,"gold_loss":0.0,"damage_taken":0.0,"cards_obtained":["Doubt"]},{"damage_healed":0,"gold_gain":0,"player_choice":"Donut","damage_taken":0,"max_hp_gain":5,"max_hp_loss":0,"event_name":"Big Fish","floor":11,"gold_loss":0},{"cards_removed":["Strike_G"],"damage_healed":0,"gold_gain":0,"player_choice":"Card Removal","damage_taken":0,"max_hp_gain":0,"max_hp_loss":0,"event_name":"The Cleric","floor":14,"gold_loss":50}],"is_beta":false,"boss_relics":[],"items_purged_floors":[5],"is_endless":false,"potions_floor_spawned":[7,8,10,12],"killed_by":"Slime Boss","ascension_level":14}}