{"host":"ocy7z4248lncoz2b","time":1608341835,"event":{"mods":["BaseMod","Beaked The Cultist","Bestiary","Better Match","Better Sensory Stone","Better Third Choice","BetterRewards","Clockwork Mod","Colored Map","Colored Powertips","Conspire","Curses Come First","Downfall","Friendly Minions","Gremlin Mod","Highlight Path","Hubris","Infinite Spire","Jorbs\u0027s Wanderer Trilogy","Marisa????????","Mimic Mod","Minty Spire (QoL Compilation)","READ ME - Guardian Mod","Rare Cards Sparkle","Replay The Spire","Shop Mod","Spicy Shops","Spikes Relics","StSLib","SuperFastMode","The Administrix","The Alterego","The Blue Laboratory","The Construct","The Jungle","The Servant 0.9.4","The Wild Card","WarShipGirlsR/????R mod"],"gold_per_floor":[99,31,31,31,123,156,156,186,186,234,258,306,332,2,42,46,46],"floor_reached":16,"playtime":888,"items_purged":[],"score":108,"play_id":"77a2b5e6-b8d8-4ac6-b277-dd7965c0e16a","local_time":"20201219103715","is_ascension_mode":false,"campfire_choices":[{"data":"rmod:basicallowance","floor":1,"key":"SMITH"},{"data":"rmod:circuitoustactics","floor":9,"key":"SMITH"}],"circlet_count":0,"master_deck":["rmod:strick","rmod:strick","rmod:strick","rmod:strick","rmod:defend","rmod:defend","rmod:defend","rmod:defend","rmod:basicallowance+1","rmod:maingunfire","rmod:aviationdawn","rmod:generalist","rmod:luckystar","rmod:firesupport","rmod:wolves","Pot Of Greed","Pot Of Greed","rmod:fuelsupply","rmod:circuitoustactics+1","rmod:diaomin","rmod:spoils","rmod:firesupport","rmod:launchingtorpedo","rmod:intelligenceanalysis","Apotheosis","rmod:acesubmarine","rmod:aluminumsupply"],"relics":["rmod:firstchargereward","downfall:HeartsMalice","Replay:Bandana","infinitespire:Satchel","MerchantsRug"],"acts_visited":["Exordium"],"potions_floor_usage":[10,16,16],"damage_taken":[{"damage":0,"enemies":"downfall:FleeingMerchant","floor":2,"turns":1},{"damage":0,"enemies":"2 Louse","floor":3,"turns":1},{"damage":0,"enemies":"Jaw Worm","floor":4,"turns":1},{"damage":7,"enemies":"3 Sentries","floor":6,"turns":5},{"damage":0,"enemies":"infinitespire:Voidling","floor":8,"turns":2},{"damage":14,"enemies":"Lagavulin","floor":10,"turns":5},{"damage":4,"enemies":"Blue Slaver","floor":11,"turns":3},{"damage":5,"enemies":"2 Fungi Beasts","floor":12,"turns":6},{"damage":0,"enemies":"2 Fungi Beasts","floor":13,"turns":3},{"damage":2,"enemies":"downfall:FleeingMerchant","floor":14,"turns":4},{"damage":6,"enemies":"3 Louse","floor":15,"turns":2},{"damage":26,"enemies":"downfall:Defect","floor":16,"turns":4}],"seed_played":"6192550376645602313","potions_obtained":[{"floor":6,"key":"AttackPotion"},{"floor":10,"key":"Weak Potion"},{"floor":11,"key":"Strength Potion"},{"floor":15,"key":"blueLaboratory:Moonshine"}],"is_trial":false,"path_per_floor":["R","$","M","M","?","E","T","M","R","E","M","MIM","M","$","M","B"],"character_chosen":"PRAEFECT","items_purchased":["rmod:generalist","MerchantsRug","Apotheosis","rmod:acesubmarine"],"campfire_rested":0,"item_purchase_floors":[2,14,14,14],"current_hp_per_floor":[75,75,75,75,57,50,50,50,50,36,32,27,27,25,19,0,0],"gold":46,"neow_bonus":"THREE_ENEMY_KILL","is_daily":false,"chose_seed":false,"campfire_upgraded":2,"win_rate":0.0,"timestamp":1608341835,"path_taken":["R","$","M","M","?","E","T","M","R","E","M","?","?","$","M","BOSS"],"items_purchased_type":["Card","Relic","Card","Card"],"build_version":"2020-12-13","purchased_purges":0,"victory":false,"max_hp_per_floor":[75,75,75,75,75,75,75,75,75,75,75,75,75,75,75,75,75],"card_choices":[{"not_picked":["rmod:aluminumsupply","rmod:unsinkable"],"picked":"rmod:aviationdawn","floor":2},{"not_picked":["rmod:tearstotiara","rmod:sl"],"picked":"rmod:luckystar","floor":3},{"not_picked":["rmod:diamondstrike","rmod:fuelsupply"],"picked":"rmod:firesupport","floor":4},{"not_picked":["rmod:fletcher","rmod:supportescort"],"picked":"rmod:wolves","floor":5},{"not_picked":["rmod:luckystar","rmod:victimresponsibility"],"picked":"rmod:fuelsupply","floor":6},{"not_picked":["rmod:timeschanged","rmod:aviationdawn"],"picked":"rmod:circuitoustactics","floor":8},{"not_picked":["rmod:slowdown","rmod:tearstotiara"],"picked":"rmod:diaomin","floor":10},{"not_picked":["rmod:tearstotiara","rmod:generalist"],"picked":"rmod:spoils","floor":11},{"not_picked":["rmod:slowdown","rmod:victimresponsibility"],"picked":"rmod:firesupport","floor":12},{"not_picked":["rmod:diamondstrike","rmod:circuitoustactics"],"picked":"rmod:launchingtorpedo","floor":13},{"not_picked":["rmod:stealaluminum","rmod:unsinkable"],"picked":"rmod:intelligenceanalysis","floor":14},{"not_picked":["rmod:unsinkable","rmod:wolves"],"picked":"rmod:aluminumsupply","floor":15}],"player_experience":265011,"relics_obtained":[{"floor":5,"key":"Anchor"},{"floor":6,"key":"Grinning Jar"},{"floor":7,"key":"Replay:Bandana"},{"floor":10,"key":"Pet Ghost"},{"floor":12,"key":"infinitespire:Satchel"}],"event_choices":[],"is_beta":false,"boss_relics":[],"items_purged_floors":[],"is_endless":false,"potions_floor_spawned":[6,10,11,15],"killed_by":"downfall:Defect","ascension_level":0}}