{"host":"5w5nlj9te6rhm47m","time":1608393367,"event":{"mods":["BaseMod","Downfall","Hermit","Minty Spire (QoL Compilation)","Replay The Spire","Shop Mod","StSLib","The Bug Knight"],"gold_per_floor":[109,109,62,62,62,62,91,91,91,109,120,139,149,149,149,244,244,259,259,259,259,259,259,259,269,269,281,281,293,218,20,20,120,120,136,149,160,160,160,160,175,175,198,215,305,322,22,48,48,48],"floor_reached":51,"playtime":2497,"items_purged":["Pain"],"score":775,"play_id":"84863e3d-a058-42a6-ac2e-54be1fca4c4c","local_time":"20201219235607","is_ascension_mode":false,"campfire_choices":[{"data":"HollowMod:CycloneSlash","floor":6,"key":"SMITH"},{"data":"HollowMod:MonarchWings","floor":8,"key":"SMITH"},{"floor":15,"key":"DIG"},{"floor":23,"key":"REST"},{"floor":28,"key":"REST"},{"floor":32,"key":"DIG"},{"data":"1","floor":40,"key":"LIFT"},{"data":"2","floor":42,"key":"LIFT"},{"data":"3","floor":49,"key":"LIFT"}],"circlet_count":0,"master_deck":["HollowMod:NailStrikeStart+1","HollowMod:NailStrikeStart+1","HollowMod:NailStrikeStart+1","HollowMod:NailStrikeStart+1","HollowMod:QuickDashStart","HollowMod:QuickDashStart","HollowMod:QuickDashStart","HollowMod:QuickDashStart+1","HollowMod:FocusHealStart","HollowMod:PogoStrike","HollowMod:SoulVessel","HollowMod:CycloneSlash+1","HollowMod:MonarchWings+1","HollowMod:GoodIntentions","HollowMod:SoulSplash+1","HollowMod:SharpenedNail","HollowMod:QuirrelsAssistance","HollowMod:GoodIntentions","HollowMod:SoulEater","HollowMod:HornetsHelp","CurseOfTheBell","HollowMod:HeavyBlow","HollowMod:MantisMark+1","Necronomicurse","RitualDagger","HollowMod:PureNailStrike","HollowMod:CycloneSlash+1","HollowMod:QuirrelsAssistance","HollowMod:QuirrelsAssistance","HollowMod:HornetsHelp","HollowMod:HuntersJournal+1","HollowMod:DashSlash+1","HollowMod:BaldurShell","ReplayTheSpireMod:Doomed","Shame","HollowMod:MantisMark+1","HollowMod:MonarchWings+1","HollowMod:CoiledNail+1","HollowMod:DesolateDive+1","HollowMod:NewLastStag"],"relics":["HollowMod:VesselMask","NeowsBlessing","HollowMod:LifeEnderRelic","ReplayTheSpireMod:Ninjato","MealTicket","Replay:Bottled Eggs","Calling Bell","War Paint","Snack Pack","Girya","Necronomicon","WarpedTongs","Matryoshka","TheAbacus","TungstenRod","Cursed Key","Bag of Preparation","Replay:Wax Seal","Kunai","Regal Pillow","Onion Ring"],"acts_visited":["Exordium","TheCity","TheBeyond"],"potions_floor_usage":[16,27,33,37,48],"damage_taken":[{"damage":0,"enemies":"Jaw Worm","floor":1,"turns":1},{"damage":0,"enemies":"3 Sentries","floor":7,"turns":2},{"damage":0,"enemies":"Cultist","floor":10,"turns":1},{"damage":7,"enemies":"Small Slimes","floor":11,"turns":3},{"damage":10,"enemies":"Exordium Thugs","floor":12,"turns":4},{"damage":4,"enemies":"Blue Slaver","floor":13,"turns":4},{"damage":9,"enemies":"Slime Boss","floor":16,"turns":8},{"damage":38,"enemies":"Shell Parasite","floor":18,"turns":7},{"damage":20,"enemies":"Spheric Guardian","floor":25,"turns":5},{"damage":13,"enemies":"Cultist and Chosen","floor":27,"turns":4},{"damage":27,"enemies":"Centurion and Healer","floor":29,"turns":6},{"damage":35,"enemies":"HollowMod:NKGrimm","floor":33,"turns":10},{"damage":2,"enemies":"Orb Walker","floor":35,"turns":4},{"damage":3,"enemies":"3 Shapes","floor":36,"turns":3},{"damage":14,"enemies":"Writhing Mass","floor":37,"turns":6},{"damage":0,"enemies":"Maw","floor":41,"turns":6},{"damage":35,"enemies":"Sphere and 2 Shapes","floor":44,"turns":7},{"damage":1,"enemies":"3 Darklings","floor":46,"turns":3},{"damage":0,"enemies":"Giant Head","floor":48,"turns":5},{"damage":34,"enemies":"Time Eater","floor":50,"turns":8}],"seed_played":"2705462765021562453","potions_obtained":[{"floor":10,"key":"Strength Potion"},{"floor":12,"key":"SpeedPotion"},{"floor":13,"key":"FairyPotion"},{"floor":16,"key":"Reflective Coating"},{"floor":18,"key":"Strength Potion"},{"floor":27,"key":"hexamod:EctoCoolerPotion"},{"floor":36,"key":"Energy Potion"},{"floor":41,"key":"Energy Potion"},{"floor":44,"key":"Explosive Potion"}],"is_trial":false,"path_per_floor":["M","?","$","$","T","R","E","R","T","M","M","M","M","?","R","B",null,"M","?","?","?","?","R","?","M","T","M","R","M","$","$","R","B",null,"M","M","M","?","?","R","M","R","T","M","?","M","?","E","R","B",null],"character_chosen":"THE_BUGKNIGHT","items_purchased":["HollowMod:CycloneSlash","HollowMod:QuirrelsAssistance","TheAbacus"],"campfire_rested":2,"item_purchase_floors":[3,31,31],"current_hp_per_floor":[75,75,75,75,75,75,75,75,75,75,74,64,60,60,60,57,75,41,41,25,19,19,41,41,25,25,14,36,15,30,45,45,24,75,73,72,67,67,67,67,75,75,75,50,50,53,53,63,63,37],"gold":48,"neow_bonus":"THREE_ENEMY_KILL","is_daily":false,"chose_seed":false,"campfire_upgraded":2,"win_rate":0.0,"timestamp":1608393367,"path_taken":["M","?","?","$","?","R","E","R","T","M","M","?","?","?","R","BOSS","M","?","?","?","?","R","?","M","T","?","R","M","?","$","R","BOSS","M","?","M","?","?","R","?","R","T","M","?","M","?","E","R","BOSS"],"items_purchased_type":["Card","Card","Relic"],"build_version":"2020-12-13","purchased_purges":1,"victory":true,"max_hp_per_floor":[75,75,75,75,75,75,75,75,75,75,75,75,75,75,75,75,75,75,75,75,75,75,75,75,75,75,75,75,75,75,75,75,75,75,75,75,75,75,75,75,75,75,75,75,75,75,75,75,75,75],"card_choices":[{"not_picked":["HollowMod:LifebloodCocoon","HollowMod:NewLittleFool"],"picked":"HollowMod:SoulVessel","floor":1},{"not_picked":["HollowMod:FastStrike","HollowMod:SiblingsShadow"],"picked":"HollowMod:MonarchWings","floor":7},{"not_picked":["HollowMod:LifebloodCocoon","HollowMod:MothsMistake"],"picked":"HollowMod:GoodIntentions","floor":10},{"not_picked":["HollowMod:ShadowDash","HollowMod:LifebloodCocoon"],"picked":"HollowMod:SoulSplash","floor":11},{"not_picked":["HollowMod:HeavyBlow","HollowMod:MawleksShell"],"picked":"HollowMod:SharpenedNail","floor":12},{"not_picked":["HollowMod:NewGlowingWomb","HollowMod:CloakDash"],"picked":"HollowMod:QuirrelsAssistance","floor":13},{"not_picked":["HollowMod:ZotesMagnificence","HollowMod:MidwifesHunger"],"picked":"HollowMod:HornetsHelp","floor":16},{"not_picked":["HollowMod:SoulSplash","HollowMod:DoubleDash"],"picked":"HollowMod:HeavyBlow","floor":18},{"not_picked":["HollowMod:TaintedHusks","HollowMod:SiblingsSouls","HollowMod:WraithStrike"],"picked":"SKIP","floor":25},{"not_picked":["HollowMod:MantisMark","HollowMod:SharpenedNail"],"picked":"HollowMod:PureNailStrike","floor":27},{"not_picked":["HollowMod:MidwifesHunger","HollowMod:DescendingDark"],"picked":"HollowMod:CycloneSlash+1","floor":29},{"not_picked":["HollowMod:AwokenDreamNail","HollowMod:VoidDash"],"picked":"HollowMod:HornetsHelp","floor":33},{"not_picked":["HollowMod:LifebloodCocoon","HollowMod:InfectedCysts+1"],"picked":"HollowMod:HuntersJournal+1","floor":35},{"not_picked":["HollowMod:NewGlowingWomb","HollowMod:SoulVessel"],"picked":"HollowMod:DashSlash+1","floor":36},{"not_picked":["HollowMod:SharpenedNail","HollowMod:DashSlash+1"],"picked":"HollowMod:BaldurShell","floor":37},{"not_picked":["HollowMod:TaintedHusks","HollowMod:SoulVessel+1","HollowMod:Grubsong+1"],"picked":"SKIP","floor":41},{"not_picked":["HollowMod:InfectedCysts","HollowMod:SoulStrike+1","HollowMod:SoulEater+1"],"picked":"SKIP","floor":44},{"not_picked":["HollowMod:SoulStrike+1","HollowMod:HuntersJournal+1"],"picked":"HollowMod:MantisMark+1","floor":45},{"not_picked":["HollowMod:Grubsong+1","HollowMod:VengefulVoid"],"picked":"HollowMod:MonarchWings+1","floor":45},{"not_picked":["HollowMod:InfectedCysts","HollowMod:HeavyBlow+1"],"picked":"HollowMod:CoiledNail+1","floor":45},{"not_picked":["HollowMod:GreatSlash","HollowMod:NewJinnsSoul"],"picked":"HollowMod:DesolateDive+1","floor":46},{"not_picked":["HollowMod:DoubleDash+1","HollowMod:BaldurShell+1","HollowMod:NewJinnsSoul+1"],"picked":"SKIP","floor":48}],"player_experience":175040,"relics_obtained":[{"floor":5,"key":"HollowMod:LifeEnderRelic"},{"floor":7,"key":"ReplayTheSpireMod:Ninjato"},{"floor":9,"key":"MealTicket"},{"floor":15,"key":"Replay:Bottled Eggs"},{"floor":17,"key":"War Paint"},{"floor":17,"key":"Snack Pack"},{"floor":17,"key":"Girya"},{"floor":20,"key":"Necronomicon"},{"floor":26,"key":"Matryoshka"},{"floor":32,"key":"TungstenRod"},{"floor":43,"key":"Bag of Preparation"},{"floor":43,"key":"Replay:Wax Seal"},{"floor":45,"key":"Kunai"},{"floor":45,"key":"Regal Pillow"},{"floor":48,"key":"Onion Ring"}],"event_choices":[{"damage_healed":0,"gold_gain":0,"player_choice":"Bought 0 Potions","damage_taken":0,"max_hp_gain":0,"max_hp_loss":0,"event_name":"The Woman in Blue","floor":2,"gold_loss":0},{"damage_healed":0,"gold_gain":0,"player_choice":"2 cards matched","damage_taken":0,"max_hp_gain":0,"max_hp_loss":0,"event_name":"Match and Keep!","floor":14,"gold_loss":0,"cards_obtained":["HollowMod:GoodIntentions","HollowMod:SoulEater"]},{"damage_healed":0,"gold_gain":0,"player_choice":"Read","damage_taken":0,"max_hp_gain":0,"max_hp_loss":0,"event_name":"The Library","floor":19,"gold_loss":0,"cards_obtained":["HollowMod:MantisMark"]},{"damage_healed":0,"gold_gain":0,"player_choice":"Obtained Book","damage_taken":16,"max_hp_gain":0,"max_hp_loss":0,"event_name":"Cursed Tome","floor":20,"gold_loss":0},{"damage_healed":0,"gold_gain":0,"player_choice":"Joined the Cult","damage_taken":6,"max_hp_gain":0,"max_hp_loss":0,"event_name":"Nest","floor":21,"gold_loss":0,"cards_obtained":["RitualDagger"]},{"damage_healed":0,"gold_gain":0,"player_choice":"Ignored","damage_taken":0,"max_hp_gain":0,"max_hp_loss":0,"event_name":"Vampires","floor":22,"gold_loss":0},{"damage_healed":0,"gold_gain":0,"player_choice":"Rummage","damage_taken":0,"relics_obtained":["WarpedTongs"],"max_hp_gain":0,"max_hp_loss":0,"event_name":"Accursed Blacksmith","floor":24,"gold_loss":0,"cards_obtained":["Pain"]},{"damage_healed":0,"gold_gain":0,"player_choice":"Ignored","damage_taken":0,"max_hp_gain":0,"max_hp_loss":0,"event_name":"Tomb of Lord Red Mask","floor":38,"gold_loss":0},{"damage_healed":0,"gold_gain":0,"player_choice":"Upgraded","damage_taken":0,"max_hp_gain":0,"max_hp_loss":0,"event_name":"Upgrade Shrine","floor":39,"gold_loss":0,"cards_upgraded":["HollowMod:MantisMark"]}],"is_beta":false,"boss_relics":[{"not_picked":["Runic Pyramid","Honey Jar"],"picked":"Calling Bell"},{"not_picked":["Replay:Bronze Core","Empty Cage"],"picked":"Cursed Key"}],"items_purged_floors":[30],"is_endless":false,"potions_floor_spawned":[10,12,13,16,18,27,36,41,44],"ascension_level":0}}