{"host":"nox","time":1608386384,"event":{"mods":["Aspiration","BaseMod","Better Third Choice","Colored Powertips","Conspire","Hubris","Infinite Spire","Minty Spire (QoL Compilation)","Quick Restart","Rare Cards Sparkle","Replay The Spire","Shop Mod","Spikes Relics","StSLib","SuperFastMode","The Alterego","vexMod"],"gold_per_floor":[113,113,129,129,148,178,178,211,211,211,23,50,50,50,50,154,154,167,179,179,194,208,234,249,249],"floor_reached":24,"playtime":941,"items_purged":["Normality"],"score":331,"play_id":"4836dfeb-3817-40d7-8d01-096fd803b325","local_time":"20201219205944","is_ascension_mode":true,"campfire_choices":[{"data":"Static Discharge","floor":7.0,"key":"SMITH"},{"floor":15.0,"key":"REST"}],"circlet_count":0,"master_deck":["Strike_B","Strike_B","Strike_B","Strike_B","Defend_B+1","Defend_B+1","Defend_B+1","Defend_B+1","Zap+1","Dualcast+1","Static Discharge+1","vexMod:StairwayStrike+1","Gash+1","Gash","Rebound","Beam Cell+1","Go for the Eyes+1","Defragment"],"relics":["ReplayTheSpireMod:Ring of Challenge","ReplayTheSpireMod:Ring of Exchange","infinitespire:WardingShard","Regal Pillow","hubris:Towel","MerchantsRug","hubris:TenFootPole","Orrery","vexMod:BigBerry","Lantern"],"acts_visited":["Exordium","TheCity"],"potions_floor_usage":[24,24],"damage_taken":[{"damage":0.0,"enemies":"Jaw Worm","floor":1.0,"turns":3.0},{"damage":0.0,"enemies":"2 Louse","floor":3.0,"turns":2.0},{"damage":2.0,"enemies":"Small Slimes","floor":5.0,"turns":4.0},{"damage":24.0,"enemies":"3 Sentries","floor":6.0,"turns":7.0},{"damage":13.0,"enemies":"Lagavulin","floor":8.0,"turns":6.0},{"damage":24.0,"enemies":"3 Sentries","floor":12.0,"turns":7.0},{"damage":53.0,"enemies":"Fading Forest","floor":16.0,"turns":11.0},{"damage":2.0,"enemies":"3 Byrds","floor":18.0,"turns":4.0},{"damage":14.0,"enemies":"Chosen","floor":19.0,"turns":4.0},{"damage":7.0,"enemies":"conspire:HollyBat","floor":21.0,"turns":7.0},{"damage":18.0,"enemies":"Snecko","floor":22.0,"turns":4.0},{"damage":43.0,"enemies":"conspire:SneckoGhost","floor":23.0,"turns":5.0},{"damage":31,"enemies":"Sentry and Sphere","floor":24,"turns":5}],"seed_played":"-1434493795324855871","potions_obtained":[{"floor":3.0,"key":"SkillPotion"},{"floor":6.0,"key":"Fire Potion"},{"floor":12.0,"key":"Adrenaline Potion"},{"floor":16.0,"key":"FocusPotion"},{"floor":18.0,"key":"ColorlessPotion"},{"floor":22.0,"key":"Block Potion"}],"is_trial":false,"path_per_floor":["M","?","M","?","M","E","R","E","T","?","$","E","$","?","R","B",null,"M","M","AVR","M","M","E","M"],"character_chosen":"DEFECT","items_purchased":["MerchantsRug","vexMod:StairwayStrike","Gash+1"],"campfire_rested":1,"item_purchase_floors":[11,11,11],"current_hp_per_floor":[75,75,75,75,73,49,49,36,36,36,36,12,12,12,49,4,75,73,59,89,82,64,21,0,0],"gold":249,"neow_bonus":"BOSS_RELIC","is_daily":false,"chose_seed":false,"campfire_upgraded":1,"win_rate":0.0,"timestamp":1608386384,"path_taken":["M","?","M","?","M","E","R","E","T","?","$","E","$","?","R","BOSS","M","M","AVR","M","M","E","M"],"items_purchased_type":["Relic","Card","Card"],"build_version":"2020-11-17","purchased_purges":1,"victory":false,"max_hp_per_floor":[75,75,75,75,75,75,75,75,75,75,75,75,75,75,75,75,75,75,75,105,105,105,105,105,105],"card_choices":[{"not_picked":["Hologram","Sweeping Beam"],"picked":"Static Discharge","floor":1.0},{"not_picked":["Reinforced Body","Streamline","Sweeping Beam"],"picked":"SKIP","floor":3.0},{"not_picked":["Auto Shields","Aggregate","Beam Cell"],"picked":"SKIP","floor":5.0},{"not_picked":["Hologram","Crystallizer","Beam Cell"],"picked":"SKIP","floor":6.0},{"not_picked":["Core Surge","Ball Lightning","Scrape"],"picked":"SKIP","floor":8.0},{"not_picked":["ReplaySort","Redo","Steam"],"picked":"SKIP","floor":12.0},{"not_picked":["Redo","Steam Power"],"picked":"Gash","floor":17.0},{"not_picked":["Cold Snap","BasicCrystalCard"],"picked":"Rebound","floor":17.0},{"not_picked":["Turbo","Chill"],"picked":"Beam Cell+1","floor":18.0},{"not_picked":["Steam+1","Reboot"],"picked":"Go for the Eyes+1","floor":19.0},{"not_picked":["Rebound+1","Hologram+1"],"picked":"Defragment","floor":21.0},{"not_picked":["conspire:Rain","Compile Driver","Stack"],"picked":"SKIP","floor":22.0},{"not_picked":["Creative AI","Conserve Battery","Redo+1"],"picked":"SKIP","floor":23.0}],"player_experience":199745,"relics_obtained":[{"floor":2.0,"key":"ReplayTheSpireMod:Ring of Challenge"},{"floor":2.0,"key":"ReplayTheSpireMod:Ring of Exchange"},{"floor":6.0,"key":"infinitespire:WardingShard"},{"floor":8.0,"key":"Regal Pillow"},{"floor":9.0,"key":"infinitespire:ShieldingShard"},{"floor":12.0,"key":"hubris:TenFootPole"},{"floor":23.0,"key":"Lantern"}],"event_choices":[{"damage_healed":0.0,"max_hp_gain":0.0,"max_hp_loss":0.0,"gold_gain":0.0,"event_name":"Living Wall","player_choice":"Grow","floor":14.0,"gold_loss":0.0,"damage_taken":0.0,"cards_upgraded":["vexMod:StairwayStrike"]}],"is_beta":true,"boss_relics":[{"not_picked":["Runic Pyramid","hubris:EmptyBottle"],"picked":"Orrery"}],"items_purged_floors":[20],"is_endless":false,"potions_floor_spawned":[3,6,12,16,18,22],"killed_by":"Sentry and Sphere","ascension_level":4}}