{"host":"k88fqnqg39joo1wf","time":1608397467,"event":{"mods":["Act Like it!","BaseMod","Colored Powertips","Highlight Path","Hubris","Infinite Spire","Mimic Mod","Minty Spire (QoL Compilation)","Pale of the Ancients","StSLib","The Necromancer","Wandering Minibosses"],"gold_per_floor":[113,113,10,10,10,37,52,69,69,69,69,81,81,114,114,209,209,221,221,170,220,238,269,286,312,339,339,339,339,184,146,146,250,250,265,265,265,276,276,301,301,301,328,359,459,459,470,497,497,497,515,575,64,64,64,75,75,156,156,156,156],"floor_reached":60,"playtime":3954,"items_purged":[],"score":1063,"play_id":"b7ae09fd-48fc-4171-a829-e337988090ca","local_time":"20201219110427","is_ascension_mode":true,"campfire_choices":[{"data":"Plague_Bolt","floor":13.0,"key":"SMITH"},{"floor":15.0,"key":"RECALL"},{"data":"Cloudkill","floor":27.0,"key":"SMITH"},{"data":"hubris:Fate","floor":32.0,"key":"SMITH"},{"data":"Apotheosis","floor":42.0,"key":"SMITH"},{"data":"Secret Weapon","floor":46.0,"key":"SMITH"},{"data":"Siphon_Strength","floor":49.0,"key":"SMITH"},{"data":"Summon_Death_Knight","floor":55.0,"key":"SMITH"},{"data":"Summon_Vampire_Lady","floor":57,"key":"SMITH"}],"circlet_count":0,"master_deck":["Strike_W+1","Defend_W","Defend_W","Defend_W","Defend_W","Negative_Energy_Arrows","Bone_Wall","Siphon_Strength+1","Plague_Bolt+1","Negative_Energy_Shield","Negative_Energy_Javelin","Spectral_Armor","Life_Drain","Chill_Blood","Chill_Blood","Hellfire","hubris:NaturalOne","Siphon_Strength+1","Negative_Energy_Mist","Spectral_Walk","Cloudkill+1","Siphon_Strength+1","hubris:Fate+1","Necrotic_Claws+1","Negative_Energy_Sphere","Negative_Energy_Javelin","Bone_Prison","Plague_Bolt+1","Summon_Vampire_Lady+1","Summon_Undead+1","hubris:Insight","Apotheosis+1","Secret Weapon+1","Life_Drain","Necrotic_Claws+1","Summon_Death_Knight+1","Blood_Curse+1","Chill_Blood+1","hubris:Rewind","Toxic_Smoke_Screen"],"relics":["Vampire_Amulet","NlothsMask","Torii","hubris:CuriousFeather","hubris:SlimyHat","hubris:Icosahedron","Bag of Marbles","hubris:RunicObelisk","Boot","Anchor","Orrery","HandDrill","Empty Cage","hubris:Towel","PreservedInsect","infinitespire:Satchel","hubris:ToyBattleship","hubris:DeckOfHolding","paleoftheancients:Timepiece","paleoftheancients:KeyRelic","Bronze Scales","CultistMask","paleoftheancients:SoulOfTheWokeBloke","wanderingMiniBosses:ThiefScarf","Whetstone","infinitespire:Eraser","infinitespire:Bottled Soul","WingedGreaves","hubris:TinFlute"],"acts_visited":["Exordium","TheCity","TheBeyond","paleoftheancients:PaleOfTheAncients"],"potions_floor_usage":[60],"damage_taken":[{"damage":2.0,"enemies":"2 Louse","floor":1.0,"turns":3.0},{"damage":27.0,"enemies":"3 Sentries","floor":6.0,"turns":9.0},{"damage":0.0,"enemies":"Cultist","floor":7.0,"turns":3.0},{"damage":1.0,"enemies":"Small Slimes","floor":8.0,"turns":6.0},{"damage":1.0,"enemies":"Looter","floor":12.0,"turns":4.0},{"damage":12.0,"enemies":"Lagavulin","floor":14.0,"turns":7.0},{"damage":11.0,"enemies":"Hexaghost","floor":16.0,"turns":10.0},{"damage":11.0,"enemies":"Spheric Guardian","floor":18.0,"turns":6.0},{"damage":2.0,"enemies":"Chosen","floor":22.0,"turns":4.0},{"damage":25.0,"enemies":"Slavers","floor":23.0,"turns":6.0},{"damage":2.0,"enemies":"Snake Plant","floor":24.0,"turns":5.0},{"damage":9.0,"enemies":"Gremlin Leader","floor":25.0,"turns":6.0},{"damage":6.0,"enemies":"Centurion and Healer","floor":31.0,"turns":8.0},{"damage":19.0,"enemies":"Champ","floor":33.0,"turns":9.0},{"damage":0.0,"enemies":"3 Shapes","floor":35.0,"turns":3.0},{"damage":17.0,"enemies":"infinitespire:Three Voidlings","floor":36.0,"turns":4.0},{"damage":0.0,"enemies":"Orb Walker","floor":38.0,"turns":3.0},{"damage":9.0,"enemies":"Giant Head","floor":40.0,"turns":9.0},{"damage":9.0,"enemies":"Nemesis","floor":44.0,"turns":6.0},{"damage":0.0,"enemies":"Writhing Mass","floor":47.0,"turns":5.0},{"damage":12.0,"enemies":"Giant Head","floor":48.0,"turns":6.0},{"damage":31.0,"enemies":"Time Eater","floor":50.0,"turns":11.0},{"damage":89.0,"enemies":"Time Eater","floor":51.0,"turns":12.0},{"damage":30.0,"enemies":"Time Eater","floor":52.0,"turns":7.0},{"damage":7,"enemies":"Time Eater","floor":56,"turns":6},{"damage":196,"enemies":"paleoftheancients:N","floor":60,"turns":11}],"seed_played":"1898529217038798136","potions_obtained":[{"floor":6.0,"key":"PowerPotion"},{"floor":8.0,"key":"DistilledChaos"},{"floor":12.0,"key":"Weak Potion"},{"floor":25.0,"key":"Swift Potion"},{"floor":51.0,"key":"SpeedPotion"}],"is_trial":false,"path_per_floor":["M","?","$","T","?","E","M","M","T","?","?","M","R","E","R","B",null,"M","?","$","T","M","E","M","E","T","R","?","AVR","$","M","R","B",null,"M","?","?","M","?","E","?","R","T","E","?","R","M","E","R","B","M","M","?","T","R","M","R","T","?","B"],"character_chosen":"NECROMANCER","items_purchased":["Plague_Bolt","Negative_Energy_Shield","Negative_Energy_Mist","HandDrill"],"campfire_rested":0,"item_purchase_floors":[3,3,20,30],"current_hp_per_floor":[75,75,75,75,75,54,56,59,59,59,59,70,70,70,70,71,75,72,72,72,72,75,62,68,69,69,69,69,69,69,73,73,64,75,75,75,65,73,73,75,75,75,75,75,75,75,75,68,68,75,55,62,62,62,62,70,70,70,70,0,0],"gold":156,"neow_bonus":"TRANSFORM_CARD","is_daily":false,"chose_seed":false,"campfire_upgraded":8,"win_rate":0.0,"timestamp":1608397467,"path_taken":["M","?","$","?","?","E","?","M","T","?","?","M","R","E","R","BOSS","M","?","$","?","M","E","?","E","T","R","?","AVR","?","M","R","BOSS","M","?","?","M","?","E","?","R","T","E","?","R","?","E","R","BOSS","M","M","?","T","R","M","R","T","?","BOSS"],"items_purchased_type":["Card","Card","Card","Relic"],"build_version":"2020-12-13","purchased_purges":0,"victory":false,"max_hp_per_floor":[75,75,75,75,75,75,75,75,75,75,75,75,75,75,75,75,75,75,75,75,75,75,75,75,75,75,75,75,75,75,75,75,75,75,75,75,75,75,75,75,75,75,75,75,75,75,75,75,75,75,75,75,75,75,75,75,75,75,75,75,75],"card_choices":[{"not_picked":["Scare","Bone_Spikes"],"picked":"Siphon_Strength","floor":1.0},{"not_picked":["Summon_Undead","Bone_Armor"],"picked":"Negative_Energy_Javelin","floor":6.0},{"not_picked":["Blood_Magic","Vampiric_Strike"],"picked":"Spectral_Armor","floor":7.0},{"not_picked":["Shackles_Of_Pain","Acid_Javelin"],"picked":"Life_Drain","floor":8.0},{"not_picked":["Skeleton_Dragon","Finger_Of_Death"],"picked":"Chill_Blood","floor":12.0},{"not_picked":["Uncharnel","Blood_Curse"],"picked":"Chill_Blood","floor":14.0},{"not_picked":["Reap_The_Weak","Blood_Magic"],"picked":"Hellfire","floor":16.0},{"not_picked":["Whirlwind_of_Bones","Shackles_Of_Pain"],"picked":"Siphon_Strength","floor":18.0},{"not_picked":["Uncharnel","Bone_Shift"],"picked":"Spectral_Walk","floor":22.0},{"not_picked":["Bone_Bullets+1","Finger_Of_Death","Blood_Whip"],"picked":"SKIP","floor":23.0},{"not_picked":["Bone_Shift+1","Bone_Bullets+1","Scare"],"picked":"SKIP","floor":24.0},{"not_picked":["Vampiric_Strike","Bone_Armory+1"],"picked":"Cloudkill","floor":25.0},{"not_picked":["Consume_Illness","Scare"],"picked":"Necrotic_Claws","floor":29.0},{"not_picked":["Necrotic_Claws","Scare"],"picked":"Negative_Energy_Sphere","floor":29.0},{"not_picked":["Death_March_Dance","Finger_Of_Death"],"picked":"Negative_Energy_Javelin","floor":29.0},{"not_picked":["Blood_Shield","Finger_Of_Death"],"picked":"Bone_Prison","floor":29.0},{"not_picked":["Bone_Spikes","Finger_Of_Death"],"picked":"Plague_Bolt+1","floor":31.0},{"not_picked":["Blood_Magic","Detonate_Bones"],"picked":"Summon_Vampire_Lady","floor":33.0},{"not_picked":["Blood_Whip+1","Death_March_Dance"],"picked":"Summon_Undead+1","floor":35.0},{"not_picked":["Good Instincts","Forethought"],"picked":"hubris:Insight","floor":37.0},{"not_picked":["Discovery","Trip"],"picked":"Apotheosis","floor":37.0},{"not_picked":["Secret Technique","Purity"],"picked":"Secret Weapon","floor":37.0},{"not_picked":["Deaths_Shadow","Death_March_Dance+1"],"picked":"Life_Drain","floor":38.0},{"not_picked":["Death_March_Dance","Death_Coil+1"],"picked":"Necrotic_Claws+1","floor":40.0},{"not_picked":["Bone_Armor","Finger_Of_Death+1","Bone_Bullets+1"],"picked":"SKIP","floor":44.0},{"not_picked":["Bone_Armor","Strike_from_Beyond+1","Finger_Of_Death"],"picked":"SKIP","floor":47.0},{"not_picked":["Finger_Of_Death+1","Exploit"],"picked":"Blood_Curse+1","floor":48.0},{"not_picked":["Bone_Spikes+1","Necrotic_Claws"],"picked":"Chill_Blood+1","floor":51.0},{"not_picked":["Whirlwind_of_Bones","Death_Coil+1","Bone_Shift+1"],"picked":"SKIP","floor":52.0},{"not_picked":["infinitespire:FinalStrike","infinitespire:FutureSight"],"picked":"hubris:Rewind","floor":53.0},{"not_picked":["Bone_Armory+1","Bone_Bullets"],"picked":"Toxic_Smoke_Screen","floor":56}],"player_experience":195607,"relics_obtained":[{"floor":6.0,"key":"Torii"},{"floor":9.0,"key":"hubris:CuriousFeather"},{"floor":10.0,"key":"hubris:SlimyHat"},{"floor":14.0,"key":"Bag of Marbles"},{"floor":23.0,"key":"hubris:TenFootPole"},{"floor":25.0,"key":"Boot"},{"floor":26.0,"key":"Anchor"},{"floor":40.0,"key":"PreservedInsect"},{"floor":43.0,"key":"infinitespire:Satchel"},{"floor":44.0,"key":"hubris:ToyBattleship"},{"floor":48.0,"key":"hubris:DeckOfHolding"},{"floor":51.0,"key":"paleoftheancients:SoulOfTheWokeBloke"},{"floor":52.0,"key":"wanderingMiniBosses:ThiefScarf"},{"floor":52.0,"key":"Whetstone"},{"floor":54.0,"key":"infinitespire:Eraser"},{"floor":58,"key":"infinitespire:Bottled Soul"}],"event_choices":[{"damage_healed":0.0,"max_hp_gain":0.0,"max_hp_loss":0.0,"gold_gain":0.0,"event_name":"FaceTrader","player_choice":"Trade","floor":2.0,"gold_loss":0.0,"damage_taken":0.0,"relics_obtained":["NlothsMask"]},{"cards_removed":["Strike_W"],"damage_healed":0.0,"max_hp_gain":0.0,"max_hp_loss":0.0,"gold_gain":0.0,"event_name":"Purifier","player_choice":"Purged","floor":5.0,"gold_loss":0.0,"damage_taken":0.0},{"damage_healed":0.0,"max_hp_gain":0.0,"max_hp_loss":0.0,"gold_gain":0.0,"event_name":"Upgrade Shrine","player_choice":"Upgraded","floor":19.0,"gold_loss":0.0,"damage_taken":0.0,"cards_upgraded":["Siphon_Strength"]},{"damage_healed":0.0,"max_hp_gain":0.0,"max_hp_loss":0.0,"gold_gain":0.0,"event_name":"Duplicator","player_choice":"Copied","floor":28.0,"gold_loss":0.0,"damage_taken":0.0,"cards_obtained":["Siphon_Strength"]},{"damage_healed":0.0,"max_hp_gain":0.0,"max_hp_loss":0.0,"gold_gain":0.0,"event_name":"SensoryStone","player_choice":"Memory 3","floor":37.0,"gold_loss":0.0,"damage_taken":10.0},{"damage_healed":0.0,"max_hp_gain":0.0,"max_hp_loss":0.0,"gold_gain":100.0,"event_name":"Golden Shrine","player_choice":"Pray","floor":45.0,"gold_loss":0.0,"damage_taken":0.0}],"is_beta":false,"boss_relics":[{"not_picked":["Coffee Dripper","Sozu"],"picked":"hubris:RunicObelisk"},{"not_picked":["Velvet Choker","hubris:HollowSoul"],"picked":"Empty Cage"}],"items_purged_floors":[],"is_endless":false,"potions_floor_spawned":[6,8,12,18,25,36,38,40,51],"killed_by":"paleoftheancients:N","ascension_level":1}}