{"host":"zlgdkwtixcfrry6c","time":1608414137,"event":{"mods":["2.2 Compatiblity","BaseMod","Downfall","Minty Spire (QoL Compilation)","READ ME - Guardian Mod","Replay The Spire","StSLib","The Bug Knight","The Construct","The Cursed","The Jungle","The Runesmith"],"gold_per_floor":[112,123,123,140,27,59,59,59,71,94,126,149,173,198,210,327,389,421,233,246,99,99,99,110,110,110,121,121,121,121,121,121,222,222,237,237,247,247,266,266,285,285,332,344,444,456,456,468,468,468],"floor_reached":51,"playtime":5417,"items_purged":["Runesmith:Defend_RS"],"score":553,"play_id":"eda67a74-bdf9-491e-b8ab-36ed033438c2","local_time":"20201219224217","is_ascension_mode":false,"campfire_choices":[{"floor":7,"key":"REST"},{"floor":15,"key":"REST"},{"floor":23,"key":"REST"},{"data":"Runesmith:FieryHammer+1","floor":25,"key":"SMITH"},{"floor":28,"key":"REST"},{"floor":32,"key":"DIG"},{"floor":40,"key":"REST"},{"floor":42,"key":"REST"},{"floor":47,"key":"REST"},{"floor":49,"key":"REST"}],"circlet_count":0,"master_deck":["Runesmith:Strike_RS","Runesmith:Strike_RS","Runesmith:Strike_RS","Runesmith:Strike_RS","Runesmith:CraftFirestone","Runesmith:Fortify","Runesmith:MakeshiftArmor","Runesmith:EnergizedChisel","Runesmith:HammerThrow","Runesmith:Firestorm","Runesmith:RuneHurl+1","Runesmith:HeatExchange","Runesmith:FieryHammer+2","Runesmith:UnstableHammer","Runesmith:CraftProtectio","Runesmith:NegativeSpace","Runesmith:CraftMagma","Runesmith:CraftPrismatica","Runesmith:EnergizedChisel","Runesmith:CraftMagma","Runesmith:HeatedChisel","Runesmith:LithiumIon","Runesmith:CraftObretio","Runesmith:GoWithTheFlow","Runesmith:PerfectChisel","Runesmith:PoweredAnvil+1","Runesmith:MakeshiftArmor","theJungle:Gourd","theJungle:Gourd","theJungle:Gourd","theJungle:Gourd","theJungle:Gourd","Runesmith:UnlimitedPower","Runesmith:DoubleUp+1","Runesmith:Grindstone+1","Runesmith:Electrocute+1","Runesmith:CraftIncendium+1","Runesmith:CraftSpiculum+1","Runesmith:NanitesCloud","Runesmith:EarthShield+1"],"relics":["Runesmith:BrokenRuby","NeowsBlessing","Matryoshka","MawBank","Replay:Mystery Machine","Replay:Ringing Soul","Tiny House","Oddly Smooth Stone","Kunai","Shovel","Bottled Flame","Molten Egg 2","SlaversCollar","Chameleon Ring","ReplayFunnel"],"acts_visited":["Exordium","Exordium","TheBeyond"],"potions_floor_usage":[11,44,46,50,50],"damage_taken":[{"damage":0,"enemies":"Jaw Worm","floor":1,"turns":1},{"damage":0,"enemies":"2 Louse","floor":2,"turns":1},{"damage":0,"enemies":"Small Slimes","floor":4,"turns":1},{"damage":45,"enemies":"3 Sentries","floor":6,"turns":8},{"damage":10,"enemies":"Looter","floor":10,"turns":3},{"damage":1,"enemies":"Red Slaver","floor":11,"turns":2},{"damage":0,"enemies":"Gremlin Gang","floor":12,"turns":2},{"damage":0,"enemies":"2 Fungi Beasts","floor":13,"turns":3},{"damage":2,"enemies":"Blue Slaver","floor":14,"turns":5},{"damage":20,"enemies":"Hexaghost","floor":16,"turns":9},{"damage":15,"enemies":"Shell Parasite","floor":18,"turns":6},{"damage":17,"enemies":"theJungle:MUSHROOMGANG","floor":20,"turns":4},{"damage":4,"enemies":"theJungle:JungleHuntersEncounter","floor":24,"turns":7},{"damage":27,"enemies":"theJungle:2_Flameangoes","floor":27,"turns":6},{"damage":10,"enemies":"theJungle:FunGuy","floor":33,"turns":12},{"damage":24,"enemies":"Orb Walker","floor":35,"turns":4},{"damage":43,"enemies":"3 Darklings","floor":37,"turns":6},{"damage":24,"enemies":"Spire Growth","floor":39,"turns":8},{"damage":73,"enemies":"Maw","floor":41,"turns":10},{"damage":33,"enemies":"4 Shapes","floor":44,"turns":4},{"damage":19,"enemies":"Transient","floor":46,"turns":5},{"damage":30,"enemies":"3 Darklings","floor":48,"turns":6},{"damage":13,"enemies":"Replay:Hell Engine","floor":50,"turns":21}],"seed_played":"-8362307112885206929","potions_obtained":[{"floor":6,"key":"hexamod:EctoCoolerPotion"},{"floor":12,"key":"sneckomod:MuddlingPotion"},{"floor":13,"key":"Explosive Potion"},{"floor":14,"key":"FairyPotion"},{"floor":16,"key":"DuplicationPotion"},{"floor":39,"key":"Toxic Potion"},{"floor":44,"key":"champ:CounterPotion"},{"floor":46,"key":"hexamod:EctoCoolerPotion"}],"is_trial":false,"path_per_floor":["M","M","?","M","$","E","R","?","T","M","M","M","M","M","R","B",null,"M","$","M","$","?","R","M","R","T","M","R","?","?","T","R","B",null,"M","T","M","?","M","R","M","R","T","M","?","M","R","M","R","B",null],"character_chosen":"RUNESMITH_CLASS","items_purchased":["Runesmith:Firestorm","Runesmith:RuneHurl+1","Runesmith:HeatedChisel","Runesmith:LithiumIon","Runesmith:GoWithTheFlow","Runesmith:PerfectChisel"],"campfire_rested":8,"item_purchase_floors":[5,5,19,19,21,21],"current_hp_per_floor":[70,70,70,70,70,25,46,34,34,27,29,32,35,36,61,44,96,84,87,73,76,76,108,107,107,107,83,114,117,99,99,99,92,120,99,99,59,59,38,76,6,45,45,15,15,63,104,77,119,106],"gold":468,"neow_bonus":"THREE_ENEMY_KILL","is_daily":false,"chose_seed":false,"campfire_upgraded":1,"win_rate":0.0,"timestamp":1608414137,"path_taken":["M","M","?","M","$","E","R","?","T","M","M","?","M","M","R","BOSS","M","$","M","$","?","R","M","R","T","M","R","?","?","?","R","BOSS","M","?","?","?","M","R","M","R","T","M","?","?","R","M","R","BOSS"],"items_purchased_type":["Card","Card","Card","Card","Card","Card"],"build_version":"2020-12-13","purchased_purges":1,"victory":true,"max_hp_per_floor":[70,70,70,70,70,70,70,70,70,73,76,79,82,85,85,88,96,99,102,105,108,108,108,111,111,111,114,114,117,117,117,117,120,120,123,123,126,126,129,129,132,132,132,135,135,138,138,141,141,141],"card_choices":[{"not_picked":["Runesmith:ChiselStab","Runesmith:RuneHurl"],"picked":"Runesmith:MakeshiftArmor","floor":1},{"not_picked":["Runesmith:HeatedChisel","Runesmith:MakeshiftArmor"],"picked":"Runesmith:EnergizedChisel","floor":2},{"not_picked":["Runesmith:ChiselStab","Runesmith:StaticCage"],"picked":"Runesmith:HammerThrow","floor":4},{"not_picked":["Runesmith:Empowerment","Runesmith:HammerThrow"],"picked":"Runesmith:HeatExchange","floor":6},{"not_picked":["Runesmith:CreatorForm","Runesmith:CraftReservo"],"picked":"Runesmith:FieryHammer","floor":10},{"not_picked":["Runesmith:BackupBattery","Runesmith:Grindstone"],"picked":"Runesmith:UnstableHammer","floor":11},{"not_picked":["Runesmith:Augment","Runesmith:Malloc"],"picked":"Runesmith:CraftProtectio","floor":12},{"not_picked":["Runesmith:ChiselStab","Runesmith:Augment"],"picked":"Runesmith:NegativeSpace","floor":13},{"not_picked":["Runesmith:GenerateForcefield","Runesmith:FieryHammer"],"picked":"Runesmith:CraftMagma","floor":14},{"not_picked":["Runesmith:GrandSlam","Runesmith:LastStand"],"picked":"Runesmith:CraftPrismatica","floor":16},{"not_picked":["Runesmith:MakeshiftArmor","Runesmith:EarthShield"],"picked":"Runesmith:EnergizedChisel","floor":17},{"not_picked":["Runesmith:EarthShield","Runesmith:ShiftingStrike"],"picked":"Runesmith:CraftMagma","floor":18},{"not_picked":["Runesmith:EnergizedChisel","Runesmith:MakeshiftArmor"],"picked":"Runesmith:CraftObretio","floor":20},{"not_picked":["Runesmith:RuneHurl","Runesmith:PerfectChisel"],"picked":"Runesmith:PoweredAnvil+1","floor":24},{"not_picked":["Runesmith:EnergizedChisel","Runesmith:HammerThrow"],"picked":"Runesmith:MakeshiftArmor","floor":27},{"not_picked":["Runesmith:Duplicate","Runesmith:Supernova"],"picked":"Runesmith:UnlimitedPower","floor":33},{"not_picked":["Runesmith:CraftProtectio","Runesmith:Augment"],"picked":"Runesmith:DoubleUp+1","floor":35},{"not_picked":["Runesmith:EarthShield+1","Runesmith:Supernova"],"picked":"Runesmith:Grindstone+1","floor":37},{"not_picked":["Runesmith:ElementalConversion","Runesmith:HeatExchange+1"],"picked":"Runesmith:Electrocute+1","floor":39},{"not_picked":["Runesmith:ChiselStab+1","Runesmith:Overpower+1"],"picked":"Runesmith:CraftIncendium+1","floor":41},{"not_picked":["Runesmith:EnergizedChisel+1","Runesmith:ShiftingStrike+1"],"picked":"Runesmith:CraftSpiculum+1","floor":44},{"not_picked":["Runesmith:HeatedChisel+1","Runesmith:Grindstone"],"picked":"Runesmith:NanitesCloud","floor":46},{"not_picked":["Runesmith:EnergizedChisel+1","Runesmith:HammerThrow+1"],"picked":"Runesmith:EarthShield+1","floor":48}],"player_experience":311801,"relics_obtained":[{"floor":6,"key":"Matryoshka"},{"floor":9,"key":"Replay:Mystery Machine"},{"floor":9,"key":"Replay:Ringing Soul"},{"floor":26,"key":"Oddly Smooth Stone"},{"floor":26,"key":"Kunai"},{"floor":31,"key":"Bottled Flame"},{"floor":32,"key":"Molten Egg 2"},{"floor":36,"key":"Chameleon Ring"},{"floor":43,"key":"ReplayFunnel"}],"event_choices":[{"damage_healed":0,"gold_gain":0,"player_choice":"Ignored","damage_taken":0,"max_hp_gain":0,"max_hp_loss":0,"event_name":"Shining Light","floor":3,"gold_loss":0},{"damage_healed":0,"gold_gain":0,"player_choice":"Success","damage_taken":12,"relics_obtained":["MawBank"],"max_hp_gain":0,"max_hp_loss":0,"event_name":"Scrap Ooze","floor":8,"gold_loss":0},{"damage_healed":0,"gold_gain":0,"player_choice":"Memory 1","damage_taken":0,"max_hp_gain":0,"max_hp_loss":0,"event_name":"SensoryStone","floor":38,"gold_loss":0},{"damage_healed":0,"gold_gain":100,"player_choice":"Pray","damage_taken":0,"max_hp_gain":0,"max_hp_loss":0,"event_name":"Golden Shrine","floor":45,"gold_loss":0}],"is_beta":false,"boss_relics":[{"not_picked":["Snecko Eye","Replay:Wanted Poster"],"picked":"Tiny House"},{"not_picked":["Runesmith:PocketReactor","construct:ClawGrip"],"picked":"SlaversCollar"}],"items_purged_floors":[19],"is_endless":false,"potions_floor_spawned":[6,12,13,14,16,27,33,39,41,44,46],"ascension_level":0}}