{"host":"avjwtc49fhlk6kym","time":1608414875,"event":{"mods":["AchievementEnabler","BaseMod","Better Match","Better Note","Better Third Choice","Colored Map","Colored Powertips","Displayed Cursed Tome","Highlight Path","Minty Spire (QoL Compilation)","Permanent Neow","Quick Restart","StSLib"],"gold_per_floor":[109,129,146,146,96,96,130,53,98,98,46,46,46,7,7,112,112,124,124,49,49,49,49,69,144,144,161,161,17,17,17,17,120,120,140,140,140,140,140],"floor_reached":38,"playtime":931,"items_purged":["Strike_P"],"score":389,"play_id":"ecee6506-288b-46d2-ab8b-11a70838525d","local_time":"20201219165435","is_ascension_mode":false,"campfire_choices":[{"data":"BattleHymn","floor":6,"key":"SMITH"},{"floor":10,"key":"REST"},{"data":"SashWhip","floor":13,"key":"SMITH"},{"data":"Devotion","floor":15,"key":"SMITH"},{"data":"Evaluate","floor":23,"key":"SMITH"},{"floor":28,"key":"REST"},{"data":"Establishment","floor":30,"key":"SMITH"},{"floor":32,"key":"REST"}],"circlet_count":0,"master_deck":["Defend_P","Defend_P","Eruption+1","Vigilance","Vengeance","SashWhip+1","BattleHymn+1","SandsOfTime","Devotion+1","PathToVictory","Wireheading","Brilliance","Evaluate+1","Bite","Bite","Bite","Bite","RitualDagger","ThirdEye+1","Establishment+1","MasterReality","PathToVictory+1"],"relics":["PureWater","Damaru","Juzu Bracelet","Bag of Marbles","Sozu","Gremlin Horn","Orichalcum","Enchiridion","Empty Cage"],"acts_visited":["Exordium","TheCity","TheBeyond"],"potions_floor_usage":[7,16,18],"damage_taken":[{"damage":4,"enemies":"Small Slimes","floor":1,"turns":3},{"damage":3,"enemies":"Jaw Worm","floor":2,"turns":3},{"damage":1,"enemies":"2 Louse","floor":3,"turns":3},{"damage":16,"enemies":"Gremlin Nob","floor":7,"turns":3},{"damage":10,"enemies":"The Guardian","floor":16,"turns":4},{"damage":9,"enemies":"2 Thieves","floor":18,"turns":4},{"damage":24,"enemies":"Shell Parasite","floor":24,"turns":4},{"damage":13,"enemies":"Snake Plant","floor":27,"turns":3},{"damage":27,"enemies":"Collector","floor":33,"turns":4},{"damage":22,"enemies":"Orb Walker","floor":35,"turns":4},{"damage":39,"enemies":"2 Orb Walkers","floor":38,"turns":3}],"seed_played":"-6454230946225960072","potions_obtained":[{"floor":1,"key":"BlessingOfTheForge"},{"floor":7,"key":"ColorlessPotion"},{"floor":16,"key":"BlessingOfTheForge"}],"is_trial":false,"path_per_floor":["M","M","M","?","?","R","E","$","T","R","$","?","R","$","R","B",null,"M","?","$","?","?","R","M","?","T","M","R","$","R","?","R","B",null,"M","?","?","?"],"character_chosen":"WATCHER","items_purchased":["Devotion","PathToVictory","Wireheading","Orichalcum"],"campfire_rested":3,"item_purchase_floors":[8,11,14,29],"current_hp_per_floor":[68,65,64,64,64,64,48,48,48,69,69,72,72,72,72,62,72,63,63,63,50,44,44,30,25,25,16,31,31,31,15,30,15,50,36,36,36,0,0],"gold":140,"neow_bonus":"RANDOM_COMMON_RELIC","is_daily":false,"chose_seed":false,"campfire_upgraded":5,"win_rate":0.0,"timestamp":1608414875,"path_taken":["M","M","M","?","?","R","E","?","T","R","$","?","R","$","R","BOSS","M","?","$","?","?","R","M","?","T","M","R","$","R","?","R","BOSS","M","?","?","?"],"items_purchased_type":["Card","Card","Card","Relic"],"build_version":"2020-12-13","purchased_purges":1,"victory":false,"max_hp_per_floor":[72,72,72,72,72,72,72,72,72,72,72,72,72,72,72,72,72,72,72,72,50,50,50,50,50,50,50,50,50,50,50,50,50,50,50,50,50,50,50],"card_choices":[{"not_picked":["Evaluate","Protect"],"picked":"Vengeance","floor":1},{"not_picked":["MentalFortress","Swivel"],"picked":"SashWhip","floor":2},{"not_picked":["Meditate","Protect"],"picked":"BattleHymn","floor":3},{"not_picked":["SignatureMove","Nirvana"],"picked":"SandsOfTime","floor":7},{"not_picked":["Blasphemy","Alpha"],"picked":"Brilliance","floor":16},{"not_picked":["BowlingBash+1","Consecrate"],"picked":"Evaluate","floor":18},{"not_picked":["FollowUp","Halt"],"picked":"ThirdEye","floor":24},{"not_picked":["ClearTheMind+1","FlurryOfBlows"],"picked":"Establishment","floor":27},{"not_picked":["Devotion","Omniscience"],"picked":"MasterReality","floor":33},{"not_picked":["Crescendo","MentalFortress+1"],"picked":"PathToVictory+1","floor":35}],"player_experience":351707,"relics_obtained":[{"floor":7,"key":"Juzu Bracelet"},{"floor":9,"key":"Bag of Marbles"},{"floor":26,"key":"Gremlin Horn"}],"event_choices":[{"damage_healed":0,"gold_gain":0,"player_choice":"Grow","damage_taken":0,"max_hp_gain":0,"max_hp_loss":0,"event_name":"Living Wall","floor":4,"gold_loss":0,"cards_upgraded":["Eruption"]},{"cards_removed":["Strike_P"],"damage_healed":0,"gold_gain":0,"player_choice":"Card Removal","damage_taken":0,"max_hp_gain":0,"max_hp_loss":0,"event_name":"The Cleric","floor":5,"gold_loss":50},{"damage_healed":24,"gold_gain":0,"player_choice":"Banana","damage_taken":0,"max_hp_gain":0,"max_hp_loss":0,"event_name":"Big Fish","floor":12,"gold_loss":0},{"cards_removed":["Defend_P"],"damage_healed":0,"gold_gain":0,"player_choice":"Give","damage_taken":0,"max_hp_gain":0,"max_hp_loss":0,"event_name":"betterNote:BetterNote","floor":19,"gold_loss":0,"cards_obtained":["Strike_P"]},{"damage_healed":0,"gold_gain":0,"player_choice":"Became a vampire","damage_taken":0,"max_hp_gain":0,"max_hp_loss":22,"event_name":"Vampires","floor":21,"gold_loss":0,"cards_obtained":["Bite","Bite","Bite","Bite","Bite"]},{"damage_healed":0,"gold_gain":0,"player_choice":"Dagger","damage_taken":6,"max_hp_gain":0,"max_hp_loss":0,"event_name":"betterThird:BetterNest","floor":22,"gold_loss":0,"cards_obtained":["RitualDagger"]},{"damage_healed":0,"gold_gain":75,"player_choice":"Touch","damage_taken":5,"max_hp_gain":0,"max_hp_loss":0,"event_name":"FaceTrader","floor":25,"gold_loss":0},{"damage_healed":0,"gold_gain":0,"player_choice":"Obtained Book","damage_taken":16,"max_hp_gain":0,"max_hp_loss":0,"event_name":"Cursed Tome","floor":31,"gold_loss":0},{"damage_healed":0,"gold_gain":0,"player_choice":"Upgraded","damage_taken":0,"max_hp_gain":0,"max_hp_loss":0,"event_name":"Upgrade Shrine","floor":36,"gold_loss":0,"cards_upgraded":["ThirdEye"]},{"cards_removed":["Bite"],"damage_healed":0,"gold_gain":0,"player_choice":"Removed Attack","damage_taken":0,"max_hp_gain":0,"max_hp_loss":0,"event_name":"Falling","floor":37,"gold_loss":0},{"damage_healed":0,"gold_gain":0,"player_choice":"Fight","damage_taken":0,"max_hp_gain":0,"max_hp_loss":0,"event_name":"Mysterious Sphere","floor":38,"gold_loss":0}],"is_beta":false,"boss_relics":[{"not_picked":["SacredBark","Philosopher\u0027s Stone"],"picked":"Sozu"},{"not_picked":["Astrolabe","Coffee Dripper"],"picked":"Empty Cage"}],"items_purged_floors":[20],"is_endless":false,"potions_floor_spawned":[1,7,16,18,24,27,35],"killed_by":"2 Orb Walkers","ascension_level":0}}