{"host":"uuef13iiy6j2c50k","time":1608337611,"event":{"mods":["BaseMod","Minty Spire (QoL Compilation)","Quick Restart","Relic Stats","Slay-I","StSLib","SuperFastMode"],"gold_per_floor":[114,114,124,124,49,49,74,34,60,91,101,101,118,18,18,117,167,202,15,15,29,29,29,63,63,138,138,53,85,85,99,99,99,99],"floor_reached":33,"playtime":1194,"items_purged":["Strike_G","Strike_G"],"score":332,"play_id":"9e1a0508-a64f-4ea9-9308-4758b42bf178","local_time":"20201218142651","is_ascension_mode":true,"campfire_choices":[{"data":"Glass Knife","floor":6,"key":"SMITH"},{"floor":12,"key":"REST"},{"data":"Deadly Poison","floor":15,"key":"SMITH"},{"data":"Noxious Fumes","floor":23,"key":"SMITH"},{"floor":25,"key":"REST"},{"data":"Bouncing Flask","floor":27,"key":"SMITH"},{"floor":32,"key":"REST"}],"circlet_count":0,"master_deck":["Strike_G","Strike_G","Defend_G","Defend_G","Defend_G","Defend_G","Defend_G+1","Survivor","Neutralize","Glass Knife+1","Dagger Throw","Poisoned Stab","Well Laid Plans","Deadly Poison+1","Escape Plan","Venomology","Backflip","Noxious Fumes+1","Bouncing Flask+1","Dagger Throw+1"],"relics":["Ring of the Snake","Lantern","Bag of Preparation","Vajra","Strawberry","Tiny House","OrangePellets","MealTicket","Molten Egg 2","Ninja Scroll","StoneCalendar"],"acts_visited":["Exordium","TheCity"],"potions_floor_usage":[7,18,21,24,24,29,29,29,29,29,31,31,33,33],"damage_taken":[{"damage":0,"enemies":"Small Slimes","floor":1,"turns":3},{"damage":0,"enemies":"Jaw Worm","floor":3,"turns":2},{"damage":10,"enemies":"3 Sentries","floor":7,"turns":5},{"damage":12,"enemies":"Lagavulin","floor":10,"turns":6},{"damage":0,"enemies":"2 Louse","floor":11,"turns":1},{"damage":0,"enemies":"Looter","floor":13,"turns":2},{"damage":29,"enemies":"Slime Boss","floor":16,"turns":10},{"damage":23,"enemies":"Chosen","floor":18,"turns":7},{"damage":2,"enemies":"Shell Parasite","floor":21,"turns":3},{"damage":15,"enemies":"Gremlin Leader","floor":24,"turns":7},{"damage":41,"enemies":"Book of Stabbing","floor":29,"turns":5},{"damage":20,"enemies":"Shelled Parasite and Fungi","floor":31,"turns":7},{"damage":37,"enemies":"Champ","floor":33,"turns":6}],"seed_played":"-4498432382281050724","potions_obtained":[{"floor":1,"key":"Explosive Potion"},{"floor":13,"key":"ColorlessPotion"},{"floor":16,"key":"EntropicBrew"},{"floor":17,"key":"SteroidPotion"},{"floor":24,"key":"Fruit Juice"},{"floor":29,"key":"GamblersBrew"},{"floor":31,"key":"Energy Potion"}],"is_trial":false,"path_per_floor":["M","?","M","?","$","R","E","$","T","E","M","R","M","$","R","B",null,"M","$","?","M","?","R","E","R","T","R","?","E","?","M","R","B"],"character_chosen":"THE_SILENT","items_purchased":["Well Laid Plans","Noxious Fumes","OrangePellets"],"campfire_rested":3,"item_purchase_floors":[8,19,19],"current_hp_per_floor":[63,38,38,31,31,31,21,21,21,16,16,37,37,37,37,8,75,52,52,52,50,50,50,35,57,57,57,57,21,21,1,25,0,0],"gold":99,"neow_bonus":"THREE_RARE_CARDS","is_daily":false,"chose_seed":false,"campfire_upgraded":4,"win_rate":0.0,"timestamp":1608337611,"path_taken":["M","?","M","?","$","R","E","$","T","E","M","R","M","?","R","BOSS","M","$","?","M","?","R","E","R","T","R","?","E","?","M","R","BOSS"],"items_purchased_type":["Card","Card","Relic"],"build_version":"2020-12-13","purchased_purges":2,"victory":false,"max_hp_per_floor":[63,63,63,63,63,63,63,63,63,70,70,70,70,70,70,70,75,75,75,75,75,75,75,75,75,75,75,75,80,80,80,80,80,80],"relic_stats":{"OrangePellets":[3],"counters":[13,64],"MealTicket":0,"StoneCalendar":[0],"Bag of Preparation":[14],"obtain_stats":[{"OrangePellets":19,"Lantern":2,"Tiny House":17,"Ninja Scroll":28,"Strawberry":10,"Vajra":9,"MealTicket":24,"Molten Egg 2":26,"StoneCalendar":29,"Bag of Preparation":7,"Ring of the Snake":0},{"OrangePellets":8,"Lantern":1,"Tiny House":7,"Ninja Scroll":10,"Strawberry":4,"Vajra":3,"MealTicket":10,"Molten Egg 2":10,"StoneCalendar":11,"Bag of Preparation":3,"Ring of the Snake":0},{"OrangePellets":36,"Lantern":3,"Tiny House":29,"Ninja Scroll":46,"Strawberry":16,"Vajra":10,"MealTicket":46,"Molten Egg 2":46,"StoneCalendar":51,"Bag of Preparation":10,"Ring of the Snake":0}],"Ring of the Snake":[26]},"card_choices":[{"not_picked":["After Image","Tools of the Trade"],"picked":"Glass Knife","floor":0},{"not_picked":["Deflect","PiercingWail"],"picked":"Dagger Throw","floor":1},{"not_picked":["Blade Dance","Riddle With Holes","Infinite Blades"],"picked":"SKIP","floor":3},{"not_picked":["Backflip","Bane"],"picked":"Poisoned Stab","floor":7},{"not_picked":["Dodge and Roll","Predator"],"picked":"Deadly Poison","floor":10},{"not_picked":["Tactician","Cloak And Dagger","Dodge and Roll"],"picked":"SKIP","floor":11},{"not_picked":["Unload","Outmaneuver"],"picked":"Escape Plan","floor":13},{"not_picked":["Tools of the Trade","Malaise"],"picked":"Venomology","floor":16},{"not_picked":["Bane","Heel Hook"],"picked":"Backflip","floor":17},{"not_picked":["Deflect","Heel Hook","Cloak And Dagger"],"picked":"SKIP","floor":18},{"not_picked":["Skewer","Deadly Poison","Cloak And Dagger+1"],"picked":"SKIP","floor":21},{"not_picked":["Deflect","Sucker Punch","Blade Dance"],"picked":"SKIP","floor":24},{"not_picked":["Heel Hook+1","Reflex","Storm of Steel"],"picked":"SKIP","floor":29},{"not_picked":["Quick Slash+1","Blur"],"picked":"Dagger Throw+1","floor":31}],"player_experience":29506,"relics_obtained":[{"floor":7,"key":"Bag of Preparation"},{"floor":9,"key":"Vajra"},{"floor":10,"key":"Strawberry"},{"floor":24,"key":"MealTicket"},{"floor":26,"key":"Molten Egg 2"},{"floor":29,"key":"StoneCalendar"}],"event_choices":[{"damage_healed":0,"gold_gain":0,"player_choice":"Success","damage_taken":25,"relics_obtained":["Lantern"],"max_hp_gain":0,"max_hp_loss":0,"event_name":"Scrap Ooze","floor":2,"gold_loss":0},{"cards_removed":["Strike_G"],"damage_healed":0,"gold_gain":0,"player_choice":"Card Removal","damage_taken":7,"max_hp_gain":0,"max_hp_loss":0,"event_name":"Golden Wing","floor":4,"gold_loss":0},{"damage_healed":0,"gold_gain":0,"player_choice":"Ignored","damage_taken":0,"max_hp_gain":0,"max_hp_loss":0,"event_name":"Vampires","floor":20,"gold_loss":0},{"damage_healed":0,"gold_gain":0,"player_choice":"Read","damage_taken":0,"max_hp_gain":0,"max_hp_loss":0,"event_name":"The Library","floor":22,"gold_loss":0,"cards_obtained":["Bouncing Flask"]},{"damage_healed":0,"gold_gain":0,"player_choice":"Obtained Relic","damage_taken":0,"relics_obtained":["Ninja Scroll"],"max_hp_gain":0,"max_hp_loss":0,"event_name":"Addict","floor":28,"gold_loss":85},{"damage_healed":0,"gold_gain":0,"player_choice":"Ignored","damage_taken":0,"max_hp_gain":0,"max_hp_loss":0,"event_name":"Cursed Tome","floor":30,"gold_loss":0}],"is_beta":false,"boss_relics":[{"not_picked":["Coffee Dripper","Busted Crown"],"picked":"Tiny House"}],"items_purged_floors":[5,14],"is_endless":false,"potions_floor_spawned":[1,13,16,24,29,31],"killed_by":"Champ","ascension_level":3}}