{"host":"qwttrqaysb380yri","time":1608369811,"event":{"mods":["BaseMod","Custom Start","Minty Spire (QoL Compilation)","Permanent Neow","Puzzle Mod","Relic Stats","StSLib","The Cursed","The Hierophant"],"gold_per_floor":[117,134,151,165,163,158,158,169,169,169,182,483,461,464,464,479,479,502,502,502,195,280,398,489,594,594,594,698,698,768,863,863,1014,1014,1125,1228,865,625,625,669,778,426,426,521,521,521,597,597],"floor_reached":47,"playtime":2071,"items_purged":["Writhe","hierophant:Strike_Hierophant","hierophant:Strike_Hierophant","hierophant:Strike_Hierophant"],"score":1099,"play_id":"1488c88c-cba0-4ab3-ac65-b5e94a1460fc","local_time":"20201219102331","is_ascension_mode":true,"campfire_choices":[{"data":"hierophant:Mercenaries","floor":7.0,"key":"SMITH"},{"floor":10.0,"key":"REST"},{"data":"hierophant:Purify","floor":15.0,"key":"SMITH"},{"floor":27,"key":"REST"},{"floor":32,"key":"REST"},{"data":"hierophant:Upheaval","floor":46,"key":"SMITH"}],"circlet_count":0,"master_deck":["AscendersBane","hierophant:Strike_Hierophant","hierophant:Punish","hierophant:Defend_Hierophant","hierophant:Defend_Hierophant+1","hierophant:Defend_Hierophant","hierophant:Defend_Hierophant+1","hierophant:ChurchCoffers","hierophant:HolyVerse","hierophant:HammerAndAnvil","hierophant:Zeal","hierophant:Shelter","hierophant:Mercenaries+1","hierophant:Racketeering","hierophant:Purify+1","hierophant:Doubloon","hierophant:Refuge","hierophant:Encroach","hierophant:ThreeLashes","hierophant:Community","hierophant:DeathKnell","hierophant:SealAway","hierophant:MirrorShield+1","hierophant:BulkyChest+1","hierophant:Encroach+1","hierophant:Sermon+1","hierophant:Embezzle+1","hierophant:Chorus+1","hierophant:Doubloon+1","hierophant:ConvertCurrency+1","hierophant:Embezzle+1","hierophant:MorningPrayer+1","hierophant:MirrorShield+1","hierophant:Zeal","hierophant:Bribe+1","hierophant:Levitation+1","CurseOfTheBell","hierophant:Upheaval+1"],"relics":["hierophant:PropheticMaskRelic","War Paint","Bronze Scales","Gremlin Horn","Old Coin","Ancient Tea Set","Velvet Choker","Toxic Egg 2","Orrery","Dream Catcher","Pen Nib","Singing Bowl","Calling Bell","Smiling Mask","White Beast Statue","Shovel","WingedGreaves","Centennial Puzzle","ClockworkSouvenir","Boot","Girya"],"acts_visited":["Exordium","TheCity","TheBeyond"],"potions_floor_usage":[25,33,35,41,47,47,47,47],"damage_taken":[{"damage":0.0,"enemies":"Cultist","floor":1.0,"turns":3.0},{"damage":0.0,"enemies":"2 Louse","floor":2.0,"turns":2.0},{"damage":7.0,"enemies":"Jaw Worm","floor":3.0,"turns":4.0},{"damage":14.0,"enemies":"Exordium Wildlife","floor":4.0,"turns":4.0},{"damage":22.0,"enemies":"Exordium Thugs","floor":5.0,"turns":5.0},{"damage":12.0,"enemies":"Lagavulin","floor":6.0,"turns":4.0},{"damage":2.0,"enemies":"3 Louse","floor":8.0,"turns":2.0},{"damage":5.0,"enemies":"Blue Slaver","floor":11.0,"turns":3.0},{"damage":2.0,"enemies":"3 Sentries","floor":12.0,"turns":4.0},{"damage":0.0,"enemies":"Large Slime","floor":13.0,"turns":1.0},{"damage":10.0,"enemies":"Gremlin Nob","floor":14.0,"turns":3.0},{"damage":6.0,"enemies":"Hexaghost","floor":16.0,"turns":8.0},{"damage":0.0,"enemies":"Spheric Guardian","floor":18.0,"turns":1.0},{"damage":3.0,"enemies":"Chosen","floor":22.0,"turns":3.0},{"damage":0.0,"enemies":"Slavers","floor":23.0,"turns":6.0},{"damage":12.0,"enemies":"Snake Plant","floor":24.0,"turns":4.0},{"damage":24,"enemies":"Book of Stabbing","floor":25,"turns":5},{"damage":27,"enemies":"Sentry and Sphere","floor":28,"turns":10},{"damage":34,"enemies":"Snecko","floor":30,"turns":5},{"damage":1,"enemies":"Centurion and Healer","floor":31,"turns":5},{"damage":13,"enemies":"Champ","floor":33,"turns":12},{"damage":12,"enemies":"3 Shapes","floor":35,"turns":7},{"damage":4,"enemies":"Orb Walker","floor":36,"turns":3},{"damage":4,"enemies":"Reptomancer","floor":40,"turns":6},{"damage":10,"enemies":"Jaw Worm Horde","floor":41,"turns":4},{"damage":14,"enemies":"4 Shapes","floor":44,"turns":5},{"damage":87,"enemies":"Giant Head","floor":47,"turns":10}],"seed_played":"5654327290894260503","potions_obtained":[{"floor":2.0,"key":"Regen Potion"},{"floor":3.0,"key":"SmokeBomb"},{"floor":5.0,"key":"GamblersBrew"},{"floor":12.0,"key":"Strength Potion"},{"floor":22.0,"key":"PowerPotion"},{"floor":23.0,"key":"Strength Potion"},{"floor":24.0,"key":"FairyPotion"},{"floor":31,"key":"Strength Potion"},{"floor":33,"key":"EssenceOfSteel"},{"floor":35,"key":"Dexterity Potion"},{"floor":36,"key":"SteroidPotion"},{"floor":40,"key":"FearPotion"},{"floor":41,"key":"CultistPotion"},{"floor":44,"key":"EntropicBrew"}],"is_trial":false,"path_per_floor":["M","M","M","M","M","E","R","M","T","R","M","E","M","E","R","B",null,"M","?","?","$","M","E","M","E","T","R","M","?","M","M","R","B",null,"M","M","$","$","?","E","M","$","T","M","?","R","E"],"character_chosen":"HIEROPHANT","items_purchased":["hierophant:MirrorShield+1","Orrery","WingedGreaves","hierophant:Upheaval","Centennial Puzzle","ClockworkSouvenir","Boot"],"campfire_rested":3,"item_purchase_floors":[21,21,37,38,38,42,42],"current_hp_per_floor":[68,68,61,61,39,27,27,25,25,47,42,40,40,30,30,24,62,62,62,62,62,59,59,47,23,23,47,20,20,23,22,47,34,68,58,56,56,56,56,54,46,46,46,34,34,34,0,0],"gold":597,"neow_bonus":"RANDOM_COMMON_RELIC","is_daily":false,"chose_seed":false,"campfire_upgraded":3,"win_rate":0.0,"timestamp":1608369811,"path_taken":["M","M","M","M","?","E","R","M","T","R","M","E","?","E","R","BOSS","M","?","?","$","M","E","M","E","T","R","?","?","?","M","R","BOSS","M","M","$","$","?","E","M","$","T","M","?","R","E"],"items_purchased_type":["Card","Relic","Relic","Card","Relic","Relic","Relic"],"build_version":"2020-12-13","purchased_purges":4,"victory":false,"max_hp_per_floor":[75,75,75,75,75,75,75,75,75,75,75,75,75,75,75,75,75,75,75,75,75,75,75,75,75,75,77,77,77,77,77,79,79,79,81,83,83,83,83,85,87,87,87,89,89,89,89,89],"relic_stats":{"Dream Catcher":2,"Centennial Puzzle":[12],"Shovel":0,"Gremlin Horn":[18,18],"Singing Bowl":14,"counters":[27,129],"Bronze Scales":[228],"Pen Nib":[9],"War Paint":["hierophant:Defend_Hierophant","hierophant:Defend_Hierophant"],"Smiling Mask":225,"Boot":[12],"obtain_stats":[{"Girya":43,"Gremlin Horn":9,"Singing Bowl":26,"hierophant:PropheticMaskRelic":0,"Velvet Choker":17,"Pen Nib":25,"War Paint":0,"Ancient Tea Set":14,"Smiling Mask":34,"Boot":42,"White Beast Statue":34,"Old Coin":12,"ClockworkSouvenir":42,"Calling Bell":34,"Dream Catcher":23,"Centennial Puzzle":38,"Shovel":34,"Bronze Scales":6,"Orrery":21,"WingedGreaves":37,"Toxic Egg 2":19},{"Girya":25,"Gremlin Horn":7,"Singing Bowl":17,"hierophant:PropheticMaskRelic":0,"Velvet Choker":12,"Pen Nib":17,"War Paint":0,"Ancient Tea Set":11,"Smiling Mask":21,"Boot":25,"White Beast Statue":21,"Old Coin":9,"ClockworkSouvenir":25,"Calling Bell":21,"Dream Catcher":15,"Centennial Puzzle":23,"Shovel":21,"Bronze Scales":6,"Orrery":13,"WingedGreaves":23,"Toxic Egg 2":13},{"Girya":114,"Gremlin Horn":24,"Singing Bowl":62,"hierophant:PropheticMaskRelic":0,"Velvet Choker":43,"Pen Nib":62,"War Paint":0,"Ancient Tea Set":35,"Smiling Mask":94,"Boot":114,"White Beast Statue":94,"Old Coin":31,"ClockworkSouvenir":114,"Calling Bell":94,"Dream Catcher":53,"Centennial Puzzle":104,"Shovel":94,"Bronze Scales":22,"Orrery":44,"WingedGreaves":104,"Toxic Egg 2":44}]},"card_choices":[{"not_picked":["hierophant:PassingBell","hierophant:Mercenaries"],"picked":"hierophant:HolyVerse","floor":1.0},{"not_picked":["hierophant:PristineSoul","hierophant:DisplayOfPower"],"picked":"hierophant:HammerAndAnvil","floor":2.0},{"not_picked":["hierophant:Sermon","hierophant:Rebuild"],"picked":"hierophant:Zeal","floor":3.0},{"not_picked":["hierophant:SolarFlare","hierophant:AuricShield"],"picked":"hierophant:Shelter","floor":4.0},{"not_picked":["hierophant:FieryStrike","hierophant:Glossolalia"],"picked":"hierophant:Mercenaries","floor":5.0},{"not_picked":["hierophant:Glossolalia","hierophant:EyeForCoin"],"picked":"hierophant:Racketeering","floor":6.0},{"not_picked":["hierophant:Blessing","hierophant:Patience"],"picked":"hierophant:Purify","floor":8.0},{"not_picked":["hierophant:Remorse","hierophant:MintersHammer"],"picked":"hierophant:Refuge","floor":11.0},{"not_picked":["hierophant:Purify","hierophant:DisplayOfPower"],"picked":"hierophant:Encroach","floor":12.0},{"not_picked":["hierophant:Encroach","hierophant:MirrorShield"],"picked":"hierophant:ThreeLashes","floor":13.0},{"not_picked":["hierophant:Shelter","hierophant:EyeForCoin"],"picked":"hierophant:Community","floor":14.0},{"not_picked":["hierophant:AuricForm","hierophant:MintersHammer"],"picked":"hierophant:DeathKnell","floor":16.0},{"not_picked":["hierophant:OrnateJavelin","hierophant:Prophecy+1"],"picked":"hierophant:SealAway","floor":18.0},{"not_picked":["hierophant:OrnateBuckler+1","hierophant:FlamingChariot"],"picked":"hierophant:BulkyChest+1","floor":21.0},{"not_picked":["hierophant:Smite","hierophant:Sermon+1"],"picked":"hierophant:Encroach+1","floor":21.0},{"not_picked":["hierophant:Prophecy+1","hierophant:CursedGold"],"picked":"hierophant:Sermon+1","floor":21.0},{"not_picked":["hierophant:Shelter+1","hierophant:HolyVerse+1"],"picked":"hierophant:Embezzle+1","floor":22.0},{"not_picked":["hierophant:CoinFling","hierophant:HammerAndAnvil+1"],"picked":"hierophant:Chorus+1","floor":23.0},{"not_picked":["hierophant:FlamingChariot+1","hierophant:AuricShield+1"],"picked":"hierophant:ConvertCurrency+1","floor":24.0},{"not_picked":["hierophant:FieryStrike","hierophant:PassingBell"],"picked":"hierophant:Embezzle+1","floor":25},{"not_picked":["hierophant:Smite","hierophant:PassingBell","hierophant:FieryStrike+1"],"picked":"Singing Bowl","floor":27},{"not_picked":["hierophant:FaithHealing+1","hierophant:FlamingChariot"],"picked":"hierophant:MorningPrayer+1","floor":28},{"not_picked":["hierophant:RecallFunds+1","hierophant:RustyCrate+1"],"picked":"hierophant:Zeal","floor":30},{"not_picked":["hierophant:MorningPrayer+1","hierophant:Sermon+1"],"picked":"hierophant:Bribe+1","floor":31},{"not_picked":["hierophant:RepressedViolence","hierophant:AuricShield+1","hierophant:MirrorShield+1"],"picked":"Singing Bowl","floor":32},{"not_picked":["hierophant:Kindle+1","hierophant:WrathOfGod"],"picked":"hierophant:Levitation+1","floor":33},{"not_picked":["hierophant:PassingBell","hierophant:DisplayOfPower","hierophant:RustyCrate+1"],"picked":"Singing Bowl","floor":35},{"not_picked":["hierophant:Rebuild+1","hierophant:RustyCrate+1","hierophant:SolarFlare"],"picked":"Singing Bowl","floor":36},{"not_picked":["hierophant:TollTheBells+1","hierophant:DivineIntervention+1","hierophant:Exaltation+1"],"picked":"Singing Bowl","floor":40},{"not_picked":["hierophant:HolyVerse+1","hierophant:AuricBeam+1","hierophant:RustyCrate+1"],"picked":"Singing Bowl","floor":41},{"not_picked":["hierophant:MirrorShield+1","hierophant:Patience+1","hierophant:Flagellation+1"],"picked":"Singing Bowl","floor":44}],"player_experience":1893264,"relics_obtained":[{"floor":6.0,"key":"Bronze Scales"},{"floor":9.0,"key":"Gremlin Horn"},{"floor":12.0,"key":"Old Coin"},{"floor":14.0,"key":"Ancient Tea Set"},{"floor":23.0,"key":"Dream Catcher"},{"floor":25,"key":"Pen Nib"},{"floor":26,"key":"Singing Bowl"},{"floor":34,"key":"Smiling Mask"},{"floor":34,"key":"White Beast Statue"},{"floor":34,"key":"Shovel"},{"floor":43,"key":"Girya"}],"event_choices":[{"damage_healed":0.0,"max_hp_gain":0.0,"max_hp_loss":0.0,"gold_gain":0.0,"event_name":"The Mausoleum","player_choice":"Opened","floor":19.0,"gold_loss":0.0,"damage_taken":0.0,"relics_obtained":["Toxic Egg 2"],"cards_obtained":["Writhe"]},{"damage_healed":0.0,"max_hp_gain":0.0,"max_hp_loss":0.0,"gold_gain":0.0,"event_name":"Vampires","player_choice":"Ignored","floor":20.0,"gold_loss":0.0,"damage_taken":0.0},{"damage_healed":0,"gold_gain":0,"player_choice":"Copied","damage_taken":0,"max_hp_gain":0,"max_hp_loss":0,"event_name":"Duplicator","floor":29,"gold_loss":0,"cards_obtained":["hierophant:MirrorShield"]},{"damage_healed":0,"gold_gain":0,"player_choice":"Ignored","damage_taken":0,"max_hp_gain":0,"max_hp_loss":0,"event_name":"Mysterious Sphere","floor":39,"gold_loss":0},{"damage_healed":0,"gold_gain":0,"player_choice":"Ignored","damage_taken":0,"max_hp_gain":0,"max_hp_loss":0,"event_name":"Tomb of Lord Red Mask","floor":45,"gold_loss":0}],"is_beta":false,"boss_relics":[{"not_picked":["SlaversCollar","SacredBark"],"picked":"Velvet Choker"},{"not_picked":["Snecko Eye","Philosopher\u0027s Stone"],"picked":"Calling Bell"}],"items_purged_floors":[21,37,38,42],"is_endless":false,"potions_floor_spawned":[2,3,5,12,22,23,24,31,33,35,36,40,41,44],"killed_by":"Giant Head","ascension_level":15}}