{"host":"2461dio7vetlq1z3","time":1608418251,"event":{"mods":["2.2 Compatiblity","AchievementEnabler","BaseMod","Better Third Choice","Hermit","Marisa????????","Minty Spire (QoL Compilation)","Relic Stats","Spicy Shops","StSLib","Waifu the Spire"],"gold_per_floor":[113,128,138,156,176,219,219,259,328,328,328,31,31,73,73,183,183,218,178,78,107,27,53,53,94,94,150,192,192,242,266,266,393,393,433,30,30,80,80,80,141,189,189,207,207,244,244,267,267,267,267,267,89,133,133],"floor_reached":56,"playtime":4680,"items_purged":["Strike_MRS","DoubleSpark","ShootingEcho","DC","WitchOfGreed","UpSweep"],"score":2009,"play_id":"f9cd55c4-2b39-4295-ba9d-02a7d3675f12","local_time":"20201219235051","is_ascension_mode":true,"campfire_choices":[{"floor":7.0,"key":"REST"},{"floor":10.0,"key":"REST"},{"data":"NonDirectionalLaser","floor":13.0,"key":"SMITH"},{"floor":15.0,"key":"DIG"},{"data":"DragonMeteor","floor":24.0,"key":"SMITH"},{"floor":29.0,"key":"DIG"},{"floor":32.0,"key":"DIG"},{"data":"ManaRampage","floor":40.0,"key":"SMITH"},{"floor":45.0,"key":"RECALL"},{"floor":47,"key":"DIG"},{"floor":49,"key":"DIG"},{"data":"DarkMatter","floor":52,"key":"SMITH"}],"circlet_count":0,"master_deck":["AscendersBane","MasterSpark","ShootingEcho","NonDirectionalLaser+1","UltimateShortwave+1","Acceleration","ShootingEcho","Trip","GalacticHalo","Finesse","Acceleration","TreasureHunter","GrandCross","OortCloud","AlicesGift","DragonMeteor+1","MagicChant","MagicChant","DarkMatter+1","EarthLightRay","Acceleration","SatelliteIllusion","Acceleration","ManaRampage+1","MagicChant","StarBarrage","Acceleration","EnergyFlow","Acceleration+1","Madness","Madness","OortCloud","SprinkleStarSeal+1","GasGiant+1"],"relics":["Philosopher\u0027s Stone","FossilizedHelix","Smiling Mask","The Courier","WingedGreaves","Blue Candle","Shovel","Centennial Puzzle","Pandora\u0027s Box","CeramicFish","Eternal Feather","HandmadeGrimoire","StrikeDummy","Lantern","Bag of Marbles","Sundial","Strawberry","Tiny Chest","Omamori","Torii","Ginger","Cursed Key","OrangePellets","Prayer Wheel","Pear","Gremlin Horn","CaptainsWheel","PreservedInsect","Mummified Hand","Kunai","Bottled Flame"],"acts_visited":["Exordium","TheCity","TheBeyond","TheEnding"],"potions_floor_usage":[46,46,46,50,55,55,55,55],"damage_taken":[{"damage":0.0,"enemies":"Cultist","floor":1.0,"turns":3.0},{"damage":0.0,"enemies":"2 Louse","floor":2.0,"turns":2.0},{"damage":8.0,"enemies":"Jaw Worm","floor":3.0,"turns":3.0},{"damage":10.0,"enemies":"Exordium Thugs","floor":4.0,"turns":4.0},{"damage":5.0,"enemies":"2 Fungi Beasts","floor":5.0,"turns":3.0},{"damage":32.0,"enemies":"Gremlin Nob","floor":6.0,"turns":4.0},{"damage":6.0,"enemies":"3 Sentries","floor":8.0,"turns":5.0},{"damage":0.0,"enemies":"Gremlin Nob","floor":14.0,"turns":3.0},{"damage":29.0,"enemies":"The Guardian","floor":16.0,"turns":10.0},{"damage":18.0,"enemies":"3 Byrds","floor":18.0,"turns":4.0},{"damage":0.0,"enemies":"Chosen","floor":21.0,"turns":3.0},{"damage":11.0,"enemies":"Book of Stabbing","floor":23.0,"turns":4.0},{"damage":17.0,"enemies":"Slavers","floor":25.0,"turns":6.0},{"damage":15.0,"enemies":"Gremlin Leader","floor":27.0,"turns":6.0},{"damage":0.0,"enemies":"3 Cultists","floor":28.0,"turns":4.0},{"damage":2.0,"enemies":"Book of Stabbing","floor":30.0,"turns":4.0},{"damage":7.0,"enemies":"Cultist and Chosen","floor":31.0,"turns":4.0},{"damage":9.0,"enemies":"Champ","floor":33.0,"turns":14.0},{"damage":1.0,"enemies":"3 Darklings","floor":35.0,"turns":4.0},{"damage":1.0,"enemies":"3 Shapes","floor":38.0,"turns":5.0},{"damage":21.0,"enemies":"Reptomancer","floor":41.0,"turns":6.0},{"damage":0,"enemies":"Transient","floor":46,"turns":5},{"damage":0,"enemies":"Sphere and 2 Shapes","floor":48,"turns":1},{"damage":56,"enemies":"Awakened One","floor":50,"turns":9},{"damage":20,"enemies":"Shield and Spear","floor":54,"turns":4},{"damage":47,"enemies":"The Heart","floor":55,"turns":9}],"seed_played":"2292680214142633920","potions_obtained":[{"floor":3.0,"key":"DistilledChaos"},{"floor":5.0,"key":"StarNLove"},{"floor":6.0,"key":"LiquidMemories"},{"floor":8.0,"key":"Dexterity Potion"},{"floor":8.0,"key":"Weak Potion"},{"floor":14.0,"key":"ShroomBrew"},{"floor":16.0,"key":"AttackPotion"},{"floor":16.0,"key":"EssenceOfSteel"},{"floor":18.0,"key":"Fruit Juice"},{"floor":21.0,"key":"AttackPotion"},{"floor":23.0,"key":"Weak Potion"},{"floor":25.0,"key":"DistilledChaos"},{"floor":27.0,"key":"PowerPotion"},{"floor":28.0,"key":"SkillPotion"},{"floor":30.0,"key":"Weak Potion"},{"floor":33.0,"key":"LiquidBronze"},{"floor":41.0,"key":"Fruit Juice"},{"floor":41.0,"key":"EntropicBrew"},{"floor":46,"key":"LiquidBronze"},{"floor":48,"key":"StarNLove"}],"is_trial":false,"path_per_floor":["M","M","M","M","M","E","R","E","T","R","?","$","R","E","R","B",null,"M","?","$","M","$","E","R","E","T","E","M","R","E","M","R","B",null,"M","$","$","M","?","R","E","T","T","?","R","M","R","M","R","B",null,"R","$","E","B",null],"character_chosen":"MARISA","items_purchased":["Trip","GalacticHalo","Finesse","DarkMatter","StarBarrage","OrangePellets","Prayer Wheel","EntropicBrew"],"campfire_rested":2,"item_purchase_floors":[12,12,12,22,36,36,36,53],"current_hp_per_floor":[68,68,60,50,45,13,35,29,29,51,36,36,36,36,36,7,58,40,40,40,45,45,34,46,29,29,14,18,37,41,38,53,48,77,80,80,80,83,93,97,76,76,76,64,82,93,102,102,102,52,90,102,102,86,45],"gold":133,"neow_bonus":"BOSS_RELIC","is_daily":false,"chose_seed":false,"campfire_upgraded":4,"win_rate":0.0,"timestamp":1608418251,"path_taken":["M","M","?","M","M","E","R","E","T","R","?","$","R","E","R","BOSS","M","?","$","M","$","E","R","E","T","E","M","R","E","M","R","BOSS","M","?","$","?","?","R","E","?","T","?","R","M","R","M","R","BOSS","R","$","E","BOSS"],"items_purchased_type":["Card","Card","Card","Card","Card","Relic","Relic","Potion"],"build_version":"2020-12-13","purchased_purges":6,"victory":true,"max_hp_per_floor":[75,75,75,75,75,75,75,75,75,75,75,75,75,75,75,75,75,75,75,75,80,80,80,80,80,80,80,80,87,87,87,87,87,87,87,87,87,87,97,97,97,97,97,97,97,102,102,102,102,102,102,102,102,102,102],"relic_stats":{"Torii":3,"Gremlin Horn":[6,6],"counters":[26,129],"Blue Candle":[0],"CeramicFish":135,"Eternal Feather":82,"PreservedInsect":77,"Ginger":[4],"Smiling Mask":360,"Cursed Key":2,"OrangePellets":[3],"Centennial Puzzle":[42],"Shovel":5,"Sundial":[22],"Mummified Hand":[17],"Pandora\u0027s Box":["GrandCross","OortCloud","AlicesGift","DoubleSpark","ShootingEcho","DragonMeteor","MagicChant"],"Tiny Chest":1,"Prayer Wheel":3,"Kunai":[7],"obtain_stats":[{"Lantern":26,"Torii":32,"Gremlin Horn":41,"CeramicFish":23,"Ginger":33,"Smiling Mask":8,"Cursed Key":34,"Centennial Puzzle":15,"Shovel":14,"Sundial":27,"Mummified Hand":49,"Strawberry":29,"Philosopher\u0027s Stone":0,"Tiny Chest":30,"Prayer Wheel":36,"WingedGreaves":11,"HandmadeGrimoire":25,"Kunai":46,"Pear":39,"Blue Candle":11,"Eternal Feather":23,"The Courier":9,"PreservedInsect":47,"Omamori":30,"OrangePellets":36,"CaptainsWheel":43,"Bottled Flame":54,"Pandora\u0027s Box":17,"Bag of Marbles":27,"MiniHakkero":0,"StrikeDummy":25,"FossilizedHelix":6},{"Lantern":13,"Torii":17,"Gremlin Horn":21,"CeramicFish":12,"Ginger":18,"Smiling Mask":7,"Cursed Key":18,"Centennial Puzzle":8,"Shovel":8,"Sundial":14,"Mummified Hand":23,"Strawberry":15,"Philosopher\u0027s Stone":0,"Tiny Chest":16,"Prayer Wheel":19,"WingedGreaves":7,"HandmadeGrimoire":13,"Kunai":22,"Pear":20,"Blue Candle":7,"Eternal Feather":12,"The Courier":7,"PreservedInsect":22,"Omamori":16,"OrangePellets":19,"CaptainsWheel":21,"Bottled Flame":25,"Pandora\u0027s Box":9,"Bag of Marbles":14,"MiniHakkero":0,"StrikeDummy":13,"FossilizedHelix":6},{"Lantern":54,"Torii":72,"Gremlin Horn":101,"CeramicFish":48,"Ginger":86,"Smiling Mask":24,"Cursed Key":86,"Centennial Puzzle":27,"Shovel":27,"Sundial":60,"Mummified Hand":107,"Strawberry":64,"Philosopher\u0027s Stone":0,"Tiny Chest":68,"Prayer Wheel":90,"WingedGreaves":24,"HandmadeGrimoire":54,"Kunai":105,"Pear":95,"Blue Candle":24,"Eternal Feather":48,"The Courier":24,"PreservedInsect":106,"Omamori":68,"OrangePellets":90,"CaptainsWheel":101,"Bottled Flame":120,"Pandora\u0027s Box":37,"Bag of Marbles":60,"MiniHakkero":0,"StrikeDummy":54,"FossilizedHelix":19}]},"card_choices":[{"not_picked":["SporeBomb","DoubleSpark"],"picked":"ShootingEcho","floor":1.0},{"not_picked":["MeteoricShower","GrandCross"],"picked":"NonDirectionalLaser","floor":2.0},{"not_picked":["GalacticHalo","DoubleSpark"],"picked":"UltimateShortwave","floor":3.0},{"not_picked":["NonDirectionalLaser","MysteriousBeam"],"picked":"Acceleration","floor":4.0},{"not_picked":["ChargeUpSpray","Singularity"],"picked":"WitchOfGreed","floor":5.0},{"not_picked":["OrrerysSun","BinaryStars"],"picked":"DC","floor":6.0},{"not_picked":["OpenUniverse","MysteriousBeam"],"picked":"ShootingEcho","floor":8.0},{"not_picked":["MachineGunSpark","PropBag"],"picked":"Acceleration","floor":14.0},{"not_picked":["CasketOfStar","SatelliteIllusion"],"picked":"TreasureHunter","floor":16.0},{"not_picked":["Occultation","DarkSpark"],"picked":"MagicChant","floor":18.0},{"not_picked":["OrrerysSun+1","MeteoricShower","WitchLeyline"],"picked":"SKIP","floor":21.0},{"not_picked":["MysteriousBeam+1","MaximisePower","WitchLeyline"],"picked":"SKIP","floor":23.0},{"not_picked":["MagicChant","UnstableBomb","GrandCross"],"picked":"SKIP","floor":25.0},{"not_picked":["MysteriousBeam+1","LuminesStrike"],"picked":"EarthLightRay","floor":27.0},{"not_picked":["MysteriousBeam","SuperPerseids"],"picked":"Acceleration","floor":28.0},{"not_picked":["ShootingEcho","DarkMatter"],"picked":"SatelliteIllusion","floor":30.0},{"not_picked":["NonDirectionalLaser","GrandCross"],"picked":"Acceleration","floor":31.0},{"not_picked":["JA","BlazingStar"],"picked":"ManaRampage","floor":33.0},{"not_picked":["NonDirectionalLaser+1","SporeBomb"],"picked":"MagicChant","floor":35.0},{"not_picked":["MilkyWay","6A+1"],"picked":"Acceleration","floor":38.0},{"not_picked":["IllusionStar","MilkyWay"],"picked":"EnergyFlow","floor":38.0},{"not_picked":["NonDirectionalLaser+1","IllusionStar"],"picked":"Acceleration+1","floor":41.0},{"not_picked":["ChargeUpSpray","StarBarrage+1"],"picked":"OortCloud","floor":46},{"not_picked":["ShootTheMoon","BigCrunch","DC+1"],"picked":"SKIP","floor":46},{"not_picked":["NonDirectionalLaser","StarDustReverie"],"picked":"SprinkleStarSeal+1","floor":48},{"not_picked":["SporeBomb","ShootTheMoon+1","DoubleSpark+1"],"picked":"SKIP","floor":48},{"not_picked":["UnstableBomb","LuminesStrike+1"],"picked":"GasGiant+1","floor":54}],"player_experience":857096,"relics_obtained":[{"floor":6.0,"key":"FossilizedHelix"},{"floor":8.0,"key":"Smiling Mask"},{"floor":9.0,"key":"The Courier"},{"floor":14.0,"key":"Shovel"},{"floor":15.0,"key":"Centennial Puzzle"},{"floor":23.0,"key":"CeramicFish"},{"floor":23.0,"key":"Eternal Feather"},{"floor":25.0,"key":"HandmadeGrimoire"},{"floor":25.0,"key":"StrikeDummy"},{"floor":26.0,"key":"Lantern"},{"floor":27.0,"key":"Bag of Marbles"},{"floor":27.0,"key":"Sundial"},{"floor":29.0,"key":"Strawberry"},{"floor":30.0,"key":"Tiny Chest"},{"floor":30.0,"key":"Omamori"},{"floor":32.0,"key":"Torii"},{"floor":33.0,"key":"Ginger"},{"floor":41.0,"key":"Gremlin Horn"},{"floor":43.0,"key":"CaptainsWheel"},{"floor":47,"key":"PreservedInsect"},{"floor":49,"key":"Mummified Hand"},{"floor":54,"key":"Kunai"},{"floor":54,"key":"Bottled Flame"}],"event_choices":[{"damage_healed":0.0,"max_hp_gain":0.0,"max_hp_loss":0.0,"gold_gain":1.0,"event_name":"betterThird:BetterScrap","player_choice":"Relic Relic ","floor":11.0,"gold_loss":0.0,"damage_taken":15.0,"cards_obtained":["Reboot"]},{"damage_healed":0.0,"max_hp_gain":0.0,"max_hp_loss":0.0,"gold_gain":0.0,"event_name":"Designer","player_choice":"Upgrade","floor":19.0,"gold_loss":40.0,"damage_taken":0.0,"cards_upgraded":["UltimateShortwave"]},{"damage_healed":0.0,"max_hp_gain":0.0,"max_hp_loss":0.0,"gold_gain":0.0,"event_name":"WeMeetAgain","player_choice":"Gave Potion","floor":39.0,"gold_loss":0.0,"damage_taken":0.0,"relics_obtained":["Pear"]},{"damage_healed":0.0,"max_hp_gain":0.0,"max_hp_loss":0.0,"gold_gain":0.0,"event_name":"Winding Halls","player_choice":"Embrace Madness","floor":44.0,"gold_loss":0.0,"damage_taken":12.0,"cards_obtained":["Madness","Madness"]}],"is_beta":false,"boss_relics":[{"not_picked":["ExperimentalFamiliar","Ectoplasm"],"picked":"Pandora\u0027s Box"},{"not_picked":["Sozu","Busted Crown"],"picked":"Cursed Key"}],"items_purged_floors":[12,20,20,22,53,53],"is_endless":false,"potions_floor_spawned":[3,5,6,8,16,18,23,31,41,46,48],"ascension_level":12}}