{"host":"26je6g5b6jsd0prz","time":1608374043,"event":{"mods":["AchievementEnabler","BaseMod","Colored Map","Minty Spire (QoL Compilation)"],"gold_per_floor":[115,115,130,62,27,57,57,57,57,88,98,114,114,186,186,283,283,293,293,208,208,208,208,241,241,264,264,264],"floor_reached":27,"playtime":4867,"items_purged":[],"score":260,"play_id":"a6396047-3b56-481f-9359-b1f3961513ea","local_time":"20201219193403","is_ascension_mode":false,"campfire_choices":[{"data":"Redo","floor":8,"key":"SMITH"},{"data":"Hello World","floor":13,"key":"SMITH"},{"data":"Amplify","floor":15,"key":"SMITH"},{"data":"Creative AI","floor":23,"key":"SMITH"},{"floor":25,"key":"REST"}],"circlet_count":0,"master_deck":["Strike_B","Strike_B","Strike_B","Strike_B","Defend_B","Defend_B","Defend_B+1","Defend_B","Zap","Dualcast+1","Redo+1","Rebound","Amplify+1","Streamline","Gash","Hello World+1","Creative AI+1","Melter","White Noise","Stack+1"],"relics":["Cracked Core","NeowsBlessing","InkBottle","War Paint","CultistMask","MealTicket","Bronze Scales","Sozu","Mercury Hourglass","White Beast Statue","Art of War"],"acts_visited":["Exordium","TheCity"],"potions_floor_usage":[18,19,24],"damage_taken":[{"damage":0,"enemies":"2 Louse","floor":1,"turns":1},{"damage":0,"enemies":"Jaw Worm","floor":3,"turns":1},{"damage":0,"enemies":"Lagavulin","floor":6,"turns":1},{"damage":15,"enemies":"3 Sentries","floor":10,"turns":7},{"damage":0,"enemies":"Small Slimes","floor":11,"turns":3},{"damage":12,"enemies":"Gremlin Gang","floor":12,"turns":3},{"damage":30,"enemies":"Slime Boss","floor":16,"turns":7},{"damage":14,"enemies":"Shell Parasite","floor":18,"turns":5},{"damage":0,"enemies":"Masked Bandits","floor":19,"turns":1},{"damage":22,"enemies":"Gremlin Leader","floor":24,"turns":6},{"damage":21,"enemies":"Colosseum Slavers","floor":27,"turns":3},{"damage":37,"enemies":"Colosseum Nobs","floor":27,"turns":3}],"seed_played":"-3760121648816619839","potions_obtained":[{"floor":3,"key":"SpeedPotion"},{"floor":10,"key":"Dexterity Potion"},{"floor":12,"key":"SmokeBomb"}],"is_trial":false,"path_per_floor":["M","?","M","$","?","E","?","R","T","E","M","M","R","?","R","B",null,"M","?","?","?","?","R","E","R","T","?"],"character_chosen":"DEFECT","items_purchased":["Amplify"],"campfire_rested":1,"item_purchase_floors":[4],"current_hp_per_floor":[75,68,68,68,75,75,75,75,75,60,60,48,48,48,48,18,75,61,61,61,61,47,47,25,49,49,0,0],"gold":264,"neow_bonus":"THREE_ENEMY_KILL","is_daily":false,"chose_seed":false,"campfire_upgraded":4,"win_rate":0.0,"timestamp":1608374043,"path_taken":["M","?","M","$","?","E","?","R","T","E","?","M","R","?","R","BOSS","M","?","?","?","?","R","E","R","T","?"],"items_purchased_type":["Card"],"build_version":"2020-12-13","purchased_purges":0,"victory":false,"max_hp_per_floor":[75,75,75,75,75,75,75,75,75,75,75,75,75,75,75,75,75,75,75,75,75,80,80,80,80,80,80,80],"card_choices":[{"not_picked":["Barrage","Heatsinks"],"picked":"Redo","floor":1},{"not_picked":["Compile Driver","Recycle"],"picked":"Rebound","floor":3},{"not_picked":["Ball Lightning","Hyperbeam","Rebound"],"picked":"SKIP","floor":6},{"not_picked":["Barrage","Meteor Strike"],"picked":"Streamline","floor":10},{"not_picked":["Auto Shields","Go for the Eyes"],"picked":"Gash","floor":11},{"not_picked":["Go for the Eyes","Rebound"],"picked":"Hello World","floor":12},{"not_picked":["Amplify","Seek"],"picked":"Creative AI","floor":16},{"not_picked":["Conserve Battery","Turbo"],"picked":"Melter","floor":18},{"not_picked":["Steam Power+1","Beam Cell"],"picked":"Stack+1","floor":24}],"player_experience":154369,"relics_obtained":[{"floor":6,"key":"War Paint"},{"floor":9,"key":"MealTicket"},{"floor":10,"key":"Bronze Scales"},{"floor":24,"key":"White Beast Statue"},{"floor":26,"key":"Art of War"}],"event_choices":[{"damage_healed":0,"gold_gain":0,"player_choice":"Success","damage_taken":7,"relics_obtained":["InkBottle"],"max_hp_gain":0,"max_hp_loss":0,"event_name":"Scrap Ooze","floor":2,"gold_loss":0},{"damage_healed":18,"gold_gain":0,"player_choice":"Healed","damage_taken":0,"max_hp_gain":0,"max_hp_loss":0,"event_name":"The Cleric","floor":5,"gold_loss":35},{"damage_healed":0,"gold_gain":0,"player_choice":"Trade","damage_taken":0,"relics_obtained":["CultistMask"],"max_hp_gain":0,"max_hp_loss":0,"event_name":"FaceTrader","floor":7,"gold_loss":0},{"damage_healed":0,"gold_gain":72,"player_choice":"Gained Gold","damage_taken":0,"max_hp_gain":0,"max_hp_loss":0,"event_name":"Golden Wing","floor":14,"gold_loss":0},{"damage_healed":0,"gold_gain":0,"player_choice":"Fought Bandits","damage_taken":0,"max_hp_gain":0,"max_hp_loss":0,"event_name":"Masked Bandits","floor":19,"gold_loss":0},{"damage_healed":0,"gold_gain":0,"player_choice":"Obtained Relic","damage_taken":0,"relics_obtained":["Mercury Hourglass"],"max_hp_gain":0,"max_hp_loss":0,"event_name":"Addict","floor":20,"gold_loss":85},{"damage_healed":0,"gold_gain":0,"player_choice":"Read","damage_taken":0,"max_hp_gain":0,"max_hp_loss":0,"event_name":"The Library","floor":21,"gold_loss":0,"cards_obtained":["White Noise"]},{"damage_healed":0,"gold_gain":0,"player_choice":"Shed Blood","damage_taken":19,"max_hp_gain":5,"max_hp_loss":0,"event_name":"Forgotten Altar","floor":22,"gold_loss":0},{"damage_healed":0,"gold_gain":0,"player_choice":"Fight","damage_taken":0,"max_hp_gain":0,"max_hp_loss":0,"event_name":"Colosseum","floor":27,"gold_loss":0},{"damage_healed":0,"gold_gain":0,"player_choice":"Fought Nobs","damage_taken":0,"max_hp_gain":0,"max_hp_loss":0,"event_name":"Colosseum","floor":27,"gold_loss":0}],"is_beta":false,"boss_relics":[{"not_picked":["Astrolabe","Velvet Choker"],"picked":"Sozu"}],"items_purged_floors":[],"is_endless":false,"potions_floor_spawned":[3,10,12,19,27],"killed_by":"Colosseum Nobs","ascension_level":0}}