{"host":"mvlqq966zh3ccmv5","time":1608400955,"event":{"mods":["AchievementEnabler","BaseMod","DeckTracker","Minty Spire (QoL Compilation)","SuperFastMode"],"gold_per_floor":[113,63,78,78,8,8,36,49,97,125,125,159,159,174,174,248,248,263,263,35,35,53,86,11,11,56,56,67,102,102,122,122,201,251,268,293,293,26,36,67,87,87,87,104,104,104,104,135,135,135],"floor_reached":51,"playtime":1750,"items_purged":["Defend_P","Defend_P"],"score":1391,"play_id":"eb94f152-c219-4629-acf2-c2d7ec3d5743","local_time":"20201220030235","is_ascension_mode":true,"campfire_choices":[{"data":"Eruption","floor":6.0,"key":"SMITH"},{"floor":11.0,"key":"REST"},{"data":"Crescendo","floor":13.0,"key":"SMITH"},{"floor":15.0,"key":"REST"},{"floor":30.0,"key":"REST"},{"floor":32.0,"key":"REST"},{"floor":46,"key":"REST"},{"floor":49,"key":"REST"}],"circlet_count":0,"master_deck":["AscendersBane","Strike_P+1","Strike_P+1","Defend_P+1","Eruption+1","Vigilance+1","EmptyBody","FollowUp+1","FearNoEvil","InnerPeace","Crescendo+1","ClearTheMind","Vault","Adaptation","Vault","MentalFortress","Thinking Ahead","Scrawl"],"relics":["PureWater","Dream Catcher","Potion Belt","Anchor","Lantern","Bronze Scales","Fusion Hammer","Bag of Preparation","Juzu Bracelet","Whetstone","Letter Opener","Tiny Chest","Tiny House","Prayer Wheel","Shovel","Ornamental Fan","Centennial Puzzle"],"acts_visited":["Exordium","TheCity","TheBeyond"],"potions_floor_usage":[50,50,50,50],"damage_taken":[{"damage":4.0,"enemies":"Cultist","floor":1.0,"turns":6.0},{"damage":0.0,"enemies":"2 Louse","floor":3.0,"turns":3.0},{"damage":13.0,"enemies":"Lagavulin","floor":7.0,"turns":7.0},{"damage":0.0,"enemies":"Jaw Worm","floor":8.0,"turns":3.0},{"damage":10.0,"enemies":"3 Sentries","floor":10.0,"turns":11.0},{"damage":11.0,"enemies":"Lagavulin","floor":12.0,"turns":6.0},{"damage":2.0,"enemies":"Exordium Thugs","floor":14.0,"turns":2.0},{"damage":18.0,"enemies":"The Guardian","floor":16.0,"turns":10.0},{"damage":11.0,"enemies":"Spheric Guardian","floor":18.0,"turns":4.0},{"damage":0.0,"enemies":"2 Thieves","floor":22.0,"turns":4.0},{"damage":0.0,"enemies":"Slavers","floor":23.0,"turns":6.0},{"damage":1.0,"enemies":"Shelled Parasite and Fungi","floor":28.0,"turns":4.0},{"damage":18.0,"enemies":"Book of Stabbing","floor":29.0,"turns":5.0},{"damage":7.0,"enemies":"Snake Plant","floor":31.0,"turns":3.0},{"damage":63.0,"enemies":"Automaton","floor":33.0,"turns":10.0},{"damage":15.0,"enemies":"3 Darklings","floor":35.0,"turns":5.0},{"damage":0.0,"enemies":"Mind Bloom Boss Battle","floor":36.0,"turns":6.0},{"damage":0.0,"enemies":"3 Shapes","floor":39.0,"turns":4.0},{"damage":11.0,"enemies":"Giant Head","floor":40.0,"turns":9.0},{"damage":3.0,"enemies":"Writhing Mass","floor":41.0,"turns":6.0},{"damage":6.0,"enemies":"Nemesis","floor":42.0,"turns":7.0},{"damage":3,"enemies":"Spire Growth","floor":44,"turns":6},{"damage":0,"enemies":"Reptomancer","floor":48,"turns":6},{"damage":60,"enemies":"Awakened One","floor":50,"turns":11}],"seed_played":"164189482823936460","potions_obtained":[{"floor":7.0,"key":"EntropicBrew"},{"floor":10.0,"key":"Explosive Potion"},{"floor":14.0,"key":"SmokeBomb"},{"floor":22.0,"key":"FairyPotion"},{"floor":28.0,"key":"Ancient Potion"},{"floor":29.0,"key":"Fire Potion"},{"floor":34.0,"key":"Dexterity Potion"},{"floor":39.0,"key":"EntropicBrew"}],"is_trial":false,"path_per_floor":["M","?","M","?","$","R","E","M","T","E","R","E","R","M","R","B",null,"M","?","$","?","M","E","?","?","T","T","M","E","R","M","R","B",null,"M","?","?","$","M","E","M","E","T","M","?","R","T","E","R","B",null],"character_chosen":"WATCHER","items_purchased":["FearNoEvil","Bag of Preparation","Thinking Ahead"],"campfire_rested":6,"item_purchase_floors":[5,20,38],"current_hp_per_floor":[57,57,57,43,43,43,30,30,30,20,40,29,29,27,47,29,58,47,47,47,47,47,47,47,47,47,47,46,28,48,41,61,3,57,42,42,42,42,42,31,28,22,22,19,19,39,39,39,59,29],"gold":135,"neow_bonus":"RANDOM_COMMON_RELIC","is_daily":false,"chose_seed":false,"campfire_upgraded":2,"win_rate":0.0,"timestamp":1608400955,"path_taken":["M","?","M","?","$","R","E","M","T","E","R","E","R","M","R","BOSS","M","?","$","?","M","E","?","?","T","?","M","E","R","M","R","BOSS","M","?","?","$","M","E","M","E","T","M","?","R","?","E","R","BOSS"],"items_purchased_type":["Card","Relic","Card"],"build_version":"2020-12-13","purchased_purges":2,"victory":true,"max_hp_per_floor":[68,68,68,68,68,68,68,68,68,68,68,68,68,68,68,68,68,68,68,68,68,68,68,68,68,68,68,68,68,68,68,68,68,73,73,73,73,73,73,73,73,73,73,73,69,69,69,69,69,69],"card_choices":[{"not_picked":["Wallop","SashWhip"],"picked":"EmptyBody","floor":1.0},{"not_picked":["CutThroughFate","BowlingBash"],"picked":"FollowUp","floor":3.0},{"not_picked":["EmptyBody","CutThroughFate","DeceiveReality"],"picked":"SKIP","floor":7.0},{"not_picked":["ThirdEye","WindmillStrike","FlyingSleeves"],"picked":"SKIP","floor":8.0},{"not_picked":["Prostrate","Wireheading"],"picked":"InnerPeace","floor":10.0},{"not_picked":["CrushJoints","Nirvana"],"picked":"Crescendo","floor":12.0},{"not_picked":["EmptyBody","Wallop"],"picked":"ClearTheMind","floor":14.0},{"not_picked":["LessonLearned","DevaForm"],"picked":"Vault","floor":16.0},{"not_picked":["WreathOfFlame","JustLucky","FlyingSleeves"],"picked":"SKIP","floor":18.0},{"not_picked":["FearNoEvil","ThirdEye","PathToVictory"],"picked":"SKIP","floor":22.0},{"not_picked":["FollowUp","WindmillStrike","PathToVictory"],"picked":"SKIP","floor":23.0},{"not_picked":["FlyingSleeves","FollowUp","BattleHymn"],"picked":"SKIP","floor":28.0},{"not_picked":["DeceiveReality","Wallop+1"],"picked":"Adaptation","floor":29.0},{"not_picked":["Collect+1","Prostrate","EmptyBody"],"picked":"SKIP","floor":31.0},{"not_picked":["ConjureBlade","Judgement"],"picked":"Vault","floor":33.0},{"not_picked":["Fasting2","WaveOfTheHand"],"picked":"MentalFortress","floor":35.0},{"not_picked":["SashWhip","Collect","LikeWater"],"picked":"SKIP","floor":39.0},{"not_picked":["EmptyBody","Adaptation+1","BowlingBash"],"picked":"SKIP","floor":39.0},{"not_picked":["LessonLearned","FlyingSleeves","SandsOfTime"],"picked":"SKIP","floor":40.0},{"not_picked":["EmptyFist","FlurryOfBlows","Protect"],"picked":"SKIP","floor":41.0},{"not_picked":["Halt","EmptyFist","FollowUp"],"picked":"SKIP","floor":41.0},{"not_picked":["Evaluate","BowlingBash"],"picked":"Scrawl","floor":44},{"not_picked":["Protect","ClearTheMind","Perseverance"],"picked":"SKIP","floor":44},{"not_picked":["Judgement","InnerPeace","Consecrate"],"picked":"SKIP","floor":48}],"player_experience":217208,"relics_obtained":[{"floor":7.0,"key":"Potion Belt"},{"floor":9.0,"key":"Anchor"},{"floor":10.0,"key":"Lantern"},{"floor":12.0,"key":"Bronze Scales"},{"floor":23.0,"key":"Juzu Bracelet"},{"floor":26.0,"key":"Whetstone"},{"floor":27.0,"key":"Letter Opener"},{"floor":29.0,"key":"Tiny Chest"},{"floor":36.0,"key":"Prayer Wheel"},{"floor":40.0,"key":"Shovel"},{"floor":43.0,"key":"Ornamental Fan"},{"floor":48,"key":"Centennial Puzzle"}],"event_choices":[{"cards_removed":["Strike_P"],"damage_healed":0.0,"max_hp_gain":0.0,"max_hp_loss":0.0,"gold_gain":0.0,"event_name":"The Cleric","player_choice":"Card Removal","floor":2.0,"gold_loss":50.0,"damage_taken":0.0},{"damage_healed":0.0,"max_hp_gain":0.0,"max_hp_loss":0.0,"gold_gain":0.0,"event_name":"Shining Light","player_choice":"Entered Light","floor":4.0,"gold_loss":0.0,"damage_taken":14.0,"cards_upgraded":["Strike_P","Vigilance"]},{"cards_removed":["Strike_P"],"damage_healed":0.0,"max_hp_gain":0.0,"max_hp_loss":0.0,"gold_gain":0.0,"event_name":"Back to Basics","player_choice":"Elegance","floor":19.0,"gold_loss":0.0,"damage_taken":0.0},{"damage_healed":0.0,"max_hp_gain":0.0,"max_hp_loss":0.0,"gold_gain":0.0,"event_name":"N\u0027loth","player_choice":"Ignored","floor":21.0,"gold_loss":0.0,"damage_taken":0.0},{"cards_removed":["Defend_P"],"damage_healed":0.0,"max_hp_gain":0.0,"max_hp_loss":0.0,"gold_gain":0.0,"event_name":"Beggar","player_choice":"Gave Gold","floor":24.0,"gold_loss":75.0,"damage_taken":0.0},{"damage_healed":0.0,"max_hp_gain":0.0,"max_hp_loss":0.0,"gold_gain":0.0,"event_name":"Ghosts","player_choice":"Ignored","floor":25.0,"gold_loss":0.0,"damage_taken":0.0},{"damage_healed":0.0,"max_hp_gain":0.0,"max_hp_loss":0.0,"gold_gain":0.0,"event_name":"MindBloom","player_choice":"Fight","floor":36.0,"gold_loss":0.0,"damage_taken":0.0},{"damage_healed":0.0,"max_hp_gain":0.0,"max_hp_loss":0.0,"gold_gain":0.0,"event_name":"Tomb of Lord Red Mask","player_choice":"Ignored","floor":37.0,"gold_loss":0.0,"damage_taken":0.0},{"damage_healed":0,"gold_gain":0,"player_choice":"Max HP","damage_taken":0,"max_hp_gain":0,"max_hp_loss":4,"event_name":"Winding Halls","floor":45,"gold_loss":0}],"is_beta":false,"boss_relics":[{"not_picked":["Snecko Eye","Philosopher\u0027s Stone"],"picked":"Fusion Hammer"},{"not_picked":["Pandora\u0027s Box","HolyWater"],"picked":"Tiny House"}],"items_purged_floors":[20,38],"is_endless":false,"potions_floor_spawned":[7,10,14,22,28,29,39,42],"ascension_level":14}}