{"host":"0azimyi6n3ugndj4","time":1608419248,"event":{"mods":["BaseMod","Bestiary","Conspire","Curses Come First","Defuse TimeMaze Blight","Hyrulean Relics","Infinite Spire","Minty Spire (QoL Compilation)","Relic Sorter","Relic Stats","Replay The Spire","StSLib","SuperFastMode","Uncapped","¡¼?Úª?ø«¡½REMEMod"],"gold_per_floor":[438,549,588,657,54,54,150,150,150,150,231,339,441,555,567,828,840,900,1005,1074,1155,1167,1338,1350,1371,1371],"floor_reached":25,"playtime":967,"items_purged":["Crescendo"],"score":686,"play_id":"75b41aa1-3232-4521-bb19-fce4123d680d","local_time":"20201220080728","daily_mods":["Insanity","Chimera","Specialized","Vintage","ControlledChaos","Allstar","Diverse","Colorless Cards","Heirloom","Time Dilation","Binary","Elite Swarm","Lethality","Midas","Uncertain Future"],"is_ascension_mode":true,"campfire_choices":[{"floor":6,"key":"REST"},{"floor":8,"key":"REST"},{"floor":15,"key":"REST"},{"floor":24,"key":"REST"}],"circlet_count":0,"master_deck":["Demon Form","Wraith Form v2","Echo Form","DevaForm","AscendersBane","Bash","Survivor","Zap","Strike_R","Strike_G","Strike_B","Defend_R","Defend_G","Defend_P","Gash","Backflip","Prepared","Prepared","Sucker Punch","BasicCrystalCard","Leap","Uppercut","Sanctity","REME_Repentance","ReplayTheSpireMod:Repulse","REME_SingleHolding","Panic Button","Hologram","Gash","Sweeping Beam","Deadly Poison","Fusion","ReplayTheSpireMod:Strike From Hell","Replay:ManipulateFuture","Rage","REME_SelfUpgrade","Twin Strike","ReplayTheSpireMod:Strike From Hell","Perfected Strike","Trip","Deflect","Finisher","Anger","Clash","Trip","Chaos","Conserve Battery","Crescendo","BasicCrystalCard","Caltrops","Anger","Streamline","Combust","Underhanded Strike","conspire:SharedLibrary","Glacier","SandsOfTime","PathToVictory","EmptyBody","Hidden Blade","ReplayTheSpireMod:LeadingStrike","ReplayTheSpireMod:Reroute Power","ReplayTheSpireMod:Reroute Power","ReplayTheSpireMod:Reroute Power","ReplayTheSpireMod:Reroute Power","ReplayTheSpireMod:Reroute Power","Madness","Discovery","ReplayUltimateDefense","Flash of Steel","Magnetism","SpiritShield","Outmaneuver","Night Terror","Core Surge","REME_WorshipGod","HandOfGreed","REME_BattleFury","Amplify"],"relics":["Burning Blood","Frozen Eye","REME_ComplimentaryCards","Old Coin","REME_ArchaeologicalTools","Replay:Baseball","Durian","Toy Ornithopter","REME_CardOfGreed","ReplayTheSpireMod:TigerMarble","Blue Candle","zeldaRelics:CourageTriforce","MawBank","Omamori","zeldaRelics:WisdomPiece","ChewingGum","Question Card","Replay:Multitool","Calipers","Onion Ring","conspire:RunicOctahedron","Happy Flower"],"acts_visited":["Exordium","TheCity"],"potions_floor_usage":[16,23,23],"damage_taken":[{"damage":5,"enemies":"2 Louse","floor":1,"turns":4},{"damage":25,"enemies":"Jaw Worm","floor":2,"turns":4},{"damage":4,"enemies":"conspire:RoseBush","floor":4,"turns":3},{"damage":5,"enemies":"Replay:BlueRogue","floor":7,"turns":1},{"damage":0,"enemies":"Exordium Thugs","floor":11,"turns":2},{"damage":1,"enemies":"Gremlin Nob","floor":12,"turns":1},{"damage":36,"enemies":"Lots of Slimes","floor":13,"turns":4},{"damage":23,"enemies":"Replay:BlueRogue","floor":14,"turns":2},{"damage":13,"enemies":"Slime Boss","floor":16,"turns":5},{"damage":0,"enemies":"Chosen","floor":18,"turns":3},{"damage":31,"enemies":"Shell Parasite","floor":19,"turns":3},{"damage":29,"enemies":"Snecko","floor":20,"turns":4},{"damage":15,"enemies":"Centurion and Healer","floor":21,"turns":3},{"damage":25,"enemies":"Nightmare","floor":23,"turns":5},{"damage":48,"enemies":"Book of Stabbing","floor":25,"turns":3}],"seed_played":"-7838724860944864018","potions_obtained":[{"floor":4,"key":"GamblersBrew"},{"floor":12,"key":"LiquidBronze"},{"floor":14,"key":"Energy Potion"},{"floor":19,"key":"Venom Potion"},{"floor":21,"key":"DistilledChaos"}],"is_trial":true,"path_per_floor":["M","M","?","M","$","R","E","R","T","?","M","E","M","E","R","B",null,"M","M","M","M","AVR","NM","R","E"],"character_chosen":"IRONCLAD","items_purchased":["REME_CardOfGreed","ReplayTheSpireMod:TigerMarble","Blue Candle"],"campfire_rested":4,"item_purchase_floors":[5,5,5],"current_hp_per_floor":[69,50,31,33,33,57,58,80,80,80,80,80,50,33,57,55,74,80,55,32,23,23,14,38,0,0],"gold":1371,"neow_bonus":"","is_daily":false,"chose_seed":false,"campfire_upgraded":0,"win_rate":0.0,"timestamp":1608419248,"path_taken":["M","M","?","M","$","R","E","R","T","?","M","E","?","E","R","BOSS","M","M","M","?","AVR","NM","R","E"],"items_purchased_type":["Relic","Relic","Relic"],"build_version":"2020-12-13","purchased_purges":1,"victory":false,"max_hp_per_floor":[75,75,80,80,80,80,80,80,80,80,80,80,80,80,80,80,80,80,80,80,80,80,80,80,80,80],"relic_stats":{"Happy Flower":[2],"counters":[15,47],"Blue Candle":[6],"MawBank":168,"Question Card":2,"obtain_stats":[{"zeldaRelics:WisdomPiece":14,"Calipers":20,"Happy Flower":22,"Blue Candle":5,"conspire:RunicOctahedron":22,"Omamori":13,"Replay:Multitool":19,"MawBank":11,"Question Card":18,"Burning Blood":0,"zeldaRelics:CourageTriforce":12,"Old Coin":0,"Frozen Eye":0,"Replay:Baseball":2,"ChewingGum":17,"Onion Ring":21,"REME_ArchaeologicalTools":1,"Durian":3,"ReplayTheSpireMod:TigerMarble":5,"zeldaRelics:CouragePiece":7,"REME_CardOfGreed":5,"Toy Ornithopter":4,"REME_ComplimentaryCards":0},{"zeldaRelics:WisdomPiece":8,"Calipers":12,"Happy Flower":13,"Blue Candle":3,"conspire:RunicOctahedron":13,"Omamori":7,"Replay:Multitool":11,"MawBank":5,"Question Card":10,"Burning Blood":0,"zeldaRelics:CourageTriforce":6,"Old Coin":0,"Frozen Eye":0,"Replay:Baseball":2,"ChewingGum":9,"Onion Ring":13,"REME_ArchaeologicalTools":1,"Durian":2,"ReplayTheSpireMod:TigerMarble":3,"zeldaRelics:CouragePiece":4,"REME_CardOfGreed":3,"Toy Ornithopter":3,"REME_ComplimentaryCards":0},{"zeldaRelics:WisdomPiece":21,"Calipers":36,"Happy Flower":39,"Blue Candle":11,"conspire:RunicOctahedron":39,"Omamori":19,"Replay:Multitool":32,"MawBank":14,"Question Card":29,"Burning Blood":0,"zeldaRelics:CourageTriforce":15,"Old Coin":0,"Frozen Eye":0,"Replay:Baseball":8,"ChewingGum":26,"Onion Ring":39,"REME_ArchaeologicalTools":4,"Durian":8,"ReplayTheSpireMod:TigerMarble":11,"zeldaRelics:CouragePiece":12,"REME_CardOfGreed":11,"Toy Ornithopter":11,"REME_ComplimentaryCards":0}],"Burning Blood":73,"Toy Ornithopter":15},"card_choices":[{"not_picked":["Toxin Wave"],"picked":"Outmaneuver","floor":3},{"not_picked":["REME_EmptyShield"],"picked":"Night Terror","floor":7},{"not_picked":["Bludgeon"],"picked":"REME_WorshipGod","floor":12},{"not_picked":["Chrysalis"],"picked":"HandOfGreed","floor":14},{"not_picked":["After Image","Glass Knife"],"picked":"REME_BattleFury","floor":16},{"not_picked":["Corruption","Reboot"],"picked":"Amplify","floor":23}],"player_experience":1474598,"relics_obtained":[{"floor":1,"key":"REME_ArchaeologicalTools"},{"floor":2,"key":"Replay:Baseball"},{"floor":3,"key":"Durian"},{"floor":4,"key":"Toy Ornithopter"},{"floor":7,"key":"zeldaRelics:CouragePiece"},{"floor":9,"key":"zeldaRelics:CouragePiece"},{"floor":11,"key":"MawBank"},{"floor":12,"key":"zeldaRelics:CouragePiece"},{"floor":13,"key":"Omamori"},{"floor":14,"key":"zeldaRelics:WisdomPiece"},{"floor":18,"key":"Question Card"},{"floor":19,"key":"Replay:Multitool"},{"floor":20,"key":"Calipers"},{"floor":21,"key":"Onion Ring"},{"floor":23,"key":"zeldaRelics:WisdomPiece"}],"event_choices":[{"damage_healed":0,"gold_gain":0,"cards_transformed":["Eruption"],"player_choice":"Transformed","damage_taken":0,"max_hp_gain":0,"max_hp_loss":0,"event_name":"Transmorgrifier","floor":10,"gold_loss":0,"cards_obtained":["Core Surge"]}],"is_beta":false,"boss_relics":[{"not_picked":["SacredBark","infinitespire:Cupcake"],"picked":"ChewingGum"}],"items_purged_floors":[22],"is_endless":true,"potions_floor_spawned":[4,12,14,19,20,21],"killed_by":"Book of Stabbing","ascension_level":20}}