{"host":"axuns55dzq466eei","time":1608376256,"event":{"mods":["BaseMod","Colored Map","Keyboard Shortcuts","Minty Spire (QoL Compilation)","StSLib","SuperFastMode"],"gold_per_floor":[110,110,110,185,32,32,76,94,94,147,147,181,214,262,262,262,262],"floor_reached":16,"playtime":254,"items_purged":["Strike_G"],"score":286,"play_id":"188bd08c-fb10-493d-9bd4-c1e3702f7974","local_time":"20201219201056","is_ascension_mode":true,"campfire_choices":[{"data":"Blade Dance","floor":6.0,"key":"SMITH"},{"floor":11.0,"key":"REST"},{"floor":15,"key":"REST"}],"circlet_count":0,"master_deck":["AscendersBane","Strike_G","Strike_G","Strike_G","Strike_G","Defend_G","Defend_G+1","Defend_G","Defend_G","Defend_G+1","Survivor","Neutralize","Blade Dance+1","Tactician","Escape Plan","Backstab","Dash","Acrobatics","Cloak And Dagger","Flechettes"],"relics":["Ring of the Snake","NeowsBlessing","Golden Idol","Blood Vial","Gambling Chip","CeramicFish","MealTicket"],"acts_visited":["Exordium"],"potions_floor_usage":[14,14,16],"damage_taken":[{"damage":0.0,"enemies":"Jaw Worm","floor":1.0,"turns":1.0},{"damage":0.0,"enemies":"3 Sentries","floor":7.0,"turns":1.0},{"damage":0.0,"enemies":"Small Slimes","floor":8.0,"turns":1.0},{"damage":30.0,"enemies":"Lagavulin","floor":10.0,"turns":7.0},{"damage":0.0,"enemies":"2 Louse","floor":12.0,"turns":1.0},{"damage":0.0,"enemies":"Exordium Thugs","floor":13.0,"turns":4.0},{"damage":17,"enemies":"Gremlin Nob","floor":14,"turns":4},{"damage":30,"enemies":"Slime Boss","floor":16,"turns":7}],"seed_played":"1150987740373446518","potions_obtained":[{"floor":7.0,"key":"AttackPotion"},{"floor":10.0,"key":"SkillPotion"},{"floor":12.0,"key":"SpeedPotion"},{"floor":13.0,"key":"Fire Potion"},{"floor":14,"key":"EssenceOfSteel"}],"is_trial":false,"path_per_floor":["M","?","?","?","$","R","E","M","T","E","R","M","M","E","R","B"],"character_chosen":"THE_SILENT","items_purchased":["Tactician"],"campfire_rested":2,"item_purchase_floors":[5],"current_hp_per_floor":[59,39,39,28,28,28,28,30,30,2,20,22,24,9,27,0,0],"gold":262,"neow_bonus":"THREE_ENEMY_KILL","is_daily":false,"chose_seed":false,"campfire_upgraded":1,"win_rate":0.0,"timestamp":1608376256,"path_taken":["M","?","?","?","$","R","E","?","T","E","R","M","M","E","R","BOSS"],"items_purchased_type":["Card"],"build_version":"2020-12-13","purchased_purges":1,"victory":false,"max_hp_per_floor":[66,66,60,60,60,60,60,60,60,60,60,60,60,60,60,60,60],"card_choices":[{"not_picked":["Underhanded Strike","Sucker Punch"],"picked":"Blade Dance","floor":1.0},{"not_picked":["Deadly Poison","Skewer"],"picked":"Escape Plan","floor":7.0},{"not_picked":["Deadly Poison","Catalyst"],"picked":"Backstab","floor":8.0},{"not_picked":["Dodge and Roll","Catalyst"],"picked":"Dash","floor":10.0},{"not_picked":["Endless Agony","Outmaneuver"],"picked":"Acrobatics","floor":12.0},{"not_picked":["Dagger Spray","Sucker Punch"],"picked":"Cloak And Dagger","floor":13.0},{"not_picked":["Finisher","Night Terror"],"picked":"Flechettes","floor":14}],"player_experience":1035673,"relics_obtained":[{"floor":7.0,"key":"Blood Vial"},{"floor":9.0,"key":"Gambling Chip"},{"floor":10.0,"key":"CeramicFish"},{"floor":14,"key":"MealTicket"}],"event_choices":[{"damage_healed":0.0,"max_hp_gain":0.0,"max_hp_loss":0.0,"gold_gain":0.0,"event_name":"Shining Light","player_choice":"Entered Light","floor":2.0,"gold_loss":0.0,"damage_taken":20.0,"cards_upgraded":["Defend_G","Defend_G"]},{"damage_healed":0.0,"max_hp_gain":0.0,"max_hp_loss":6.0,"gold_gain":0.0,"event_name":"Golden Idol","player_choice":"Lose Max HP","floor":3.0,"gold_loss":0.0,"damage_taken":0.0,"relics_obtained":["Golden Idol"]},{"damage_healed":0.0,"max_hp_gain":0.0,"max_hp_loss":0.0,"gold_gain":75.0,"event_name":"World of Goop","player_choice":"Gather Gold","floor":4.0,"gold_loss":0.0,"damage_taken":11.0}],"is_beta":false,"boss_relics":[],"items_purged_floors":[5],"is_endless":false,"potions_floor_spawned":[7,10,12,13,14],"killed_by":"Slime Boss","ascension_level":20}}