{"host":"e1zuqie93klo2ncl","time":1608384108,"event":{"mods":["AchievementEnabler","BaseMod","Minty Spire (QoL Compilation)","Relic Stats","StSLib"],"gold_per_floor":[12,12,59,74,90,119,143,189,201,213,253,265,35,49,49,126,126,140,55,55,69,83,118,118,118,118,153,170,198,213,213,213],"floor_reached":31,"playtime":3619,"items_purged":["Strike_B"],"score":567,"play_id":"a0d986ac-b4a5-4a2b-b23c-f353b3b5d5d2","local_time":"20201219132148","is_ascension_mode":true,"campfire_choices":[{"floor":10.0,"key":"REST"},{"data":"Chill","floor":15.0,"key":"SMITH"},{"data":"Defragment","floor":24.0,"key":"SMITH"}],"circlet_count":0,"master_deck":["AscendersBane","Strike_B","Strike_B","Strike_B","Defend_B","Defend_B","Defend_B","Defend_B","Zap","Dualcast","Apotheosis+1","Ball Lightning","Sweeping Beam","Defragment+1","Chill+1","Loop","Cold Snap","Electrodynamics","Conserve Battery","Reboot","Cold Snap","Darkness","Static Discharge","Consume","Biased Cognition","Genetic Algorithm"],"relics":["Cracked Core","Oddly Smooth Stone","MawBank","Darkstone Periapt","Boot","Dream Catcher","Snecko Eye","Meat on the Bone","Orichalcum","Ornamental Fan","Ancient Tea Set","Mummified Hand","Turnip"],"acts_visited":["Exordium","TheCity"],"potions_floor_usage":[],"damage_taken":[{"damage":0.0,"enemies":"Small Slimes","floor":1.0,"turns":3.0},{"damage":6.0,"enemies":"Jaw Worm","floor":4.0,"turns":3.0},{"damage":0.0,"enemies":"Cultist","floor":5.0,"turns":2.0},{"damage":27.0,"enemies":"Gremlin Nob","floor":6.0,"turns":4.0},{"damage":2.0,"enemies":"Looter","floor":7.0,"turns":3.0},{"damage":7.0,"enemies":"Lagavulin","floor":8.0,"turns":6.0},{"damage":26.0,"enemies":"Gremlin Nob","floor":11.0,"turns":4.0},{"damage":12.0,"enemies":"Large Slime","floor":14.0,"turns":5.0},{"damage":15.0,"enemies":"Hexaghost","floor":16.0,"turns":8.0},{"damage":18.0,"enemies":"2 Thieves","floor":18.0,"turns":3.0},{"damage":12.0,"enemies":"Spheric Guardian","floor":21.0,"turns":5.0},{"damage":13.0,"enemies":"Centurion and Healer","floor":22.0,"turns":6.0},{"damage":19.0,"enemies":"Slavers","floor":23.0,"turns":5.0},{"damage":12.0,"enemies":"Book of Stabbing","floor":27.0,"turns":4.0},{"damage":20.0,"enemies":"Chosen and Byrds","floor":28.0,"turns":5.0},{"damage":21.0,"enemies":"Gremlin Leader","floor":29.0,"turns":7.0},{"damage":0,"enemies":"Snecko","floor":30,"turns":5},{"damage":39,"enemies":"Book of Stabbing","floor":31,"turns":4}],"seed_played":"8490838715530801156","potions_obtained":[{"floor":1.0,"key":"FocusPotion"},{"floor":5.0,"key":"Swift Potion"},{"floor":14.0,"key":"SteroidPotion"},{"floor":21.0,"key":"Ancient Potion"},{"floor":27.0,"key":"CultistPotion"}],"is_trial":false,"path_per_floor":["M","?","T","M","M","E","M","E","T","R","E","?","$","M","R","B",null,"M","?","?","M","M","E","R","T","T","E","M","E","M","E"],"character_chosen":"DEFECT","items_purchased":["Electrodynamics"],"campfire_rested":1,"item_purchase_floors":[13],"current_hp_per_floor":[64,64,64,58,58,31,29,22,22,43,17,71,71,59,59,44,64,46,46,46,46,45,38,38,38,38,38,30,21,33,0,0],"gold":213,"neow_bonus":"RANDOM_COLORLESS_2","is_daily":false,"chose_seed":false,"campfire_upgraded":2,"win_rate":0.0,"timestamp":1608384108,"path_taken":["M","?","?","M","M","E","M","E","T","R","E","?","$","?","R","BOSS","M","?","?","M","?","E","R","?","T","E","M","E","M","E"],"items_purchased_type":["Card"],"build_version":"2020-12-13","purchased_purges":1,"victory":false,"max_hp_per_floor":[71,71,71,71,71,71,71,71,71,71,71,71,71,71,71,71,71,71,71,71,71,71,71,71,71,71,71,71,71,71,71,71],"relic_stats":{"Darkstone Periapt":0,"Dream Catcher":0,"counters":[18,81],"Ornamental Fan":[8],"Mummified Hand":[22],"Snecko Eye":[73,88,78,84],"Turnip":[0],"Orichalcum":[36],"MawBank":84,"Boot":[10],"obtain_stats":[{"Darkstone Periapt":8,"Oddly Smooth Stone":3,"Orichalcum":23,"MawBank":6,"Boot":9,"Ancient Tea Set":26,"Dream Catcher":11,"Ornamental Fan":25,"Mummified Hand":27,"Snecko Eye":17,"Turnip":29,"Cracked Core":0,"Meat on the Bone":19},{"Darkstone Periapt":6,"Oddly Smooth Stone":1,"Orichalcum":13,"MawBank":4,"Boot":6,"Ancient Tea Set":13,"Dream Catcher":7,"Ornamental Fan":13,"Mummified Hand":14,"Snecko Eye":9,"Turnip":16,"Cracked Core":0,"Meat on the Bone":10},{"Darkstone Periapt":21,"Oddly Smooth Stone":3,"Orichalcum":57,"MawBank":12,"Boot":21,"Ancient Tea Set":57,"Dream Catcher":25,"Ornamental Fan":57,"Mummified Hand":61,"Snecko Eye":38,"Turnip":72,"Cracked Core":0,"Meat on the Bone":41}],"Meat on the Bone":84},"card_choices":[{"not_picked":["Magnetism","Secret Weapon"],"picked":"Apotheosis","floor":0.0},{"not_picked":["Storm","Tempest"],"picked":"Ball Lightning","floor":1.0},{"not_picked":["Ball Lightning","Turbo"],"picked":"Sweeping Beam","floor":4.0},{"not_picked":["Heatsinks","Beam Cell"],"picked":"Defragment","floor":5.0},{"not_picked":["Conserve Battery","Scrape"],"picked":"Chill","floor":6.0},{"not_picked":["Conserve Battery","Force Field"],"picked":"Loop","floor":7.0},{"not_picked":["Steam","Chaos"],"picked":"BootSequence","floor":8.0},{"not_picked":["Barrage","Thunder Strike"],"picked":"Cold Snap","floor":11.0},{"not_picked":["Turbo","Leap"],"picked":"Conserve Battery","floor":14.0},{"not_picked":["Creative AI","Electrodynamics"],"picked":"Reboot","floor":16.0},{"not_picked":["Rebound","Conserve Battery"],"picked":"Cold Snap","floor":18.0},{"not_picked":["Chill+1","Lockon","Steam Power"],"picked":"SKIP","floor":21.0},{"not_picked":["Chaos","Barrage"],"picked":"Darkness","floor":22.0},{"not_picked":["Force Field","Hyperbeam"],"picked":"Static Discharge","floor":23.0},{"not_picked":["Leap","Redo"],"picked":"Consume","floor":27.0},{"not_picked":["Conserve Battery+1","Rebound+1","Force Field+1"],"picked":"SKIP","floor":28.0},{"not_picked":["Hologram","Chaos"],"picked":"Biased Cognition","floor":29.0},{"not_picked":["Compile Driver","Redo"],"picked":"Genetic Algorithm","floor":30}],"player_experience":803416,"relics_obtained":[{"floor":3.0,"key":"Oddly Smooth Stone"},{"floor":6.0,"key":"MawBank"},{"floor":8.0,"key":"Darkstone Periapt"},{"floor":9.0,"key":"Boot"},{"floor":11.0,"key":"Dream Catcher"},{"floor":23.0,"key":"Orichalcum"},{"floor":25.0,"key":"Ornamental Fan"},{"floor":26.0,"key":"Ancient Tea Set"},{"floor":27.0,"key":"Mummified Hand"},{"floor":29.0,"key":"Turnip"}],"event_choices":[{"damage_healed":0.0,"max_hp_gain":0.0,"max_hp_loss":0.0,"gold_gain":0.0,"event_name":"Living Wall","player_choice":"Grow","floor":2.0,"gold_loss":0.0,"damage_taken":0.0,"cards_upgraded":["Apotheosis"]},{"cards_removed":["BootSequence"],"damage_healed":54.0,"max_hp_gain":0.0,"max_hp_loss":0.0,"gold_gain":0.0,"event_name":"Bonfire Elementals","player_choice":"Offered Uncommon","floor":12.0,"gold_loss":0.0,"damage_taken":0.0},{"damage_healed":0.0,"max_hp_gain":0.0,"max_hp_loss":0.0,"gold_gain":0.0,"event_name":"Addict","player_choice":"Obtained Relic","floor":19.0,"gold_loss":85.0,"damage_taken":0.0,"relics_obtained":["Meat on the Bone"]},{"damage_healed":0.0,"max_hp_gain":0.0,"max_hp_loss":0.0,"gold_gain":0.0,"event_name":"Match and Keep!","player_choice":"0 cards matched","floor":20.0,"gold_loss":0.0,"damage_taken":0.0,"cards_obtained":[]}],"is_beta":false,"boss_relics":[{"not_picked":["Black Star","Busted Crown"],"picked":"Snecko Eye"}],"items_purged_floors":[13],"is_endless":false,"potions_floor_spawned":[1,5,14,21,23,27,30],"killed_by":"Book of Stabbing","ascension_level":16}}