{"host":"agbyy69nq62afhwx","time":1608355366,"event":{"mods":["BaseMod","Colored Map","Highlight Path","Keyboard Shortcuts","Minty Spire (QoL Compilation)","Quick Restart","StSLib","SuperFastMode","everything is the same but u backflip on backflip"],"gold_per_floor":[119,131,141,24,44,44,79,92,92,104,121,121,121,149,149,149,149],"floor_reached":16,"playtime":685,"items_purged":[],"score":114,"play_id":"a94af12e-2928-4298-b7a2-9a996dd1820d","local_time":"20201219142246","is_ascension_mode":true,"campfire_choices":[{"data":"Venomology","floor":6.0,"key":"SMITH"},{"data":"Riddle With Holes","floor":13.0,"key":"SMITH"},{"data":"Well Laid Plans","floor":15.0,"key":"SMITH"}],"circlet_count":0,"master_deck":["Strike_G","Strike_G","Strike_G","Strike_G","Strike_G","Defend_G","Defend_G","Defend_G","Defend_G","Defend_G","Survivor","Neutralize","Backflip","Riddle With Holes+1","Dagger Spray","Finesse","Backflip","Venomology+1","Well Laid Plans+1","Footwork"],"relics":["Ring of the Snake","Meat on the Bone","Ornamental Fan","Odd Mushroom"],"acts_visited":["Exordium"],"potions_floor_usage":[16,16,16,16],"damage_taken":[{"damage":10.0,"enemies":"Jaw Worm","floor":1.0,"turns":5.0},{"damage":0.0,"enemies":"Small Slimes","floor":2.0,"turns":3.0},{"damage":0.0,"enemies":"2 Louse","floor":3.0,"turns":4.0},{"damage":3.0,"enemies":"Gremlin Gang","floor":5.0,"turns":4.0},{"damage":17.0,"enemies":"Gremlin Nob","floor":7.0,"turns":4.0},{"damage":4.0,"enemies":"Looter","floor":8.0,"turns":3.0},{"damage":8.0,"enemies":"3 Louse","floor":10.0,"turns":3.0},{"damage":1.0,"enemies":"Exordium Wildlife","floor":11.0,"turns":4.0},{"damage":7.0,"enemies":"The Mushroom Lair","floor":14.0,"turns":5.0},{"damage":53,"enemies":"Slime Boss","floor":16,"turns":13}],"seed_played":"-9127309298616868495","potions_obtained":[{"floor":5.0,"key":"Strength Potion"},{"floor":7.0,"key":"SkillPotion"},{"floor":8.0,"key":"DistilledChaos"}],"is_trial":false,"path_per_floor":["M","M","M","$","M","R","E","M","T","M","M","?","R","?","R","B"],"character_chosen":"THE_SILENT","items_purchased":["Finesse","Backflip"],"campfire_rested":0,"item_purchase_floors":[4,4],"current_hp_per_floor":[67,67,67,67,64,64,47,43,43,47,46,51,51,44,44,6,6],"gold":149,"neow_bonus":"TEN_PERCENT_HP_BONUS","is_daily":false,"chose_seed":false,"campfire_upgraded":3,"win_rate":0.0,"timestamp":1608355366,"path_taken":["M","M","M","$","M","R","E","M","T","M","M","?","R","?","R","BOSS"],"items_purchased_type":["Card","Card"],"build_version":"2020-12-13","purchased_purges":0,"victory":false,"max_hp_per_floor":[77,77,77,77,77,77,77,77,77,77,77,82,82,82,82,82,82],"card_choices":[{"not_picked":["Dodge and Roll","PiercingWail"],"picked":"Backflip","floor":1.0},{"not_picked":["Backflip","Quick Slash"],"picked":"Riddle With Holes","floor":2.0},{"not_picked":["Dagger Throw","Footwork"],"picked":"Dagger Spray","floor":3.0},{"not_picked":["Quick Slash","Cloak And Dagger"],"picked":"Venomology","floor":5.0},{"not_picked":["Reflex","Choke"],"picked":"Well Laid Plans","floor":7.0},{"not_picked":["Dagger Spray","Prepared","Heel Hook"],"picked":"SKIP","floor":8.0},{"not_picked":["Slice","Expertise"],"picked":"Footwork","floor":10.0},{"not_picked":["Backflip","Sucker Punch","Terror"],"picked":"SKIP","floor":11.0}],"player_experience":321196,"relics_obtained":[{"floor":7.0,"key":"Meat on the Bone"},{"floor":9.0,"key":"Ornamental Fan"},{"floor":14.0,"key":"Odd Mushroom"}],"event_choices":[{"damage_healed":0.0,"max_hp_gain":5.0,"max_hp_loss":0.0,"gold_gain":0.0,"event_name":"Big Fish","player_choice":"Donut","floor":12.0,"gold_loss":0.0,"damage_taken":0.0},{"damage_healed":0.0,"max_hp_gain":0.0,"max_hp_loss":0.0,"gold_gain":0.0,"event_name":"Mushrooms","player_choice":"Fought Mushrooms","floor":14.0,"gold_loss":0.0,"damage_taken":0.0}],"is_beta":false,"boss_relics":[],"items_purged_floors":[],"is_endless":false,"potions_floor_spawned":[5,7,8,10],"killed_by":"Slime Boss","ascension_level":2}}