{"host":"77pvex58kafzx78l","time":1608363071,"event":{"mods":["BaseMod","Better Vampires","DeckTracker","Googly Eyes","Minty Spire (QoL Compilation)","Quick Restart","StSLib","SuperFastMode"],"gold_per_floor":[115,126,126,16,33,62,62,92,129,158,181,193,280,308,320,332,332],"floor_reached":16,"playtime":287,"items_purged":["Strike_P"],"score":196,"play_id":"925509b5-948d-4c4e-9f91-304f1a98bbe3","local_time":"20201219153111","is_ascension_mode":true,"campfire_choices":[{"data":"Eruption","floor":7.0,"key":"SMITH"},{"floor":12.0,"key":"REST"},{"data":"Tantrum","floor":15.0,"key":"SMITH"}],"circlet_count":0,"master_deck":["AscendersBane","Strike_P","Defend_P","Eruption+1","Vigilance","Adaptation","Adaptation","FearNoEvil","FlurryOfBlows","ClearTheMind","Tantrum+1"],"relics":["PureWater","NeowsBlessing","Damaru","MawBank","Regal Pillow"],"acts_visited":["Exordium"],"potions_floor_usage":[],"damage_taken":[{"damage":0.0,"enemies":"Jaw Worm","floor":1.0,"turns":1.0},{"damage":0.0,"enemies":"Cultist","floor":2.0,"turns":1.0},{"damage":0.0,"enemies":"Small Slimes","floor":5.0,"turns":1.0},{"damage":16.0,"enemies":"Gremlin Nob","floor":6.0,"turns":3.0},{"damage":34.0,"enemies":"3 Sentries","floor":8.0,"turns":6.0},{"damage":5.0,"enemies":"Blue Slaver","floor":10.0,"turns":2.0},{"damage":4.0,"enemies":"2 Fungi Beasts","floor":11.0,"turns":2.0},{"damage":8.0,"enemies":"3 Louse","floor":14.0,"turns":2.0},{"damage":13,"enemies":"The Guardian","floor":16,"turns":8}],"seed_played":"-7172130060324081835","potions_obtained":[{"floor":1.0,"key":"Fire Potion"},{"floor":5.0,"key":"Ancient Potion"}],"is_trial":false,"path_per_floor":["M","M","?","$","M","E","R","E","T","M","M","R","?","M","R","B"],"character_chosen":"WATCHER","items_purchased":["FearNoEvil"],"campfire_rested":1,"item_purchase_floors":[4],"current_hp_per_floor":[61,61,61,61,61,45,45,11,11,6,2,37,26,18,18,5,5],"gold":332,"neow_bonus":"THREE_ENEMY_KILL","is_daily":false,"chose_seed":false,"campfire_upgraded":2,"win_rate":0.0,"timestamp":1608363071,"path_taken":["M","M","?","$","?","E","R","E","T","M","M","R","?","M","R","BOSS"],"items_purchased_type":["Card"],"build_version":"2020-12-13","purchased_purges":1,"victory":false,"max_hp_per_floor":[68,68,68,68,68,68,68,68,68,68,68,68,68,68,68,68,68],"card_choices":[{"not_picked":["MentalFortress","BowlingBash"],"picked":"Adaptation","floor":1.0},{"not_picked":["Evaluate","Crescendo"],"picked":"Adaptation","floor":2.0},{"not_picked":["Consecrate","Evaluate","PathToVictory"],"picked":"SKIP","floor":5.0},{"not_picked":["CarveReality","Brilliance"],"picked":"FlurryOfBlows","floor":6.0},{"not_picked":["ThirdEye","FollowUp"],"picked":"ClearTheMind","floor":8.0},{"not_picked":["SashWhip","Devotion","ForeignInfluence"],"picked":"SKIP","floor":10.0},{"not_picked":["Consecrate","JustLucky"],"picked":"Tantrum","floor":11.0},{"not_picked":["EmptyFist","Collect","SashWhip"],"picked":"SKIP","floor":14.0}],"player_experience":279705,"relics_obtained":[{"floor":6.0,"key":"Damaru"},{"floor":8.0,"key":"MawBank"},{"floor":9.0,"key":"Regal Pillow"}],"event_choices":[{"cards_removed":["Defend_P"],"damage_healed":0.0,"max_hp_gain":0.0,"max_hp_loss":0.0,"gold_gain":0.0,"event_name":"Bonfire Elementals","player_choice":"Offered Basic","floor":3.0,"gold_loss":0.0,"damage_taken":0.0},{"damage_healed":0.0,"max_hp_gain":0.0,"max_hp_loss":0.0,"gold_gain":75.0,"event_name":"World of Goop","player_choice":"Gather Gold","floor":13.0,"gold_loss":0.0,"damage_taken":11.0}],"is_beta":false,"boss_relics":[],"items_purged_floors":[4],"is_endless":false,"potions_floor_spawned":[1,5,6,10],"killed_by":"The Guardian","ascension_level":15}}