{"host":"cyh4fejqtcjbfr7k","time":1608355826,"event":{"mods":["2.2 Compatiblity","AchievementEnabler","BaseMod","Colored Map","Colored Powertips","DeckTracker","Downfall","Googly Eyes","Hubris","Infinite Spire","Minty Spire (QoL Compilation)","Replay The Spire","Shop Mod","StSLib","SuperFastMode","Unceasing Turn Reminder"],"gold_per_floor":[111,111,167,193,219,231,272,284,296,308,334,346,358,370,382,492,504,533,545,318,318,318],"floor_reached":21,"playtime":693,"items_purged":[],"score":210,"play_id":"a6f41537-d662-4cdc-ac66-0bbe56efcf71","local_time":"20201218223026","is_ascension_mode":true,"campfire_choices":[{"data":"Blade Dance","floor":6,"key":"SMITH"},{"floor":8,"key":"REST"},{"data":"Backflip","floor":12,"key":"SMITH"},{"floor":15,"key":"REST"}],"circlet_count":0,"master_deck":["Double Energy+1","Strike_G","Strike_G","Strike_G","Strike_G","Strike_G","Defend_G","Defend_G","Defend_G","Defend_G","Defend_G","Survivor","Neutralize","Blade Dance+1","Sickly","ReplayTheSpireMod:Splinters","Dodge and Roll","Deadly Poison","Dagger Spray","Backflip+1","Dash","Slice","Phantasmal Killer","Dagger Spray","Decay"],"relics":["Ring of the Snake","NeowsBlessing","Ring of Misfortune","Ring of Fangs","MawBank","Bag of Marbles","hubris:AncientText","hubris:Towel","Snake Skull","Ninja Scroll"],"acts_visited":["Exordium","TheCity"],"potions_floor_usage":[11,18],"damage_taken":[{"damage":0,"enemies":"Cultist","floor":1,"turns":1},{"damage":0,"enemies":"Small Slimes","floor":4,"turns":1},{"damage":0,"enemies":"Jaw Worm","floor":5,"turns":1},{"damage":15,"enemies":"3 Sentries","floor":7,"turns":11},{"damage":0,"enemies":"Gremlin Gang","floor":11,"turns":1},{"damage":25,"enemies":"The Guardian","floor":16,"turns":9},{"damage":45,"enemies":"Shell Parasite","floor":18,"turns":10},{"damage":26,"enemies":"Spheric Guardian","floor":21,"turns":6}],"seed_played":"-4896151801959807147","potions_obtained":[{"floor":3,"key":"Cursed Concoction"},{"floor":4,"key":"Elixir"},{"floor":5,"key":"Energy Potion"}],"is_trial":false,"path_per_floor":["M","?","?","M","M","R","E","R","T","?","M","R","?","?","R","B",null,"M","?","$","M"],"character_chosen":"THE_SILENT","items_purchased":["Ninja Scroll"],"campfire_rested":2,"item_purchase_floors":[20],"current_hp_per_floor":[70,70,70,70,70,70,55,70,70,70,70,70,52,52,70,45,70,25,25,25,0,0],"gold":318,"neow_bonus":"THREE_ENEMY_KILL","is_daily":false,"chose_seed":false,"campfire_upgraded":2,"win_rate":0.0,"timestamp":1608355826,"path_taken":["M","?","?","?","M","R","E","R","T","?","M","R","?","?","R","BOSS","M","?","?","M"],"items_purchased_type":["Relic"],"build_version":"2020-12-13","purchased_purges":0,"victory":false,"max_hp_per_floor":[70,70,70,70,70,70,70,70,70,70,70,70,70,70,70,70,70,70,70,70,70,70],"card_choices":[{"not_picked":["Skewer","Backflip"],"picked":"Blade Dance","floor":1},{"not_picked":["Dagger Throw","ReplayTheSpireMod:Exploit Weakness"],"picked":"Dodge and Roll","floor":3},{"not_picked":["Bane","Outmaneuver"],"picked":"Deadly Poison","floor":3},{"not_picked":["Underhanded Strike","ReplayTheSpireMod:The Works"],"picked":"Dagger Spray","floor":4},{"not_picked":["Prepared","Leg Sweep"],"picked":"Backflip","floor":5},{"not_picked":["Skewer","Flechettes"],"picked":"Dash","floor":7},{"not_picked":["Prepared","Setup"],"picked":"Slice","floor":11},{"not_picked":["Grand Finale","Tools of the Trade"],"picked":"Phantasmal Killer","floor":16},{"not_picked":["Flying Knee","Underhanded Strike"],"picked":"Dagger Spray","floor":18}],"player_experience":586662,"relics_obtained":[{"floor":2,"key":"Ring of Misfortune"},{"floor":2,"key":"Ring of Fangs"},{"floor":3,"key":"MawBank"},{"floor":7,"key":"Bag of Marbles"},{"floor":9,"key":"hubris:AncientText"}],"event_choices":[{"damage_healed":0,"gold_gain":0,"player_choice":"Success","damage_taken":18,"relics_obtained":["Snake Skull"],"max_hp_gain":0,"max_hp_loss":0,"event_name":"Scrap Ooze","floor":13,"gold_loss":0},{"damage_healed":0,"gold_gain":0,"player_choice":"Smashed Altar","damage_taken":0,"max_hp_gain":0,"max_hp_loss":0,"event_name":"Forgotten Altar","floor":19,"gold_loss":0,"cards_obtained":["Decay"]}],"is_beta":false,"boss_relics":[{"not_picked":["Snecko Eye","Replay:Wanted Poster","Replay:Bronze Core"]}],"items_purged_floors":[],"is_endless":false,"potions_floor_spawned":[4,5],"killed_by":"Spheric Guardian","ascension_level":4}}