{"host":"ef3ybc9bdsabvdps","time":1608340516,"event":{"mods":["BaseMod","Minty Spire (QoL Compilation)"],"gold_per_floor":[117,117,41,41,54,80,80,107,107,127,127,127,143,160,160,255,255,265,265,283,298,80,80,80],"floor_reached":23,"playtime":835,"items_purged":["Strike_P"],"score":226,"play_id":"1661b06d-32b1-458a-bb3c-0ca815ba030f","local_time":"20201219101516","is_ascension_mode":false,"campfire_choices":[{"data":"Eruption","floor":7,"key":"SMITH"},{"data":"Perseverance","floor":12,"key":"SMITH"},{"floor":15,"key":"REST"}],"circlet_count":0,"master_deck":["Strike_P","Strike_P+1","Defend_P","Defend_P","Defend_P","Defend_P","Eruption+1","Vigilance","SandsOfTime+1","Conclude+1","Perseverance+1","PathToVictory","LikeWater","Weave","FlurryOfBlows","Halt","LessonLearned","CutThroughFate","ClearTheMind","Vault"],"relics":["HolyWater","NeowsBlessing","Shuriken","TungstenRod","Question Card","Ornamental Fan","Tiny Chest"],"acts_visited":["Exordium","TheCity"],"potions_floor_usage":[16,18,18,21],"damage_taken":[{"damage":0,"enemies":"2 Louse","floor":1,"turns":1},{"damage":0,"enemies":"Jaw Worm","floor":5,"turns":1},{"damage":0,"enemies":"Gremlin Nob","floor":6,"turns":1},{"damage":16,"enemies":"3 Sentries","floor":8,"turns":8},{"damage":6,"enemies":"Small Slimes","floor":10,"turns":3},{"damage":0,"enemies":"Red Slaver","floor":13,"turns":5},{"damage":4,"enemies":"Looter","floor":14,"turns":3},{"damage":23,"enemies":"Hexaghost","floor":16,"turns":8},{"damage":18,"enemies":"2 Thieves","floor":18,"turns":4},{"damage":0,"enemies":"3 Byrds","floor":20,"turns":5},{"damage":13,"enemies":"Snake Plant","floor":21,"turns":3},{"damage":31,"enemies":"Slavers","floor":23,"turns":5}],"seed_played":"-6869793181658700179","potions_obtained":[{"floor":6,"key":"StancePotion"},{"floor":8,"key":"Swift Potion"},{"floor":13,"key":"BottledMiracle"},{"floor":16,"key":"LiquidMemories"},{"floor":20,"key":"Block Potion"}],"is_trial":false,"path_per_floor":["M","?","$","?","M","E","R","E","T","M","?","R","M","M","R","B",null,"M","?","M","M","$","E"],"character_chosen":"WATCHER","items_purchased":["Conclude","Tiny Chest"],"campfire_rested":1,"item_purchase_floors":[3,22],"current_hp_per_floor":[72,65,65,65,65,65,65,49,49,43,43,43,43,39,60,37,72,54,54,54,41,41,10,10],"gold":80,"neow_bonus":"THREE_ENEMY_KILL","is_daily":false,"chose_seed":false,"campfire_upgraded":2,"win_rate":0.0,"timestamp":1608340516,"path_taken":["M","?","$","?","M","E","R","E","T","M","?","R","M","M","R","BOSS","M","?","M","M","$","E"],"items_purchased_type":["Card","Relic"],"build_version":"2020-12-13","purchased_purges":1,"victory":false,"max_hp_per_floor":[72,72,72,72,72,72,72,72,72,72,72,72,72,72,72,72,72,72,72,72,72,72,72,72],"card_choices":[{"not_picked":["Protect","EmptyBody"],"picked":"SandsOfTime","floor":1},{"not_picked":["Consecrate","Protect"],"picked":"Perseverance","floor":5},{"not_picked":["FollowUp","Devotion"],"picked":"PathToVictory","floor":6},{"not_picked":["JustLucky","WreathOfFlame"],"picked":"LikeWater","floor":8},{"not_picked":["BowlingBash","Wireheading","CrushJoints"],"picked":"Weave","floor":10},{"not_picked":["CrushJoints","WaveOfTheHand","FlyingSleeves"],"picked":"FlurryOfBlows","floor":13},{"not_picked":["Vengeance","BowlingBash","Indignation"],"picked":"Halt","floor":14},{"not_picked":["MasterReality","SpiritShield","DevaForm"],"picked":"LessonLearned","floor":16},{"not_picked":["EmptyBody","Consecrate+1","FlurryOfBlows"],"picked":"CutThroughFate","floor":18},{"not_picked":["Evaluate","SashWhip","FollowUp"],"picked":"ClearTheMind","floor":20},{"not_picked":["Protect","EmptyFist","ReachHeaven"],"picked":"Vault","floor":21}],"player_experience":301532,"relics_obtained":[{"floor":6,"key":"TungstenRod"},{"floor":8,"key":"Question Card"},{"floor":9,"key":"Ornamental Fan"}],"event_choices":[{"damage_healed":0,"gold_gain":0,"player_choice":"Success","damage_taken":7,"relics_obtained":["Shuriken"],"max_hp_gain":0,"max_hp_loss":0,"event_name":"Scrap Ooze","floor":2,"gold_loss":0},{"damage_healed":0,"gold_gain":0,"player_choice":"Ignored","damage_taken":0,"max_hp_gain":0,"max_hp_loss":0,"event_name":"Liars Game","floor":4,"gold_loss":0},{"cards_removed":["Strike_P"],"damage_healed":0,"gold_gain":0,"player_choice":"Forget","damage_taken":0,"max_hp_gain":0,"max_hp_loss":0,"event_name":"Living Wall","floor":11,"gold_loss":0},{"damage_healed":0,"gold_gain":0,"player_choice":"Ignored","damage_taken":0,"max_hp_gain":0,"max_hp_loss":0,"event_name":"N\u0027loth","floor":19,"gold_loss":0}],"is_beta":false,"boss_relics":[{"not_picked":["Ectoplasm","Black Star"],"picked":"HolyWater"}],"items_purged_floors":[22],"is_endless":false,"potions_floor_spawned":[6,8,13,16,20],"killed_by":"Slavers","ascension_level":0}}