{"host":"51fyd6gkml7xavq8","time":1608412299,"event":{"mods":["BaseMod","BetterRewards","Colored Map","Energized Spire","Infinite Spire","Minty Spire (QoL Compilation)","Replay The Spire","Shop Mod","Spicy Shops","StSLib","The Blue Laboratory","[IsaacMod]????"],"gold_per_floor":[113,113,113,113,113,113,129,129,182,103,178,190,190,200,200,300,300,320,335,335,190,202,202,65,65,65,152,178,178,210,236,236,236,236],"floor_reached":33,"playtime":1827,"items_purged":["Bash","Regret","Strike_R","Defend_R"],"score":424,"play_id":"bedb1349-d683-42f2-849b-46584df1fbf9","local_time":"20201219181138","is_ascension_mode":true,"campfire_choices":[{"data":"infinitespire:OneForAll","floor":6.0,"key":"SMITH"},{"data":"Metallicize","floor":8.0,"key":"SMITH"},{"data":"Disarm","floor":15.0,"key":"SMITH"},{"data":"Strike_R","floor":23.0,"key":"SMITH"},{"data":"Metallicize","floor":25.0,"key":"SMITH"},{"data":"Defend_R","floor":29.0,"key":"SMITH"},{"data":"Defend_R","floor":32,"key":"SMITH"}],"circlet_count":0,"master_deck":["Strike_R","Strike_R","Strike_R+1","Strike_R+1","Defend_R+1","Defend_R+1","Defend_R+1","infinitespire:OneForAll+1","Self Repair+1","Metallicize+1","Disarm+1","Metallicize+1"],"relics":["HushsDoor","YumHeart","SteamSale","MerchantsRug","Gremlin Food","D6","Pen Nib","White Beast Statue","GuppysHead","Painkiller Herb","ReplayTheSpireMod:Shallot","Singing Bowl","ReplayTheSpireMod:Ninjato","Anchor","infinitespire:Lychee Nut","ReplayTheSpireMod:Spearhead"],"acts_visited":["Exordium","TheCity"],"potions_floor_usage":[30,33,33],"damage_taken":[{"damage":6.0,"enemies":"Cultist","floor":1.0,"turns":4.0},{"damage":3.0,"enemies":"2 Louse","floor":7.0,"turns":3.0},{"damage":0.0,"enemies":"Jaw Worm","floor":12.0,"turns":5.0},{"damage":15.0,"enemies":"3 Louse","floor":14.0,"turns":3.0},{"damage":62.0,"enemies":"The Guardian","floor":16.0,"turns":17.0},{"damage":21.0,"enemies":"Chosen","floor":18.0,"turns":8.0},{"damage":1.0,"enemies":"3 Byrds","floor":19.0,"turns":6.0},{"damage":9.0,"enemies":"Snake Plant","floor":22.0,"turns":8.0},{"damage":6.0,"enemies":"Book of Stabbing","floor":28.0,"turns":8.0},{"damage":54,"enemies":"Slavers","floor":30,"turns":9},{"damage":111,"enemies":"Collector","floor":33,"turns":8}],"seed_played":"7413229119704824544","potions_obtained":[{"floor":1.0,"key":"blueLaboratory:ImpenetrablePotion"},{"floor":12.0,"key":"blueLaboratory:LimitlessPotion"},{"floor":14.0,"key":"blueLaboratory:BubblePotion"},{"floor":16.0,"key":"blueLaboratory:SmithPotion"},{"floor":18.0,"key":"blueLaboratory:ForbiddenFruitJuice"},{"floor":19.0,"key":"LifebloodPotion"},{"floor":22.0,"key":"blueLaboratory:PolymorphPotion"},{"floor":28.0,"key":"blueLaboratory:AbyssPotion"},{"floor":30,"key":"blueLaboratory:AbyssPotion"}],"is_trial":false,"path_per_floor":["M","?","?","?","?","R","M","R","T","$","?","M","T","M","R","B",null,"?","?","?","T","?","T","T","T","T","?","E","T","E","T","T","B"],"character_chosen":"IRONCLAD","items_purchased":["SteamSale","MerchantsRug","infinitespire:OneForAll","White Beast Statue","ReplayTheSpireMod:Shallot","Singing Bowl","Metallicize"],"campfire_rested":0,"item_purchase_floors":[0,0,0,10,21,24,24],"current_hp_per_floor":[80,62,62,46,46,46,53,53,53,53,42,52,52,47,47,20,80,69,78,78,78,79,79,79,79,79,64,70,70,53,53,53,0,0],"gold":236,"neow_bonus":"","is_daily":false,"chose_seed":false,"campfire_upgraded":7,"win_rate":0.0,"timestamp":1608412298,"path_taken":["M","?","?","?","?","R","M","R","T","$","?","M","?","?","R","BOSS","?","?","?","?","?","T","T","T","T","?","E","T","E","?","T","BOSS"],"items_purchased_type":["Relic","Relic","Card","Relic","Relic","Relic","Card"],"build_version":"2020-12-13","purchased_purges":4,"victory":false,"max_hp_per_floor":[80,80,80,80,80,80,80,80,80,80,80,80,80,80,80,80,80,80,80,80,80,80,80,80,80,80,80,82,82,63,63,63,53,53],"card_choices":[{"not_picked":["True Grit","Thunderclap","Run Through"],"picked":"SKIP","floor":1.0},{"not_picked":["Anger","WeaponsOverheat"],"picked":"Metallicize","floor":7.0},{"not_picked":["Clothesline","Wild Strike","Twin Strike"],"picked":"SKIP","floor":12.0},{"not_picked":["Infernal Blade","Headbutt"],"picked":"Disarm","floor":14.0},{"not_picked":["Anger","Wild Strike+1","Abandon"],"picked":"SKIP","floor":18.0},{"not_picked":["Clash","Flex","Gash"],"picked":"SKIP","floor":19.0},{"not_picked":["Bludgeon","Armaments","Force Field"],"picked":"SKIP","floor":22.0},{"not_picked":["True Grit","Steam Power","ReplayTheSpireMod:Muscle Training"],"picked":"Singing Bowl","floor":28.0},{"not_picked":["Clothesline","Thunderclap+1","Sword Boomerang"],"picked":"Singing Bowl","floor":30}],"player_experience":402666,"relics_obtained":[{"floor":9.0,"key":"Pen Nib"},{"floor":13.0,"key":"GuppysHead"},{"floor":26.0,"key":"ReplayTheSpireMod:Ninjato"},{"floor":28.0,"key":"Anchor"},{"floor":30,"key":"infinitespire:Lychee Nut"},{"floor":31,"key":"ReplayTheSpireMod:Spearhead"}],"event_choices":[{"damage_healed":0.0,"max_hp_gain":0.0,"max_hp_loss":0.0,"gold_gain":0.0,"event_name":"Scrap Ooze","player_choice":"Success","floor":2.0,"gold_loss":0.0,"damage_taken":18.0,"relics_obtained":["Gremlin Food"]},{"damage_healed":0.0,"max_hp_gain":0.0,"max_hp_loss":0.0,"gold_gain":0.0,"event_name":"Shining Light","player_choice":"Entered Light","floor":4.0,"gold_loss":0.0,"damage_taken":16.0,"cards_upgraded":["Defend_R","Strike_R"]},{"damage_healed":0.0,"max_hp_gain":0.0,"max_hp_loss":0.0,"gold_gain":0.0,"event_name":"Big Fish","player_choice":"Box","floor":5.0,"gold_loss":0.0,"damage_taken":0.0,"relics_obtained":["D6"],"cards_obtained":["Regret"]},{"damage_healed":0.0,"max_hp_gain":0.0,"max_hp_loss":0.0,"gold_gain":75.0,"event_name":"World of Goop","player_choice":"Gather Gold","floor":11.0,"gold_loss":0.0,"damage_taken":11.0},{"damage_healed":0.0,"max_hp_gain":0.0,"max_hp_loss":0.0,"gold_gain":0.0,"event_name":"Ghosts","player_choice":"Ignored","floor":20.0,"gold_loss":0.0,"damage_taken":0.0}],"is_beta":false,"boss_relics":[{"not_picked":["Runic Cube","energizedSpire:CursedPentagram"],"picked":"Painkiller Herb"},{"not_picked":[]}],"items_purged_floors":[0,10,21,24],"is_endless":false,"potions_floor_spawned":[1,12,14,16,18,19,22,28,30],"killed_by":"Collector","ascension_level":3}}