{"host":"hfvpa4llnnjpeawn","time":1608400316,"event":{"mods":["2.2 Compatiblity","AchievementEnabler","Act Like it!","Aspiration","Bard","BaseMod","Beaked The Cultist","Better Sensory Stone","Better Skull","Better Third Choice","BetterRewards","CapriCore","Conspire","Downfall","Elementarium","Energized Spire","Hermit","Hubris","Jorbs\u0027s Wanderer Trilogy","Koishi","Lobotomy","LobotomyExtend","Minty Spire (QoL Compilation)","Replay The Spire","Shade Mod","Spicy Shops","StSLib","The Bladedancer","The Factory","The Gatherer","The Jungle","Waifu the Spire","Wandering Minibosses"],"gold_per_floor":[277,36,36,36,48,48,78,89,89,89,185,205,218,218,218,317,317,334,41,41,41,41],"floor_reached":21,"playtime":1467,"items_purged":[],"score":252,"play_id":"8190b7ad-1d81-491d-bf28-a4db430387b6","local_time":"20201219125156","is_ascension_mode":false,"campfire_choices":[{"data":"ReplayUltimateDefense","floor":6,"key":"SMITH"},{"data":"Shade:Carnophage","floor":10,"key":"SMITH"},{"data":"Shade:CarefulCut","floor":15,"key":"SMITH"}],"circlet_count":0,"master_deck":["Shade:Strike_Shade","Shade:Strike_Shade","Shade:Strike_Shade","Shade:Strike_Shade","Shade:Defend_Shade","Shade:Defend_Shade","Shade:Defend_Shade","Shade:Defend_Shade","Shade:AnimateDead","Shade:CarefulCut+1","BeautyBeast","Dazed","ReplayUltimateDefense+1","QueenBee","Shade:AncientSpear+1","SnowQueen","Shade:LoseControl+1","BlackSwan","Shade:Carnophage+1","ReplayTheSpireMod:Splinters","Shade:DarkOfNight","Laetitia","Dazed","MeatLantern","Shade:Consume","PunishingBird"],"relics":["Shade:YorickSkull","CogitoBucket","LetterFromLob","ReplayTheSpireMod:Ring of Exchange","Ring of Panic","aspiration:BabyByrd","Mirror","Durian","MealTicket","BackwardClock","MagicBullet_r","Snecko Eye","PreservedInsect","Blue Doll","Enchiridion"],"acts_visited":["Exordium","TheCity"],"potions_floor_usage":[12,13],"damage_taken":[{"damage":3,"enemies":"Jaw Worm","floor":1,"turns":2},{"damage":0,"enemies":"conspire:RoseBush","floor":5,"turns":3},{"damage":0,"enemies":"Replay:BlueRogue","floor":7,"turns":4},{"damage":0,"enemies":"Small Slimes","floor":8,"turns":1},{"damage":0,"enemies":"Blue Slaver","floor":12,"turns":3},{"damage":0,"enemies":"Exordium Wildlife","floor":13,"turns":5},{"damage":0,"enemies":"Fading Forest","floor":16,"turns":11},{"damage":0,"enemies":"3 Byrds","floor":18,"turns":3},{"damage":96,"enemies":"conspire:FuzzyDice","floor":21,"turns":1}],"seed_played":"6516823638000582012","potions_obtained":[{"floor":5,"key":"BlessingOfTheForge"},{"floor":8,"key":"DistilledChaos"},{"floor":12,"key":"ColorlessPotion"},{"floor":18,"key":"Dexterity Potion"}],"is_trial":false,"path_per_floor":["M","$","?","?","M","R","E","M","T","R","?","M","M","E","R","B",null,"M","$","?","M"],"character_chosen":"SHADE","items_purchased":["ReplayUltimateDefense","PreservedInsect","Blue Doll"],"campfire_rested":0,"item_purchase_floors":[2,19,19],"current_hp_per_floor":[62,62,62,62,62,62,62,62,67,67,67,67,67,70,70,70,70,70,70,54,0,0],"gold":41,"neow_bonus":"","is_daily":false,"chose_seed":false,"campfire_upgraded":3,"win_rate":0.0,"timestamp":1608400316,"path_taken":["M","$","?","?","M","R","E","M","T","R","?","M","M","E","R","BOSS","M","$","?","M"],"items_purchased_type":["Card","Relic","Relic"],"build_version":"2020-12-13","purchased_purges":0,"victory":false,"max_hp_per_floor":[65,65,65,65,65,65,65,65,70,70,70,70,70,70,70,70,70,70,70,70,70,70],"card_choices":[{"not_picked":["MHz","SpiderBud"],"picked":"BeautyBeast","floor":1},{"not_picked":["Shade:GoDigging","Shade:Haruspicy"],"picked":"Shade:UnbarTheGrave","floor":1},{"not_picked":["Scorched","LongBird"],"picked":"QueenBee","floor":5},{"not_picked":["Shade:ClawBack","Shade:FeralStrike"],"picked":"Shade:AncientSpear","floor":5},{"not_picked":["CherryBlossoms","DreamingCurrent","BigBird"],"picked":"Singing Bowl","floor":7},{"not_picked":["CrumblingArmor","HappyTeddy"],"picked":"SnowQueen","floor":7},{"not_picked":["Shade:CommandSoldier","Shade:FeralStrike"],"picked":"Shade:LoseControl","floor":7},{"not_picked":["FairyFestival","GalaxyChild"],"picked":"BlackSwan","floor":8},{"not_picked":["Shade:Asphyxiate","Shade:FreshBones"],"picked":"Shade:Carnophage","floor":8},{"not_picked":["Shade:FreshBones","Shade:Bite_Shade"],"picked":"Shade:DarkOfNight","floor":11},{"not_picked":["OSAHOGD","CrumblingArmor","Bloodbath"],"picked":"Singing Bowl","floor":12},{"not_picked":["OldLady","Woodsman"],"picked":"Laetitia","floor":12},{"not_picked":["Shade:FuneraryArmor","Shade:LyeBath"],"picked":"Shade:GreaterAnimation","floor":12},{"not_picked":["Bloodbath","LittleHelper","HeroicMonk"],"picked":"Singing Bowl","floor":13},{"not_picked":["Shade:WallOfFlesh","Shade:GraveStillness","Shade:CoffinDance"],"picked":"SKIP","floor":13},{"not_picked":["Bloodbath","Scorched","GreedKing"],"picked":"Singing Bowl","floor":16},{"not_picked":["ShyLook","RedShoes"],"picked":"MeatLantern","floor":16},{"not_picked":["Shade:UnbarTheGrave","Shade:SelfBurial"],"picked":"Shade:Consume","floor":16},{"not_picked":["BigBird","ShyLook","OldLady"],"picked":"Singing Bowl","floor":18},{"not_picked":["VoidDream","SpiderBud"],"picked":"PunishingBird","floor":18},{"not_picked":["Shade:ScuttlingHand","Shade:Doomsay","Shade:BoneShards+1"],"picked":"SKIP","floor":18}],"player_experience":275327,"relics_obtained":[{"floor":1,"key":"LetterFromLob"},{"floor":3,"key":"ReplayTheSpireMod:Ring of Exchange"},{"floor":3,"key":"Ring of Panic"},{"floor":7,"key":"Mirror"},{"floor":9,"key":"Durian"},{"floor":11,"key":"MealTicket"},{"floor":20,"key":"Enchiridion"}],"event_choices":[{"damage_healed":0,"gold_gain":0,"player_choice":"Obtained Book","damage_taken":16,"max_hp_gain":0,"max_hp_loss":0,"event_name":"Cursed Tome","floor":20,"gold_loss":0}],"is_beta":false,"boss_relics":[{"not_picked":["aspiration:RunicSpoon","Sozu"],"picked":"Snecko Eye"}],"items_purged_floors":[],"is_endless":false,"potions_floor_spawned":[5,8,12,18],"killed_by":"conspire:FuzzyDice","ascension_level":0}}