{"host":"yo9wwslrag05lh37","time":1608352396,"event":{"mods":["AchievementEnabler","BaseMod","Block Reminder","Colored Map","Colored Powertips","GifTheSpireLib","HexUI Lib","Highlight Path","Minty Spire (QoL Compilation)","Rare Cards Sparkle","Relic Stats","StSLib","everything is the same but u backflip on backflip"],"gold_per_floor":[119,139,139,157,167,193,193,218,286,299,316,336,336,350,350,424,424,438,453,453,90,5,51,63,100,112,124,66,91,111,124,124,201,201,215,229,283,283,283],"floor_reached":38,"playtime":2143,"items_purged":["Strike_G","Strike_G"],"score":1096,"play_id":"0623384e-d08f-4e1d-9469-4dc11f963886","local_time":"20201219053316","is_ascension_mode":true,"campfire_choices":[{"floor":7.0,"key":"REST"},{"floor":13.0,"key":"REST"},{"data":"Bouncing Flask","floor":15.0,"key":"SMITH"},{"data":"Noxious Fumes","floor":24.0,"key":"SMITH"},{"floor":27.0,"key":"REST"},{"floor":32.0,"key":"REST"}],"circlet_count":0,"master_deck":["AscendersBane","Strike_G","Strike_G","Strike_G","Defend_G","Defend_G","Defend_G","Defend_G","Defend_G","Survivor","Neutralize","Dash","Blade Dance+1","Well Laid Plans","Dash","Cloak And Dagger","PiercingWail","Acrobatics","Bouncing Flask+1","After Image","Envenom","Noxious Fumes+1","Crippling Poison","Burst","Leg Sweep","Leg Sweep+1","Catalyst","PiercingWail","Backflip","Wraith Form v2","Cloak And Dagger+1","Catalyst"],"relics":["Philosopher\u0027s Stone","Prayer Wheel","Pocketwatch","Ornamental Fan","Snecko Eye","Membership Card","MawBank","Bottled Lightning","Ancient Tea Set","Question Card","Incense Burner","SlaversCollar","Girya"],"acts_visited":["Exordium","TheCity","TheBeyond"],"potions_floor_usage":[37],"damage_taken":[{"damage":0.0,"enemies":"Cultist","floor":1.0,"turns":4.0},{"damage":8.0,"enemies":"Small Slimes","floor":2.0,"turns":3.0},{"damage":0.0,"enemies":"Jaw Worm","floor":4.0,"turns":3.0},{"damage":6.0,"enemies":"Large Slime","floor":5.0,"turns":6.0},{"damage":29.0,"enemies":"Lagavulin","floor":6.0,"turns":6.0},{"damage":29.0,"enemies":"Gremlin Nob","floor":8.0,"turns":4.0},{"damage":0.0,"enemies":"3 Louse","floor":10.0,"turns":4.0},{"damage":0.0,"enemies":"Looter","floor":11.0,"turns":3.0},{"damage":1.0,"enemies":"Gremlin Gang","floor":12.0,"turns":4.0},{"damage":3.0,"enemies":"Large Slime","floor":14.0,"turns":6.0},{"damage":0.0,"enemies":"The Guardian","floor":16.0,"turns":9.0},{"damage":6.0,"enemies":"Spheric Guardian","floor":18.0,"turns":5.0},{"damage":0.0,"enemies":"3 Byrds","floor":19.0,"turns":4.0},{"damage":0.0,"enemies":"Gremlin Leader","floor":23.0,"turns":6.0},{"damage":25.0,"enemies":"Book of Stabbing","floor":25.0,"turns":7.0},{"damage":11.0,"enemies":"Gremlin Leader","floor":29.0,"turns":6.0},{"damage":8.0,"enemies":"Snake Plant","floor":30.0,"turns":3.0},{"damage":5.0,"enemies":"Centurion and Healer","floor":31.0,"turns":5.0},{"damage":1.0,"enemies":"Automaton","floor":33.0,"turns":10.0},{"damage":0,"enemies":"Orb Walker","floor":35,"turns":4},{"damage":9,"enemies":"3 Darklings","floor":36,"turns":4},{"damage":48,"enemies":"2 Orb Walkers","floor":37,"turns":7},{"damage":20,"enemies":"Transient","floor":38,"turns":1}],"seed_played":"1634771330096622964","potions_obtained":[{"floor":4.0,"key":"FearPotion"},{"floor":5.0,"key":"LiquidBronze"},{"floor":8.0,"key":"Swift Potion"},{"floor":11.0,"key":"DistilledChaos"},{"floor":14.0,"key":"Fire Potion"},{"floor":23.0,"key":"Explosive Potion"},{"floor":25.0,"key":"DuplicationPotion"},{"floor":29.0,"key":"LiquidBronze"},{"floor":36,"key":"SneckoOil"}],"is_trial":false,"path_per_floor":["M","M","?","M","M","E","R","E","T","M","M","M","R","M","R","B",null,"M","M","?","$","?","E","R","E","T","R","$","E","M","M","R","B",null,"M","M","?","M"],"character_chosen":"THE_SILENT","items_purchased":["Membership Card","GhostInAJar","Burst","PowerPotion","Catalyst"],"campfire_rested":4,"item_purchase_floors":[21,21,21,21,28],"current_hp_per_floor":[59,51,51,51,45,16,35,6,6,6,6,5,24,21,21,21,55,49,49,31,31,31,31,31,6,6,27,27,16,8,3,24,23,59,59,50,2,0,0],"gold":283,"neow_bonus":"BOSS_RELIC","is_daily":false,"chose_seed":false,"campfire_upgraded":2,"win_rate":0.0,"timestamp":1608352396,"path_taken":["M","?","?","M","M","E","R","E","T","M","M","M","R","M","R","BOSS","M","M","?","$","?","E","R","E","T","R","$","E","M","M","R","BOSS","M","M","?","M"],"items_purchased_type":["Relic","Potion","Card","Potion","Card"],"build_version":"2020-12-13","purchased_purges":2,"victory":false,"max_hp_per_floor":[66,66,66,66,66,66,66,66,66,66,66,66,66,66,66,66,66,66,66,71,71,71,71,71,71,71,71,71,71,71,71,71,71,71,71,71,71,71,71],"relic_stats":{"counters":[23,114],"Ornamental Fan":[144],"Snecko Eye":[124,128,111,137],"Prayer Wheel":10,"MawBank":72,"Question Card":11,"obtain_stats":[{"Girya":37,"Incense Burner":29,"MawBank":22,"Ancient Tea Set":25,"Question Card":26,"SlaversCollar":34,"Ornamental Fan":9,"Snecko Eye":17,"Philosopher\u0027s Stone":0,"Prayer Wheel":6,"Membership Card":21,"Bottled Lightning":23,"Ring of the Snake":0,"Pocketwatch":8},{"Girya":22,"Incense Burner":16,"MawBank":13,"Ancient Tea Set":15,"Question Card":15,"SlaversCollar":19,"Ornamental Fan":6,"Snecko Eye":11,"Philosopher\u0027s Stone":0,"Prayer Wheel":5,"Membership Card":13,"Bottled Lightning":14,"Ring of the Snake":0,"Pocketwatch":6},{"Girya":113,"Incense Burner":80,"MawBank":61,"Ancient Tea Set":74,"Question Card":74,"SlaversCollar":98,"Ornamental Fan":26,"Snecko Eye":52,"Philosopher\u0027s Stone":0,"Prayer Wheel":22,"Membership Card":61,"Bottled Lightning":67,"Ring of the Snake":0,"Pocketwatch":26}],"Pocketwatch":[79]},"card_choices":[{"not_picked":["Cloak And Dagger","Crippling Poison"],"picked":"Dash","floor":1.0},{"not_picked":["Blur","Expertise"],"picked":"Blade Dance","floor":2.0},{"not_picked":["Bane","Underhanded Strike"],"picked":"Well Laid Plans","floor":4.0},{"not_picked":["Choke","Caltrops","Slice"],"picked":"SKIP","floor":5.0},{"not_picked":["Doppelganger","Backflip"],"picked":"Dash","floor":6.0},{"not_picked":["Expertise","Eviscerate","Underhanded Strike"],"picked":"SKIP","floor":8.0},{"not_picked":["Escape Plan","Underhanded Strike"],"picked":"Cloak And Dagger","floor":10.0},{"not_picked":["Underhanded Strike","Prepared","Poisoned Stab"],"picked":"SKIP","floor":10.0},{"not_picked":["Riddle With Holes","Outmaneuver"],"picked":"PiercingWail","floor":11.0},{"not_picked":["Heel Hook","Underhanded Strike"],"picked":"Acrobatics","floor":11.0},{"not_picked":["Storm of Steel","Quick Slash"],"picked":"Bouncing Flask","floor":12.0},{"not_picked":["Dagger Spray","Deflect","Distraction"],"picked":"SKIP","floor":12.0},{"not_picked":["Outmaneuver","Dagger Spray"],"picked":"After Image","floor":14.0},{"not_picked":["Poisoned Stab","Flying Knee","Acrobatics"],"picked":"SKIP","floor":14.0},{"not_picked":["Grand Finale","Doppelganger"],"picked":"Envenom","floor":16.0},{"not_picked":["Bane","Flechettes"],"picked":"Noxious Fumes","floor":18.0},{"not_picked":["Masterful Stab","Escape Plan"],"picked":"Crippling Poison","floor":18.0},{"not_picked":["PiercingWail","Poisoned Stab","Deflect+1"],"picked":"SKIP","floor":19.0},{"not_picked":["Blade Dance","Quick Slash","Bouncing Flask"],"picked":"SKIP","floor":19.0},{"not_picked":["Cloak And Dagger","Deflect"],"picked":"Leg Sweep","floor":23.0},{"not_picked":["Deadly Poison","Heel Hook"],"picked":"Leg Sweep+1","floor":25.0},{"not_picked":["Outmaneuver","Escape Plan","Deadly Poison","Infinite Blades"],"picked":"SKIP","floor":29.0},{"not_picked":["Phantasmal Killer","Deadly Poison","Escape Plan"],"picked":"PiercingWail","floor":30.0},{"not_picked":["Slice","Distraction","Dagger Spray","Prepared"],"picked":"SKIP","floor":30.0},{"not_picked":["Outmaneuver","Bouncing Flask","Deflect"],"picked":"Backflip","floor":31.0},{"not_picked":["Sucker Punch","Eviscerate","Acrobatics","Blade Dance"],"picked":"SKIP","floor":31.0},{"not_picked":["Unload","Corpse Explosion","Storm of Steel"],"picked":"Wraith Form v2","floor":33.0},{"not_picked":["Heel Hook","Deadly Poison+1","Dagger Spray"],"picked":"Cloak And Dagger+1","floor":35},{"not_picked":["Prepared","Underhanded Strike","Sucker Punch","Blade Dance"],"picked":"SKIP","floor":35},{"not_picked":["Cloak And Dagger","Blur+1","Poisoned Stab"],"picked":"Catalyst","floor":36},{"not_picked":["Sucker Punch","Die Die Die","Caltrops+1","Acrobatics"],"picked":"SKIP","floor":36}],"player_experience":1336907,"relics_obtained":[{"floor":6.0,"key":"Prayer Wheel"},{"floor":8.0,"key":"Pocketwatch"},{"floor":9.0,"key":"Ornamental Fan"},{"floor":23.0,"key":"Bottled Lightning"},{"floor":25.0,"key":"Ancient Tea Set"},{"floor":26.0,"key":"Question Card"},{"floor":29.0,"key":"Incense Burner"},{"floor":37,"key":"Girya"}],"event_choices":[{"damage_healed":0.0,"max_hp_gain":0.0,"max_hp_loss":0.0,"gold_gain":0.0,"event_name":"Accursed Blacksmith","player_choice":"Forge","floor":3.0,"gold_loss":0.0,"damage_taken":0.0,"cards_upgraded":["Blade Dance"]},{"damage_healed":0.0,"max_hp_gain":5.0,"max_hp_loss":0.0,"gold_gain":0.0,"event_name":"Forgotten Altar","player_choice":"Shed Blood","floor":20.0,"gold_loss":0.0,"damage_taken":23.0},{"damage_healed":0.0,"max_hp_gain":0.0,"max_hp_loss":0.0,"gold_gain":0.0,"event_name":"Addict","player_choice":"Obtained Relic","floor":22.0,"gold_loss":85.0,"damage_taken":0.0,"relics_obtained":["MawBank"]},{"damage_healed":0,"gold_gain":0,"player_choice":"Fight","damage_taken":0,"max_hp_gain":0,"max_hp_loss":0,"event_name":"Mysterious Sphere","floor":37,"gold_loss":0}],"is_beta":false,"boss_relics":[{"not_picked":["Velvet Choker","Calling Bell"],"picked":"Snecko Eye"},{"not_picked":["Runic Pyramid","Runic Dome"],"picked":"SlaversCollar"}],"items_purged_floors":[21,28],"is_endless":false,"potions_floor_spawned":[4,5,8,11,14,23,25,29,31,36],"killed_by":"Transient","ascension_level":20}}