{"host":"e48gchmu8shm63ip","time":1608382891,"event":{"mods":["Abigail Mod","AchievementEnabler","Act Like it!","Bartender","BaseMod","Better Match","Better Note","Better Vampires","CapriCore","DeckTracker","Exacting","Fireblade Mod","Googly Eyes","Hallownest","Hermit","HololiveMod","Infinite Spire","Jorbs\u0027s Wanderer Trilogy","Koishi","Marisa????????","Minty Spire (QoL Compilation)","Railgun Mod","Rare Cards Sparkle","Reimu??????","Relic Filter","Shade Mod","StSLib","The Animator","The Construct","The Death Knight","The Forsaken","The Immortal","The Judge","The Poker Player","The Servant 0.9.4","TheFirefly","TheLocksmith","TheSwordswoman","Waifu the Spire"],"gold_per_floor":[119,119,130,191,191,191,221,247,247,33,44,44,69,144,144,144,144],"floor_reached":16,"playtime":1116,"items_purged":[],"score":116,"play_id":"d282c548-86b1-40e7-8f03-ae54c398b70b","local_time":"20201219140131","is_ascension_mode":true,"campfire_choices":[{"data":"animator:Viivi","floor":6,"key":"SMITH"},{"floor":15,"key":"REST"}],"circlet_count":0,"master_deck":["animator:Strike_OnePunchMan","animator:Defend_OnePunchMan","animator:Strike","animator:Strike","animator:Strike","animator:Defend","animator:Defend","animator:Defend","animator:Genos","animator:MumenRider","animator:Viivi+1","animator:Kazuma+1","animator:SilverFang","animator:Archer","animator:Sonic"],"relics":["animator:LivingPicture","animator:TheMissingPiece","Tiny Chest","animator:ShionDessert","Happy Flower","Matryoshka"],"acts_visited":["Exordium"],"potions_floor_usage":[16,16],"damage_taken":[{"damage":0,"enemies":"Hallownest:monsterHuskWarrior","floor":1,"turns":5},{"damage":2,"enemies":"2_ Uuma","floor":3,"turns":4},{"damage":27,"enemies":"Hallownest:eliteMossKnight","floor":7,"turns":15},{"damage":3,"enemies":"Hallownest:2_MossCreeps","floor":8,"turns":4},{"damage":16,"enemies":"Hallownest:1_Baldur_1_Crawlid_1_Warrior","floor":11,"turns":6},{"damage":72,"enemies":"Hallownest:BossBrokenVessel","floor":16,"turns":13}],"seed_played":"2179906485390148725","potions_obtained":[{"floor":1,"key":"ColorlessPotion"},{"floor":11,"key":"Swift Potion"}],"is_trial":false,"path_per_floor":["M","?","M","?","?","R","E","M","T","$","M","?","T","T","R","B"],"character_chosen":"THE_ANIMATOR","items_purchased":["animator:ShionDessert","animator:Archer"],"campfire_rested":1,"item_purchase_floors":[10,10],"current_hp_per_floor":[72,72,70,70,70,70,43,50,50,50,35,35,35,35,56,0,0],"gold":144,"neow_bonus":"TEN_PERCENT_HP_BONUS","is_daily":false,"chose_seed":false,"campfire_upgraded":1,"win_rate":0.0,"timestamp":1608382891,"path_taken":["M","?","M","?","?","R","E","M","T","$","?","?","?","?","R","BOSS"],"items_purchased_type":["Relic","Card"],"build_version":"2020-12-13","purchased_purges":0,"victory":false,"max_hp_per_floor":[72,72,72,72,72,72,72,72,72,72,73,73,73,73,73,73,73],"card_choices":[{"not_picked":["animator:Millim","animator:Jibril"],"picked":"animator:Viivi","floor":1},{"not_picked":["animator:Gillette","animator:SakuraMatou"],"picked":"animator:Kazuma","floor":3},{"not_picked":["animator:IzunaHatsuse","animator:FielNirvalen","animator:Melzalgald"],"picked":"SKIP","floor":7},{"not_picked":["animator:MumenRider","animator:MetalKnight"],"picked":"animator:SilverFang","floor":8},{"not_picked":["animator:Shiro","animator:ChlammyZell"],"picked":"animator:Sonic","floor":11}],"player_experience":562703,"relics_obtained":[{"floor":7,"key":"Tiny Chest"},{"floor":13,"key":"Happy Flower"},{"floor":14,"key":"Matryoshka"}],"event_choices":[],"is_beta":false,"boss_relics":[],"items_purged_floors":[],"is_endless":false,"potions_floor_spawned":[1,11],"killed_by":"Hallownest:BossBrokenVessel","ascension_level":4}}