{"host":"8t4zx4b1kle5u57h","time":1608340228,"event":{"mods":["BaseMod","Downfall","Minty Spire (QoL Compilation)","Rare Cards Sparkle","StSLib"],"gold_per_floor":[199,216,55,83,97,132,132,132,162,162,172,172,190,190,201,302,302,302,312,343,228,228,228,273,273,273,299,314,331,344,214,231,327,327,252,252,252,266,280,335,335,346,346,346,363,378,378,392,408,408],"floor_reached":51,"playtime":3234,"items_purged":["champ:Strike","champ:Strike","champ:Defend"],"score":724,"play_id":"4dc6cbaa-a218-428d-82c8-77bd64ca8171","local_time":"20201218171028","is_ascension_mode":false,"campfire_choices":[{"data":"champ:Taunt","floor":1,"key":"SMITH"},{"data":"champ:StanceDance","floor":8,"key":"SMITH"},{"data":"champ:FanOfKnives","floor":10,"key":"SMITH"},{"data":"champ:SwordThrow","floor":18,"key":"SMITH"},{"data":"champ:BladeFlurry","floor":23,"key":"SMITH"},{"floor":26,"key":"RECALL"},{"data":"champ:Improvising","floor":35,"key":"SMITH"},{"data":"champ:SteelEdge","floor":37,"key":"SMITH"},{"data":"expansioncontent:CaCaw","floor":44,"key":"SMITH"}],"circlet_count":0,"master_deck":["champ:Strike","champ:Strike+1","champ:Defend","champ:Defend","champ:Defend","champ:Execute","champ:Taunt+1","champ:StanceDance+1","champ:FanOfKnives+1","champ:BladeFlurry+1","champ:Haymaker+1","champ:FaceSlap","champ:ArenaPreparation+1","champ:Aggression","champ:Backstep","champ:FanOfKnives+1","champ:SwordThrow+1","champ:ArenaPreparation+1","champ:Improvising+1","champ:BringItOn","champ:SteelEdge+1","expansioncontent:CaCaw+1","champ:StanceDance+1"],"relics":["champ:ChampionCrown","White Beast Statue","Dream Catcher","Question Card","Odd Mushroom","champ:ChampionCrownUpgraded","Bag of Marbles","Omamori","Anchor","Whetstone","Velvet Choker","downfall:HeartBlessingRed","Mummified Hand","Shovel","Eternal Feather"],"acts_visited":["Exordium","TheCity","TheBeyond"],"potions_floor_usage":[16,16],"damage_taken":[{"damage":5,"enemies":"Small Slimes","floor":2,"turns":3},{"damage":10,"enemies":"downfall:FleeingMerchant","floor":3,"turns":4},{"damage":32,"enemies":"3 Sentries","floor":4,"turns":7},{"damage":8,"enemies":"2 Louse","floor":5,"turns":2},{"damage":10,"enemies":"Gremlin Nob","floor":6,"turns":4},{"damage":14,"enemies":"The Mushroom Lair","floor":9,"turns":3},{"damage":10,"enemies":"Cultist","floor":11,"turns":1},{"damage":9,"enemies":"3 Louse","floor":13,"turns":3},{"damage":5,"enemies":"Large Slime","floor":15,"turns":2},{"damage":71,"enemies":"downfall:Defect","floor":16,"turns":9},{"damage":14,"enemies":"Chosen","floor":19,"turns":2},{"damage":20,"enemies":"Gremlin Leader","floor":20,"turns":4},{"damage":16,"enemies":"downfall:FleeingMerchant","floor":21,"turns":4},{"damage":16,"enemies":"Slavers","floor":27,"turns":1},{"damage":11,"enemies":"Centurion and Healer","floor":28,"turns":4},{"damage":20,"enemies":"Snecko","floor":29,"turns":3},{"damage":16,"enemies":"Shelled Parasite and Fungi","floor":30,"turns":3},{"damage":30,"enemies":"downfall:FleeingMerchant","floor":31,"turns":4},{"damage":30,"enemies":"Sentry and Sphere","floor":32,"turns":2},{"damage":87,"enemies":"downfall:Ironclad","floor":33,"turns":5},{"damage":8,"enemies":"Orb Walker","floor":38,"turns":2},{"damage":27,"enemies":"3 Shapes","floor":39,"turns":2},{"damage":14,"enemies":"2 Orb Walkers","floor":40,"turns":2},{"damage":5,"enemies":"Jaw Worm Horde","floor":42,"turns":2},{"damage":8,"enemies":"3 Darklings","floor":45,"turns":2},{"damage":18,"enemies":"Sphere and 2 Shapes","floor":46,"turns":2},{"damage":40,"enemies":"Maw","floor":48,"turns":3},{"damage":0,"enemies":"3 Darklings","floor":49,"turns":2},{"damage":58,"enemies":"downfall:Silent","floor":50,"turns":4}],"seed_played":"-2963345316373165298","potions_obtained":[{"floor":4,"key":"Energy Potion"},{"floor":5,"key":"Guardian:BlockOnCardUsePotion"},{"floor":6,"key":"Guardian:BlockOnCardUsePotion"},{"floor":16,"key":"PowerPotion"},{"floor":20,"key":"Explosive Potion"},{"floor":22,"key":"CultistPotion"},{"floor":31,"key":"champ:UltimateStancePotion"}],"is_trial":false,"path_per_floor":["R","M","$","E","M","E","T","R","?","R","M","?","M","?","M","B",null,"R","M","E","$","?","R","T","?","R","E","M","M","M","$","M","B",null,"R","?","R","M","M","?","T","M","?","R","M","M","?","M","M","B",null],"character_chosen":"THE_CHAMP","items_purchased":["champ:BladeFlurry","champ:Haymaker","champ:Improvising","Whetstone","champ:BringItOn"],"campfire_rested":0,"item_purchase_floors":[3,3,31,31,31],"current_hp_per_floor":[90,90,90,63,60,50,50,50,41,41,41,41,37,67,67,6,90,90,90,90,87,87,87,87,87,87,82,82,76,76,73,73,31,90,90,90,90,90,85,85,85,85,85,90,90,85,85,85,85,54],"gold":408,"neow_bonus":"HUNDRED_GOLD","is_daily":false,"chose_seed":false,"campfire_upgraded":8,"win_rate":0.0,"timestamp":1608340228,"path_taken":["R","M","$","E","M","E","T","R","?","R","M","?","M","?","M","BOSS","R","M","E","$","?","R","T","?","R","E","?","M","M","$","M","BOSS","R","?","R","M","M","?","T","M","?","R","M","M","?","M","M","BOSS"],"items_purchased_type":["Card","Card","Card","Relic","Card"],"build_version":"2020-12-13","purchased_purges":3,"victory":true,"max_hp_per_floor":[90,90,90,90,90,90,90,90,90,90,90,90,90,90,90,90,90,90,90,90,90,90,90,90,90,90,90,90,90,90,90,90,90,90,90,90,90,90,90,90,90,90,90,90,90,90,90,90,90,90],"card_choices":[{"not_picked":["champ:DefensiveShout","champ:FlashCut"],"picked":"champ:StanceDance","floor":2},{"not_picked":["champ:Backstep","champ:Devastate"],"picked":"champ:FanOfKnives","floor":3},{"not_picked":["champ:ShieldSlam","champ:Shatter"],"picked":"champ:FaceSlap","floor":4},{"not_picked":["champ:StanceDance","champ:TornadoPunch"],"picked":"champ:ArenaPreparation","floor":5},{"not_picked":["champ:FocusedDefense","champ:FocusedGladiator","champ:Encircle"],"picked":"SKIP","floor":6},{"not_picked":["champ:EnGarde","champ:Balance","champ:StanceDance"],"picked":"champ:Aggression","floor":9},{"not_picked":["champ:Circumvent","champ:EndlessRage","champ:Haymaker"],"picked":"champ:Backstep","floor":11},{"not_picked":["champ:GladiatorsShout","champ:FocusedDefense","champ:Duel"],"picked":"champ:FanOfKnives","floor":13},{"not_picked":["champ:EndlessRage","champ:TornadoPunch","champ:Control","champ:PerfectedStrike"],"picked":"SKIP","floor":15},{"not_picked":["champ:IgnorePain","champ:LastStand","champ:Devastate"],"picked":"champ:SwordThrow","floor":16},{"not_picked":["champ:PerfectedStrike","champ:Backstep","champ:DefensiveShout","champ:Riposte"],"picked":"SKIP","floor":19},{"not_picked":["champ:GladiatorStyle","champ:FlashCut","champ:FocusedDefense+1","champ:Aggression"],"picked":"SKIP","floor":20},{"not_picked":["champ:BerserkersShout+1","champ:PerfectedStrike","champ:PreciseThrust","champ:BerserkerStyle"],"picked":"SKIP","floor":21},{"not_picked":["champ:PerfectedStrike","champ:StanceDance","champ:IronFortress","champ:ShieldWall+1"],"picked":"SKIP","floor":27},{"not_picked":["champ:PreciseThrust","champ:Backstep","champ:Circumvent","champ:FalseCounter"],"picked":"SKIP","floor":28},{"not_picked":["champ:FocusedGladiator","champ:Aggression","champ:DefensiveShout","champ:Shatter"],"picked":"SKIP","floor":29},{"not_picked":["champ:StanceDance","champ:EnragedBash+1","champ:Haymaker"],"picked":"champ:ArenaPreparation+1","floor":30},{"not_picked":["champ:FalseCounter+1","champ:GladiatorsShout+1","champ:IronFortress+1","champ:Backstep"],"picked":"SKIP","floor":31},{"not_picked":["champ:Lariat","champ:Shatter","champ:Encircle","champ:Backstep"],"picked":"SKIP","floor":32},{"not_picked":["champ:ShieldSlam","champ:ShieldThrow","champ:LastStand"],"picked":"champ:SteelEdge","floor":33},{"not_picked":["champ:FocusedBerserking","champ:FlashCut+1","champ:EnragedBash+1","champ:BerserkersShout+1"],"picked":"SKIP","floor":38},{"not_picked":["champ:Circumvent+1","champ:DefensiveStyle+1","champ:FaceSlap+1","champ:GladiatorsShout"],"picked":"SKIP","floor":39},{"not_picked":["champ:FlashCut","champ:PreciseThrust+1","champ:DefensiveShout+1","champ:CrookedStrike"],"picked":"SKIP","floor":42},{"not_picked":["expansioncontent:Sear","expansioncontent:TimeRipple","expansioncontent:SuperHexaguard"],"picked":"expansioncontent:CaCaw","floor":43},{"not_picked":["champ:AdrenalArmor","champ:Encircle+1","champ:EnGarde+1"],"picked":"champ:StanceDance+1","floor":45},{"not_picked":["champ:StanceDance","champ:Aggression+1","champ:Encircle+1","champ:FlashCut+1"],"picked":"SKIP","floor":46},{"not_picked":["champ:TornadoPunch","champ:Haymaker","champ:FocusedGladiator+1","champ:DancingMaster"],"picked":"SKIP","floor":48},{"not_picked":["champ:ArenaPreparation","champ:Haymaker","champ:FocusedDefense+1","champ:GladiatorsShout+1"],"picked":"SKIP","floor":49}],"player_experience":74190,"relics_obtained":[{"floor":4,"key":"White Beast Statue"},{"floor":6,"key":"Dream Catcher"},{"floor":7,"key":"Question Card"},{"floor":9,"key":"Odd Mushroom"},{"floor":20,"key":"Bag of Marbles"},{"floor":24,"key":"Omamori"},{"floor":27,"key":"Anchor"},{"floor":36,"key":"Mummified Hand"},{"floor":40,"key":"Shovel"},{"floor":41,"key":"Eternal Feather"}],"event_choices":[{"damage_healed":0,"gold_gain":0,"player_choice":"Fought Mushrooms","damage_taken":0,"max_hp_gain":0,"max_hp_loss":0,"event_name":"Mushrooms","floor":9,"gold_loss":0},{"damage_healed":0,"gold_gain":0,"player_choice":"Grow","damage_taken":0,"max_hp_gain":0,"max_hp_loss":0,"event_name":"Living Wall","floor":12,"gold_loss":0,"cards_upgraded":["champ:ArenaPreparation"]},{"damage_healed":30,"gold_gain":0,"player_choice":"Banana","damage_taken":0,"max_hp_gain":0,"max_hp_loss":0,"event_name":"Big Fish","floor":14,"gold_loss":0},{"damage_healed":0,"gold_gain":0,"player_choice":"Forge","damage_taken":0,"max_hp_gain":0,"max_hp_loss":0,"event_name":"Accursed Blacksmith","floor":25,"gold_loss":0,"cards_upgraded":["champ:Haymaker"]},{"damage_healed":0,"gold_gain":0,"player_choice":"Fight","damage_taken":0,"max_hp_gain":0,"max_hp_loss":0,"event_name":"Mysterious Sphere","floor":40,"gold_loss":0}],"is_beta":false,"boss_relics":[{"not_picked":["Cursed Key","Calling Bell"],"picked":"champ:ChampionCrownUpgraded"},{"not_picked":["Runic Dome","Snecko Eye"],"picked":"Velvet Choker"}],"items_purged_floors":[3,21,31],"is_endless":false,"potions_floor_spawned":[4,5,6,9,11,13,15,16,19,20,21,27,28,29,30,31,32,33,38,39,40,42,45,46,48,49],"ascension_level":0}}