{"host":"4evnc443c98ww2zl","time":1608337128,"event":{"mods":["BaseMod","Hermit","Koishi","Minty Spire (QoL Compilation)","Remilia??????","Robot Space Explorer","StSLib","The Administrix","The Animator","The Bug Knight","The Cursed"],"gold_per_floor":[114,114,389,16,35,35,58,74,74,115,128,143,143,162,162,285,285,308,233,129,154,170,206,206,206,285,301,301,301,315,356,368,510,522,534,534],"floor_reached":35,"playtime":2648,"items_purged":["Regret"],"score":474,"play_id":"4e3573cf-ac8d-4af4-bf9f-a0becaca7fe0","local_time":"20201218181848","is_ascension_mode":false,"campfire_choices":[{"data":"1","floor":6,"key":"LIFT"},{"data":"2","floor":13,"key":"LIFT"},{"floor":15,"key":"REST"},{"floor":25,"key":"REST"},{"floor":28,"key":"REST"},{"data":"3","floor":32,"key":"LIFT"}],"circlet_count":0,"master_deck":["RobotSpaceExplorer:Defend","RobotSpaceExplorer:Defend","RobotSpaceExplorer:Defend","RobotSpaceExplorer:Scan","RobotSpaceExplorer:MiniLasers","RobotSpaceExplorer:ScrapMissile","RobotSpaceExplorer:StarLightning","RobotSpaceExplorer:ShovelStrike","RobotSpaceExplorer:ScrapMissile","RobotSpaceExplorer:ImprovisedAttack","RobotSpaceExplorer:ShovelStrike","RobotSpaceExplorer:ShovelStrike","RobotSpaceExplorer:ImprovisedAttack","RobotSpaceExplorer:Autoloader","RobotSpaceExplorer:ScrapMissile","RobotSpaceExplorer:FreezeRay","RobotSpaceExplorer:Fix","RobotSpaceExplorer:Calculate","RobotSpaceExplorer:ScrapMissile+1","RobotSpaceExplorer:Calculate","RobotSpaceExplorer:ScrapShield+1","Bite","Bite","Bite","Bite","Bite","RobotSpaceExplorer:MiniDrones","RobotSpaceExplorer:Comet"],"relics":["RobotSpaceExplorer:RoboCore","Golden Idol","Girya","Omamori","Cursed Key","Shuriken","Enchiridion","White Beast Statue","MawBank","RobotSpaceExplorer:Reprocessor"],"acts_visited":["Exordium","TheCity","TheBeyond"],"potions_floor_usage":[12,12,16,21,22,27,31,31],"damage_taken":[{"damage":1,"enemies":"Jaw Worm","floor":1,"turns":4},{"damage":0,"enemies":"Small Slimes","floor":5,"turns":2},{"damage":0,"enemies":"Cultist","floor":7,"turns":2},{"damage":2,"enemies":"Blue Slaver","floor":8,"turns":2},{"damage":15,"enemies":"Gremlin Nob","floor":10,"turns":4},{"damage":5,"enemies":"Looter","floor":11,"turns":2},{"damage":0,"enemies":"Large Slime","floor":12,"turns":1},{"damage":0,"enemies":"Blue Slaver","floor":14,"turns":1},{"damage":53,"enemies":"The Guardian","floor":16,"turns":10},{"damage":0,"enemies":"Spheric Guardian","floor":18,"turns":2},{"damage":2,"enemies":"Shell Parasite","floor":21,"turns":2},{"damage":29,"enemies":"Snake Plant","floor":22,"turns":5},{"damage":26,"enemies":"Gremlin Leader","floor":23,"turns":5},{"damage":10,"enemies":"Chosen and Byrds","floor":27,"turns":4},{"damage":3,"enemies":"Centurion and Healer","floor":30,"turns":4},{"damage":10,"enemies":"Book of Stabbing","floor":31,"turns":4},{"damage":12,"enemies":"Automaton","floor":33,"turns":6}],"seed_played":"6465499480142334188","potions_obtained":[{"floor":5,"key":"Strength Potion"},{"floor":10,"key":"FearPotion"},{"floor":12,"key":"Weak Potion"},{"floor":16,"key":"DistilledChaos"},{"floor":18,"key":"AttackPotion"},{"floor":22,"key":"RobotSpaceExplorer:LiquidFusion"},{"floor":27,"key":"RobotSpaceExplorer:PlasmaFlask"},{"floor":30,"key":"Energy Potion"},{"floor":31,"key":"BlessingOfTheForge"},{"floor":33,"key":"RobotSpaceExplorer:RecyclePotion"}],"is_trial":false,"path_per_floor":["M","?","?","$","M","R","M","M","T","E","M","M","R","M","R","B",null,"M","?","$","M","M","E","?","R","T","M","R","?","M","E","R","B",null,"M"],"character_chosen":"RobotSpaceExplorer","items_purchased":["Girya","RobotSpaceExplorer:FreezeRay","RobotSpaceExplorer:Fix"],"campfire_rested":3,"item_purchase_floors":[4,20,20],"current_hp_per_floor":[74,56,56,56,56,56,56,54,54,39,34,34,34,34,56,3,75,75,75,75,73,48,26,10,32,32,26,48,48,50,51,51,46,52,0,0],"gold":534,"neow_bonus":"TRANSFORM_CARD","is_daily":false,"chose_seed":false,"campfire_upgraded":0,"win_rate":0.0,"timestamp":1608337128,"path_taken":["M","?","?","$","M","R","M","M","T","E","M","?","R","M","R","BOSS","M","?","$","M","M","E","?","R","T","M","R","?","M","E","R","BOSS","M"],"items_purchased_type":["Relic","Card","Card"],"build_version":"2020-12-13","purchased_purges":1,"victory":false,"max_hp_per_floor":[75,75,75,75,75,75,75,75,75,75,75,75,75,75,75,75,75,75,75,75,75,75,75,75,75,75,75,75,52,52,52,52,52,52,52,52],"card_choices":[{"not_picked":["RobotSpaceExplorer:Pulsar","RobotSpaceExplorer:StunGrenade"],"picked":"RobotSpaceExplorer:StarLightning","floor":1},{"not_picked":["RobotSpaceExplorer:Reload","RobotSpaceExplorer:SwiftStep"],"picked":"RobotSpaceExplorer:ShovelStrike","floor":5},{"not_picked":["RobotSpaceExplorer:Counterblock","RobotSpaceExplorer:PowerGlove"],"picked":"RobotSpaceExplorer:ScrapMissile","floor":7},{"not_picked":["RobotSpaceExplorer:TrailblazerForm","RobotSpaceExplorer:MakeshiftVolley"],"picked":"RobotSpaceExplorer:ImprovisedAttack","floor":8},{"not_picked":["RobotSpaceExplorer:Counterblock","RobotSpaceExplorer:Ammunition"],"picked":"RobotSpaceExplorer:ShovelStrike","floor":10},{"not_picked":["RobotSpaceExplorer:PowerGlove","RobotSpaceExplorer:FrostMissile"],"picked":"RobotSpaceExplorer:ShovelStrike","floor":11},{"not_picked":["RobotSpaceExplorer:SurgingStrike","RobotSpaceExplorer:Electropulse"],"picked":"RobotSpaceExplorer:ImprovisedAttack","floor":12},{"not_picked":["RobotSpaceExplorer:FrostMissile","RobotSpaceExplorer:Electropulse","RobotSpaceExplorer:MakeshiftVolley"],"picked":"SKIP","floor":14},{"not_picked":["RobotSpaceExplorer:Exploration","RobotSpaceExplorer:DroneSwarm"],"picked":"RobotSpaceExplorer:Autoloader","floor":16},{"not_picked":["RobotSpaceExplorer:GlueShot","RobotSpaceExplorer:ShockKick"],"picked":"RobotSpaceExplorer:ScrapMissile","floor":18},{"not_picked":["RobotSpaceExplorer:Electropulse","RobotSpaceExplorer:MiniDrones"],"picked":"RobotSpaceExplorer:Calculate","floor":21},{"not_picked":["RobotSpaceExplorer:Counterblock","RobotSpaceExplorer:Pulsar"],"picked":"RobotSpaceExplorer:ScrapMissile+1","floor":22},{"not_picked":["RobotSpaceExplorer:SlimeMissile","RobotSpaceExplorer:SurgingShield"],"picked":"RobotSpaceExplorer:Calculate","floor":23},{"not_picked":["RobotSpaceExplorer:MakeshiftVolley","RobotSpaceExplorer:PowerGlove"],"picked":"RobotSpaceExplorer:ScrapShield+1","floor":27},{"not_picked":["RobotSpaceExplorer:FranticSearch","RobotSpaceExplorer:Probe"],"picked":"RobotSpaceExplorer:MiniDrones","floor":30},{"not_picked":["RobotSpaceExplorer:ShovelStrike","RobotSpaceExplorer:Accelerator","RobotSpaceExplorer:SurgingStrike"],"picked":"SKIP","floor":31},{"not_picked":["RobotSpaceExplorer:Arsenal","RobotSpaceExplorer:Exploration"],"picked":"RobotSpaceExplorer:Comet","floor":33}],"player_experience":1043507,"relics_obtained":[{"floor":10,"key":"Omamori"},{"floor":23,"key":"Shuriken"},{"floor":24,"key":"Enchiridion"},{"floor":26,"key":"White Beast Statue"},{"floor":31,"key":"MawBank"}],"event_choices":[{"damage_healed":0,"gold_gain":0,"player_choice":"Take Damage","damage_taken":18,"relics_obtained":["Golden Idol"],"max_hp_gain":0,"max_hp_loss":0,"event_name":"Golden Idol","floor":2,"gold_loss":0},{"damage_healed":0,"gold_gain":275,"player_choice":"Desecrate","damage_taken":0,"max_hp_gain":0,"max_hp_loss":0,"event_name":"Golden Shrine","floor":3,"gold_loss":0,"cards_obtained":["Regret"]},{"cards_removed":["RobotSpaceExplorer:Strike"],"damage_healed":0,"gold_gain":0,"player_choice":"Gave Gold","damage_taken":0,"max_hp_gain":0,"max_hp_loss":0,"event_name":"Beggar","floor":19,"gold_loss":75},{"damage_healed":0,"gold_gain":0,"player_choice":"Obtained Book","damage_taken":16,"max_hp_gain":0,"max_hp_loss":0,"event_name":"Cursed Tome","floor":24,"gold_loss":0},{"damage_healed":0,"gold_gain":0,"player_choice":"Became a vampire","damage_taken":0,"max_hp_gain":0,"max_hp_loss":23,"event_name":"Vampires","floor":29,"gold_loss":0,"cards_obtained":["Bite","Bite","Bite","Bite","Bite"]}],"is_beta":false,"boss_relics":[{"not_picked":["SacredBark","Runic Pyramid"],"picked":"Cursed Key"},{"not_picked":["Philosopher\u0027s Stone","Snecko Eye"],"picked":"RobotSpaceExplorer:Reprocessor"}],"items_purged_floors":[4],"is_endless":false,"potions_floor_spawned":[5,10,12,16,18,22,27,30,31,33],"killed_by":"3 Shapes","ascension_level":0}}