{"host":"hz7oro4zaett5eh9","time":1608421866,"event":{"mods":["BaseMod","BetterRewards","Downfall","Minty Spire (QoL Compilation)","StSLib"],"gold_per_floor":[99,199,124,124,124,124,124,124,124,149,164,164,184,34,49,153,153,78,78,78,108,108,108,108,128,128,128,128,128],"floor_reached":28,"playtime":1904,"items_purged":[],"score":228,"play_id":"443d6b80-5950-4c3d-9b04-d2b890197e7e","local_time":"20201219235106","is_ascension_mode":false,"campfire_choices":[{"floor":1,"key":"RECALL"},{"data":"Slimebound:CorrosiveSpit","floor":3,"key":"SMITH"},{"data":"Slimebound:BestDefense","floor":18,"key":"SMITH"},{"floor":27,"key":"REST"}],"circlet_count":0,"master_deck":["Slimebound:Strike_Slimebound","Slimebound:Strike_Slimebound","Slimebound:Strike_Slimebound","Slimebound:Defend_Slimebound","Slimebound:Defend_Slimebound","Slimebound:Defend_Slimebound","Slimebound:Split","Slimebound:CorrosiveSpit+1","Slimebound:SamplingLick","Slimebound:Dissolve","Slimebound:SplitBruiser","Iron Wave","Slimebound:GoopSpray","Slimebound:Prepare","Slimebound:SplitMire","Slimebound:SplitLeeching","Slimebound:Teamwork","Slimebound:BestDefense+1","Slimebound:MinionMaster","CurseOfTheBell","Slimebound:CheckThePlaybook","Slimebound:Icky","Slimebound:SamplingLick","Slimebound:SlimeBrawl","Slimebound:Overexert"],"relics":["Slimebound:AbsorbEndCombat","downfall:HeartsMalice","downfall:HeartBlessingRed","Slimebound:MaxSlimesRelic","Dream Catcher","Calling Bell","Meat on the Bone","Smiling Mask","TungstenRod","downfall:HeartBlessingBlue","White Beast Statue","Darkstone Periapt"],"acts_visited":["Exordium","TheCity"],"potions_floor_usage":[16,16,25,25],"damage_taken":[{"damage":0,"enemies":"Cultist","floor":4,"turns":1},{"damage":0,"enemies":"2 Louse","floor":5,"turns":1},{"damage":0,"enemies":"Jaw Worm","floor":8,"turns":1},{"damage":19,"enemies":"Lagavulin","floor":10,"turns":6},{"damage":19,"enemies":"Lots of Slimes","floor":11,"turns":3},{"damage":4,"enemies":"3 Louse","floor":13,"turns":2},{"damage":16,"enemies":"downfall:FleeingMerchant","floor":14,"turns":4},{"damage":28,"enemies":"2 Fungi Beasts","floor":15,"turns":3},{"damage":50,"enemies":"downfall:Watcher","floor":16,"turns":6},{"damage":70,"enemies":"Slavers","floor":21,"turns":7},{"damage":16,"enemies":"Spheric Guardian","floor":25,"turns":4},{"damage":79,"enemies":"Cultist and Chosen","floor":28,"turns":5}],"seed_played":"7758366468940151965","potions_obtained":[{"floor":10,"key":"Guardian:BlockOnCardUsePotion"},{"floor":11,"key":"LiquidBronze"},{"floor":13,"key":"Dexterity Potion"},{"floor":15,"key":"Strength Potion"},{"floor":16,"key":"FearPotion"},{"floor":21,"key":"AttackPotion"},{"floor":22,"key":"CultistPotion"},{"floor":25,"key":"Slimebound:SlimedPotion"}],"is_trial":false,"path_per_floor":["R","?","R","M","M","?","T","M","?","E","M","?","M","$","M","B",null,"R","?","?","E","?","?","T","M","?","R","M"],"character_chosen":"SLIMEBOUND","items_purchased":["Slimebound:Teamwork"],"campfire_rested":1,"item_purchase_floors":[14],"current_hp_per_floor":[60,60,60,60,60,60,60,60,60,53,50,47,53,59,48,28,60,70,70,70,35,35,35,35,47,47,68,0,0],"gold":128,"neow_bonus":"THREE_ENEMY_KILL","is_daily":false,"chose_seed":false,"campfire_upgraded":2,"win_rate":0.0,"timestamp":1608421866,"path_taken":["R","?","R","M","M","?","T","?","?","E","?","?","M","$","M","BOSS","R","?","?","E","?","?","T","?","?","R","M"],"items_purchased_type":["Card"],"build_version":"2020-12-13","purchased_purges":0,"victory":false,"max_hp_per_floor":[60,60,60,60,60,60,60,60,60,60,60,60,60,60,60,60,60,70,70,70,70,70,70,70,70,70,70,70,70],"card_choices":[{"not_picked":["Slimebound:ViciousTackle","Slimebound:PressTheAttack"],"picked":"Slimebound:SamplingLick","floor":4},{"not_picked":["Slimebound:ComboTackle","Slimebound:ProtectTheBoss"],"picked":"Slimebound:Dissolve","floor":5},{"not_picked":["Slimebound:SlimeBrawl","Slimebound:LeechEnergy"],"picked":"Slimebound:SplitBruiser","floor":8},{"not_picked":["Slimebound:Schlurp","Slimebound:Equalize"],"picked":"Slimebound:GoopSpray","floor":10},{"not_picked":["Slimebound:ComboTackle","Slimebound:Schlurp"],"picked":"Slimebound:Prepare","floor":11},{"not_picked":["Slimebound:LeechEnergy","Slimebound:LeechingTouch"],"picked":"Slimebound:SplitMire","floor":13},{"not_picked":["Slimebound:FlameTackle","Slimebound:ComboTackle"],"picked":"Slimebound:SplitLeeching","floor":14},{"not_picked":["Slimebound:ViciousTackle","Slimebound:LeechingTouch"],"picked":"Slimebound:BestDefense","floor":15},{"not_picked":["Slimebound:SelfFormingGoo","Slimebound:MassFeed"],"picked":"Slimebound:MinionMaster","floor":16},{"not_picked":["Slimebound:LeechEnergy","Slimebound:SlimeBrawl"],"picked":"Slimebound:SamplingLick","floor":21},{"not_picked":["Slimebound:PressTheAttack","Slimebound:Replication+1"],"picked":"Slimebound:SlimeBrawl","floor":25},{"not_picked":["Slimebound:ComboTackle+1","Slimebound:GoopTackle"],"picked":"Slimebound:Overexert","floor":27}],"player_experience":612968,"relics_obtained":[{"floor":10,"key":"Slimebound:MaxSlimesRelic"},{"floor":17,"key":"Meat on the Bone"},{"floor":17,"key":"Smiling Mask"},{"floor":17,"key":"TungstenRod"},{"floor":21,"key":"White Beast Statue"},{"floor":24,"key":"Darkstone Periapt"}],"event_choices":[{"cards_removed":["Slimebound:Defend_Slimebound"],"damage_healed":0,"gold_gain":0,"player_choice":"Offered Basic","damage_taken":0,"max_hp_gain":0,"max_hp_loss":0,"event_name":"Bonfire Elementals","floor":6,"gold_loss":0},{"cards_removed":["Slimebound:Tackle"],"damage_healed":0,"gold_gain":0,"player_choice":"Took Card","damage_taken":0,"max_hp_gain":0,"max_hp_loss":0,"event_name":"NoteForYourself","floor":9,"gold_loss":0,"cards_obtained":["Iron Wave"]},{"damage_healed":0,"gold_gain":0,"player_choice":"Success","damage_taken":3,"relics_obtained":["Dream Catcher"],"max_hp_gain":0,"max_hp_loss":0,"event_name":"Scrap Ooze","floor":12,"gold_loss":0}],"is_beta":false,"boss_relics":[{"not_picked":["Runic Dome","Busted Crown"],"picked":"Calling Bell"}],"items_purged_floors":[],"is_endless":false,"potions_floor_spawned":[10,11,13,15,16,21,25],"killed_by":"Cultist and Chosen","ascension_level":0}}