{"host":"21h5e52imz35vo8g","time":1608402003,"event":{"mods":["AchievementEnabler","BaseMod","Colored Map","Colored Powertips","Googly Eyes","Minty Spire (QoL Compilation)","Quick Restart","Rare Cards Sparkle","Replay The Spire","StSLib"],"gold_per_floor":[119,119,69,69,69,69,94,106,106,132,132,148,148,165,165,266,266,279,279,484,33,45,45,59,59,82,7,7,35,35,65,65,168,168,185,240,240,268,290,290,321,321,321,346,360,393,393,405,405,411],"floor_reached":51,"playtime":3770,"items_purged":["Searing Blow+1"],"score":1038,"play_id":"d88e144d-0bc6-4a87-8679-e0e2f2ed8ab3","local_time":"20201220022003","is_ascension_mode":true,"campfire_choices":[{"data":"Searing Blow","floor":6.0,"key":"SMITH"},{"data":"Armaments","floor":13.0,"key":"SMITH"},{"floor":15.0,"key":"RECALL"},{"data":"Barricade","floor":23,"key":"SMITH"},{"data":"Mayhem","floor":30,"key":"SMITH"},{"data":"Flame Barrier","floor":32,"key":"SMITH"},{"floor":42,"key":"REST"}],"circlet_count":1,"master_deck":["Strike_R","Strike_R","Strike_R","Strike_R","Defend_R","Defend_R","Defend_R","Bash","Armaments+1","Headbutt","Barricade+1","Shrug It Off+1","Feel No Pain","Mayhem+1","Power Through+1","Delirium","Flame Barrier+1","Metallicize","Pot Of Greed","Pot Of Greed","Defy Death+1"],"relics":["Burning Blood","NeowsBlessing","Circlet","Chameleon Ring","White Beast Statue","Blue Candle","Pet Ghost","Ooze Armor","Replay:Wax Seal","Medical Kit","Ring of Peace","Ginger","InkBottle","SacredBark","Replay:PocketPolymizer","Replay:Bandana","Grinning Jar","Replay:Bottled Steam","Nunchaku"],"acts_visited":["Exordium","TheCity","TheBeyond"],"potions_floor_usage":[29,31,31,33,33,33,33,33,33,33,36,39,41,41,44,46,46,46,48],"damage_taken":[{"damage":0.0,"enemies":"2 Louse","floor":1.0,"turns":1.0},{"damage":0.0,"enemies":"Lagavulin","floor":7.0,"turns":1.0},{"damage":0.0,"enemies":"Small Slimes","floor":8.0,"turns":1.0},{"damage":40.0,"enemies":"Gremlin Nob","floor":10.0,"turns":5.0},{"damage":7.0,"enemies":"Jaw Worm","floor":12.0,"turns":3.0},{"damage":6.0,"enemies":"Blue Slaver","floor":14.0,"turns":3.0},{"damage":52,"enemies":"Hexaghost","floor":16,"turns":9},{"damage":18,"enemies":"3 Byrds","floor":18,"turns":7},{"damage":6,"enemies":"Chosen","floor":22,"turns":8},{"damage":0,"enemies":"Snecko","floor":24,"turns":5},{"damage":23,"enemies":"Book of Stabbing","floor":29,"turns":9},{"damage":17,"enemies":"Gremlin Leader","floor":31,"turns":7},{"damage":18,"enemies":"Collector","floor":33,"turns":17},{"damage":9,"enemies":"3 Darklings","floor":35,"turns":8},{"damage":67,"enemies":"2 Orb Walkers","floor":36,"turns":11},{"damage":12,"enemies":"Orb Walker","floor":38,"turns":5},{"damage":53,"enemies":"Writhing Mass","floor":39,"turns":8},{"damage":0,"enemies":"R_Hoarder","floor":41,"turns":13},{"damage":0,"enemies":"Maw","floor":44,"turns":12},{"damage":83,"enemies":"Transient","floor":45,"turns":5},{"damage":21,"enemies":"Reptomancer","floor":46,"turns":11},{"damage":4,"enemies":"Giant Head","floor":48,"turns":7},{"damage":108,"enemies":"Awakened One","floor":50,"turns":43}],"seed_played":"3107973033923431169","potions_obtained":[{"floor":1.0,"key":"SpeedPotion"},{"floor":7.0,"key":"FairyPotion"},{"floor":10.0,"key":"FearPotion"},{"floor":14.0,"key":"SteroidPotion"},{"floor":16,"key":"EntropicBrew"},{"floor":24,"key":"BloodPotion"},{"floor":29,"key":"Fire Potion"},{"floor":31,"key":"Elixir"},{"floor":33,"key":"Flashbang"},{"floor":35,"key":"Ancient Potion"},{"floor":36,"key":"Block Potion"},{"floor":38,"key":"Dexterity Potion"},{"floor":39,"key":"Venom Potion"},{"floor":40,"key":"Flashbang"},{"floor":40,"key":"Fruit Juice"},{"floor":41,"key":"LiquidMemories"},{"floor":44,"key":"Dexterity Potion"},{"floor":45,"key":"Regen Potion"},{"floor":46,"key":"FearPotion"},{"floor":47,"key":"FairyPotion"},{"floor":47,"key":"SmokeBomb"},{"floor":49,"key":"FairyPotion"},{"floor":49,"key":"SmokeBomb"}],"is_trial":false,"path_per_floor":["M","?","?","?","?","R","E","M","T","E","?","M","R","M","R","B",null,"M","?","?","$","M","R","M","$","T","$","?","E","R","E","R","B",null,"M","?","?","M","M","R","E","R","T","M","M","E","R","E","R_BF","B",null],"character_chosen":"IRONCLAD","items_purchased":["Replay:Wax Seal","Medical Kit","Feel No Pain","Mayhem"],"campfire_rested":1,"item_purchase_floors":[21,21,21,21],"current_hp_per_floor":[78,78,78,71,71,71,77,80,80,46,43,42,42,51,51,42,71,59,59,59,59,59,59,65,65,65,65,65,48,48,61,61,49,72,69,8,8,78,31,31,52,80,80,86,9,95,95,95,95,83],"gold":411,"neow_bonus":"THREE_ENEMY_KILL","is_daily":false,"chose_seed":false,"campfire_upgraded":5,"win_rate":0.0,"timestamp":1608402003,"path_taken":["M","?","?","?","?","R","E","M","T","E","?","M","R","M","R","BOSS","M","?","?","$","?","R","M","$","T","?","?","E","R","E","R","BOSS","M","?","?","?","M","R","E","R","T","M","M","E","R","E","R_BF","BOSS"],"items_purchased_type":["Relic","Relic","Card","Card"],"build_version":"2020-12-13","purchased_purges":1,"victory":true,"max_hp_per_floor":[80,80,80,80,80,80,80,80,80,80,80,80,80,80,80,80,80,80,80,80,80,80,80,80,80,80,80,80,80,80,80,80,80,80,80,80,80,80,80,80,95,95,95,95,95,95,95,95,95,95],"card_choices":[{"not_picked":["Havoc","True Grit"],"picked":"Searing Blow","floor":1.0},{"not_picked":["ReplayTheSpireMod:Strike From Hell","Rupture","Bloodletting"],"picked":"SKIP","floor":7.0},{"not_picked":["ReplayTheSpireMod:Strike From Hell","Rupture","Bloodletting"],"picked":"SKIP","floor":7.0},{"not_picked":["Dropkick","Twin Strike","ReplayTheSpireMod:Stacked"],"picked":"SKIP","floor":8.0},{"not_picked":["Anger","Evolve"],"picked":"Armaments","floor":10.0},{"not_picked":["Twin Strike","Blood for Blood"],"picked":"Headbutt","floor":12.0},{"not_picked":["Replay:Undeath\u0027s Touch","Flame Barrier","Body Slam"],"picked":"SKIP","floor":14.0},{"not_picked":["Bludgeon","Double Tap"],"picked":"Barricade","floor":16},{"not_picked":["Wild Strike","Feel No Pain+1"],"picked":"Shrug It Off+1","floor":18},{"not_picked":["Battle Trance","Flex"],"picked":"Power Through+1","floor":22},{"not_picked":["Thunderclap","Heavy Blade","Second Wind"],"picked":"SKIP","floor":24},{"not_picked":["Sentinel","Sword Boomerang","Fire Breathing"],"picked":"SKIP","floor":29},{"not_picked":["Barricade","Replay:Undeath\u0027s Touch"],"picked":"Flame Barrier","floor":31},{"not_picked":["True Grit+1","Fire Breathing","Iron Wave+1"],"picked":"SKIP","floor":35},{"not_picked":["Feel No Pain+1","Second Wind"],"picked":"Metallicize","floor":36},{"not_picked":["Headbutt+1","Burning Pact","Abandon"],"picked":"SKIP","floor":38},{"not_picked":["Wild Strike","Havoc+1","Thunderclap+1"],"picked":"SKIP","floor":39},{"not_picked":["True Grit+1","Searing Blow+1"],"picked":"Defy Death+1","floor":41},{"not_picked":["Armaments+1","Clothesline+1","Iron Wave+1"],"picked":"SKIP","floor":44},{"not_picked":["Armaments","Carnage","ReplayTheSpireMod:Strike From Hell+1"],"picked":"SKIP","floor":45},{"not_picked":["Run Through+1","Warcry+1","Sword Boomerang+1"],"picked":"SKIP","floor":46}],"player_experience":287961,"relics_obtained":[{"floor":7.0,"key":"Chameleon Ring"},{"floor":9.0,"key":"White Beast Statue"},{"floor":10.0,"key":"Blue Candle"},{"floor":28,"key":"Ring of Peace"},{"floor":29,"key":"Ginger"},{"floor":31,"key":"InkBottle"},{"floor":36,"key":"Replay:PocketPolymizer"},{"floor":41,"key":"Grinning Jar"},{"floor":43,"key":"Replay:Bottled Steam"},{"floor":46,"key":"Nunchaku"}],"event_choices":[{"damage_healed":0.0,"max_hp_gain":0.0,"max_hp_loss":0.0,"gold_gain":0.0,"event_name":"Big Fish","player_choice":"Box","floor":2.0,"gold_loss":0.0,"damage_taken":0.0,"relics_obtained":["Dead Branch"],"cards_obtained":["Regret"]},{"cards_removed":["Regret"],"damage_healed":0.0,"max_hp_gain":0.0,"max_hp_loss":0.0,"gold_gain":0.0,"event_name":"The Cleric","player_choice":"Card Removal","floor":3.0,"gold_loss":50.0,"damage_taken":0.0},{"cards_removed":["Defend_R"],"damage_healed":0.0,"max_hp_gain":0.0,"max_hp_loss":0.0,"gold_gain":0.0,"event_name":"Golden Wing","player_choice":"Card Removal","floor":4.0,"gold_loss":0.0,"damage_taken":7.0},{"damage_healed":0.0,"max_hp_gain":0.0,"max_hp_loss":0.0,"gold_gain":0.0,"event_name":"Scrap Ooze","player_choice":"Success","floor":11.0,"gold_loss":0.0,"damage_taken":3.0,"relics_obtained":["Pet Ghost"]},{"damage_healed":0,"gold_gain":0,"player_choice":"Ignored","damage_taken":0,"max_hp_gain":0,"max_hp_loss":0,"event_name":"Vampires","floor":19,"gold_loss":0},{"damage_healed":0,"gold_gain":0,"player_choice":"Fight","damage_taken":0,"max_hp_gain":0,"max_hp_loss":0,"event_name":"Mysterious Sphere","floor":36,"gold_loss":0},{"damage_healed":0,"gold_gain":0,"player_choice":"Gave Potion","damage_taken":0,"relics_obtained":["Replay:Bandana"],"max_hp_gain":0,"max_hp_loss":0,"event_name":"WeMeetAgain","floor":37,"gold_loss":0}],"is_beta":false,"boss_relics":[{"not_picked":["Coffee Dripper","Runic Pyramid"],"picked":"Ooze Armor"},{"not_picked":["Replay:Wanted Poster","Busted Crown"],"picked":"SacredBark"}],"items_purged_floors":[27],"is_endless":false,"potions_floor_spawned":[1,7,10,12,14,16,18,22,24,29,31,33,35,36,38,39,41,44,45,46,48],"ascension_level":6}}