{"host":"z6c1sol8rulx2ubz","time":1608412108,"event":{"mods":["AchievementEnabler","Act Like it!","BaseMod","Better Note","Better Third Choice","Downfall","Elementarium","Gold Saver","Hallownest","Hermit","Hubris","Infinite Spire","Jorbs\u0027s Wanderer Trilogy","Minty Spire (QoL Compilation)","Potionbrewer","Quick Restart","Rare Cards Sparkle","Reorder Act Four","StSLib","The Animator","The Bug Knight","The Cursed","The Dragon Tamer","The Necromancer","Wandering Minibosses"],"gold_per_floor":[99,99,109,135,164,176,242,86,101,128,143,162,162,162,180,180,180],"floor_reached":16,"playtime":937,"items_purged":["Regret"],"score":112,"play_id":"7d766422-4e84-47d0-bf2a-c5d98217747e","local_time":"20201219210828","is_ascension_mode":false,"campfire_choices":[{"floor":1,"key":"RECALL"}],"circlet_count":0,"master_deck":["hexamod:Strike","hexamod:Strike","hexamod:Strike","hexamod:Defend","hexamod:Defend","hexamod:Defend","hexamod:Defend","hexamod:Sear+1","hexamod:Float+1","hexamod:RadiantFlame+1","hexamod:TimeOfNeed","hexamod:NightmareGuise","hubris:NaturalOne","hexamod:BurningTouch","hexamod:FirstSeal","hexamod:StepThrough","hexamod:TurnItUp","hexamod:ThermalTransfer","hexamod:HeatMetal","hexamod:FourthSeal"],"relics":["hubris:ScarierMask","hubris:Icosahedron","MawBank","Bottled Tornado","downfall:BrokenWingStatue"],"acts_visited":["Exordium"],"potions_floor_usage":[15,16,16],"damage_taken":[{"damage":0,"enemies":"Cultist","floor":3,"turns":4},{"damage":70,"enemies":"Gremlin Nob","floor":4,"turns":6},{"damage":0,"enemies":"Small Slimes","floor":5,"turns":3},{"damage":6,"enemies":"downfall:FleeingMerchant","floor":8,"turns":4},{"damage":8,"enemies":"Jaw Worm","floor":9,"turns":4},{"damage":19,"enemies":"Lagavulin","floor":10,"turns":7},{"damage":6,"enemies":"2 Fungi Beasts","floor":11,"turns":3},{"damage":31,"enemies":"Lots of Slimes","floor":12,"turns":5},{"damage":9,"enemies":"Large Slime","floor":15,"turns":6},{"damage":22,"enemies":"downfall:Ironclad","floor":16,"turns":3}],"seed_played":"788066826491844769","potions_obtained":[{"floor":4,"key":"SteroidPotion"},{"floor":9,"key":"Weak Potion"},{"floor":10,"key":"Block Potion"},{"floor":12,"key":"PowerPotion"}],"is_trial":false,"path_per_floor":["R","?","M","E","M","?","T","$","M","E","M","M","?","?","M","B"],"character_chosen":"THE_SPIRIT","items_purchased":["hexamod:FirstSeal"],"campfire_rested":0,"item_purchase_floors":[8],"current_hp_per_floor":[70,70,70,21,70,70,70,64,63,51,45,21,21,21,12,0,0],"gold":180,"neow_bonus":"BOSS_RELIC","is_daily":false,"chose_seed":false,"campfire_upgraded":0,"win_rate":0.0,"timestamp":1608412108,"path_taken":["R","?","M","E","M","?","T","$","M","E","M","M","?","?","M","BOSS"],"items_purchased_type":["Card"],"build_version":"2020-12-13","purchased_purges":1,"victory":false,"max_hp_per_floor":[70,70,70,70,70,70,70,70,70,70,70,70,70,70,70,70,70],"card_choices":[{"not_picked":["hexamod:NightmareGuise","hexamod:DynamicBlow"],"picked":"hexamod:RadiantFlame","floor":3},{"not_picked":["hexamod:HeatMetal","hexamod:ThermalTransfer"],"picked":"hexamod:TimeOfNeed","floor":4},{"not_picked":["hexamod:SwordOfDarkness","hexamod:ChargedBarrage"],"picked":"hexamod:NightmareGuise","floor":5},{"not_picked":["hexamod:ThermalTransfer","hexamod:HauntingEcho"],"picked":"hexamod:BurningTouch","floor":8},{"not_picked":["hexamod:FastForward","hexamod:NightmareStrike"],"picked":"hexamod:StepThrough","floor":9},{"not_picked":["hexamod:NightmareStrike","hexamod:HauntingEcho"],"picked":"hexamod:TurnItUp","floor":10},{"not_picked":["hexamod:Incineration","hexamod:NightmareStrike"],"picked":"hexamod:ThermalTransfer","floor":11},{"not_picked":["hexamod:GhostOfSpirePresent","hexamod:RainOfEmbers"],"picked":"hexamod:HeatMetal","floor":12},{"not_picked":["hexamod:SwordOfDarkness","hexamod:SoulSteal"],"picked":"hexamod:FourthSeal","floor":15}],"player_experience":267198,"relics_obtained":[{"floor":4,"key":"MawBank"},{"floor":10,"key":"Bottled Tornado"}],"event_choices":[{"cards_removed":["hexamod:Strike"],"damage_healed":0,"gold_gain":0,"player_choice":"Purged","damage_taken":0,"max_hp_gain":0,"max_hp_loss":0,"event_name":"Purifier","floor":14,"gold_loss":0}],"is_beta":false,"boss_relics":[],"items_purged_floors":[8],"is_endless":false,"potions_floor_spawned":[4,9,10,12],"killed_by":"downfall:Ironclad","ascension_level":0}}