{"host":"pbf6u3tyx46snqc7","time":1608398786,"event":{"mods":["AchievementEnabler","BaseMod","Colored Map","Marisa£¨Ùöéë¡¡Øª×âÞÞ£©","Minty Spire (QoL Compilation)","Rare Cards Sparkle","Shop Mod","SuperFastMode"],"gold_per_floor":[111,31,106,106,6,6,20,20,44,72,72,91,102,119,119,190,190,208,220,220,220],"floor_reached":20,"playtime":707,"items_purged":[],"score":313,"play_id":"cb625125-e2c4-4b73-a0b8-748baf61a670","local_time":"20201220022626","is_ascension_mode":true,"campfire_choices":[{"data":"Dualcast","floor":6.0,"key":"SMITH"},{"floor":8.0,"key":"REST"},{"data":"Redo","floor":11.0,"key":"SMITH"},{"floor":15.0,"key":"REST"}],"circlet_count":0,"master_deck":["AscendersBane","Strike_B","Strike_B","Strike_B","Defend_B","Defend_B","Defend_B","Defend_B","Zap","Dualcast+1","All For One","Streamline","FTL","Finesse","Redo+1","Turbo","Beam Cell","Core Surge","Redo+1","Cold Snap"],"relics":["Cracked Core","Bag of Marbles","Smiling Mask","Black Star"],"acts_visited":["Exordium","TheCity"],"potions_floor_usage":[],"damage_taken":[{"damage":2.0,"enemies":"Jaw Worm","floor":1.0,"turns":3.0},{"damage":0.0,"enemies":"Cultist","floor":7.0,"turns":2.0},{"damage":23.0,"enemies":"3 Sentries","floor":10.0,"turns":7.0},{"damage":0.0,"enemies":"2 Louse","floor":12.0,"turns":2.0},{"damage":7.0,"enemies":"Exordium Wildlife","floor":13.0,"turns":2.0},{"damage":0.0,"enemies":"Exordium Thugs","floor":14.0,"turns":3.0},{"damage":23.0,"enemies":"Slime Boss","floor":16.0,"turns":9.0},{"damage":21.0,"enemies":"Shell Parasite","floor":18.0,"turns":4.0},{"damage":31,"enemies":"2 Thieves","floor":19,"turns":4},{"damage":14,"enemies":"Snecko","floor":20,"turns":2}],"seed_played":"8037412044776765734","potions_obtained":[{"floor":1.0,"key":"Swift Potion"},{"floor":16.0,"key":"GamblersBrew"}],"is_trial":false,"path_per_floor":["M","$","?","?","$","R","M","R","T","E","R","M","M","M","R","B",null,"M","M","M"],"character_chosen":"DEFECT","items_purchased":["FTL","Finesse"],"campfire_rested":2,"item_purchase_floors":[2,5],"current_hp_per_floor":[44,44,33,33,33,33,33,54,54,31,31,31,24,24,45,22,59,38,7,0,0],"gold":220,"neow_bonus":"THREE_RARE_CARDS","is_daily":false,"chose_seed":false,"campfire_upgraded":2,"win_rate":0.0,"timestamp":1608398786,"path_taken":["M","$","?","?","$","R","M","R","T","E","R","M","M","?","R","BOSS","M","M","M"],"items_purchased_type":["Card","Card"],"build_version":"2020-12-13","purchased_purges":0,"victory":false,"max_hp_per_floor":[71,71,71,71,71,71,71,71,71,71,71,71,71,71,71,71,71,71,71,71,71],"card_choices":[{"not_picked":["Rainbow","Creative AI"],"picked":"All For One","floor":0.0},{"not_picked":["Auto Shields","Tempest"],"picked":"Streamline","floor":1.0},{"not_picked":["Lockon","Skim"],"picked":"Redo","floor":7.0},{"not_picked":["Stack","Storm"],"picked":"Turbo","floor":10.0},{"not_picked":["Sweeping Beam","Auto Shields","Capacitor"],"picked":"SKIP","floor":12.0},{"not_picked":["Steam","Conserve Battery"],"picked":"Beam Cell","floor":13.0},{"not_picked":["Turbo","Meteor Strike","Auto Shields"],"picked":"SKIP","floor":14.0},{"not_picked":["All For One","Hyperbeam"],"picked":"Core Surge","floor":16.0},{"not_picked":["Tempest","Streamline+1"],"picked":"Redo+1","floor":18.0},{"not_picked":["Undo","Barrage"],"picked":"Cold Snap","floor":19}],"player_experience":286531,"relics_obtained":[{"floor":9.0,"key":"Bag of Marbles"},{"floor":10.0,"key":"Smiling Mask"}],"event_choices":[{"damage_healed":0.0,"max_hp_gain":0.0,"max_hp_loss":0.0,"gold_gain":75.0,"event_name":"World of Goop","player_choice":"Gather Gold","floor":3.0,"gold_loss":0.0,"damage_taken":11.0},{"cards_removed":["Strike_B"],"damage_healed":0.0,"max_hp_gain":0.0,"max_hp_loss":0.0,"gold_gain":0.0,"event_name":"Purifier","player_choice":"Purged","floor":4.0,"gold_loss":0.0,"damage_taken":0.0}],"is_beta":false,"boss_relics":[{"not_picked":["Inserter","Velvet Choker"],"picked":"Black Star"}],"items_purged_floors":[],"is_endless":false,"potions_floor_spawned":[1,16],"killed_by":"Snecko","ascension_level":16}}