{"host":"mqhvlr3kpxebko0t","time":1608377836,"event":{"mods":["AchievementEnabler","BaseMod","Colored Map","Colored Powertips","Keyboard Shortcuts","Minty Spire (QoL Compilation)","StSLib","SuperFastMode"],"gold_per_floor":[119,130,55,55,55,55,91,91,164,164,180,230,254,270,270,360,360,378,403,421,321,336,336,351,351,351,374,170,190,190,214,214,308,308,333,354,354,380,713,713,106,106,106,138,138,28,28,46,46,46,46],"floor_reached":52,"playtime":1323,"items_purged":["Strike_R","Strike_R","Strike_R"],"score":1789,"play_id":"11fa6571-4946-47f1-bd6b-3e3e5c2e9c1f","local_time":"20201219203716","is_ascension_mode":true,"campfire_choices":[{"data":"Fire Breathing","floor":6.0,"key":"SMITH"},{"data":"Pommel Strike","floor":8.0,"key":"SMITH"},{"data":"Wild Strike","floor":10.0,"key":"SMITH"},{"data":"Second Wind","floor":15.0,"key":"SMITH"},{"data":"Immolate","floor":23.0,"key":"SMITH"},{"floor":25.0,"key":"REST"},{"data":"Power Through","floor":30.0,"key":"SMITH"},{"data":"Flame Barrier","floor":32.0,"key":"SMITH"},{"data":"Dark Embrace","floor":42.0,"key":"SMITH"},{"data":"Barricade","floor":45.0,"key":"SMITH"},{"floor":47.0,"key":"REST"},{"data":"Second Wind","floor":49.0,"key":"SMITH"}],"circlet_count":0,"master_deck":["AscendersBane","Defend_R+1","Defend_R","Pommel Strike+1","Fire Breathing+1","Second Wind+1","Flame Barrier+1","Immolate+1","CurseOfTheBell","Second Wind+1","Power Through+1","Body Slam+1","Dark Embrace+1","Barricade+1"],"relics":["Burning Blood","Shuriken","Mummified Hand","Calling Bell","MealTicket","Molten Egg 2","Bird Faced Urn","The Courier","Empty Cage","Whetstone","Pantograph","Blood Vial","Bronze Scales","Happy Flower"],"acts_visited":["Exordium","TheCity","TheBeyond"],"potions_floor_usage":[],"damage_taken":[{"damage":11.0,"enemies":"2 Louse","floor":1.0,"turns":3.0},{"damage":2.0,"enemies":"Cultist","floor":2.0,"turns":4.0},{"damage":20.0,"enemies":"3 Sentries","floor":7.0,"turns":3.0},{"damage":4.0,"enemies":"Jaw Worm","floor":11.0,"turns":3.0},{"damage":0.0,"enemies":"Exordium Wildlife","floor":13.0,"turns":2.0},{"damage":4.0,"enemies":"Large Slime","floor":14.0,"turns":4.0},{"damage":17.0,"enemies":"Hexaghost","floor":16.0,"turns":8.0},{"damage":16.0,"enemies":"Spheric Guardian","floor":18.0,"turns":5.0},{"damage":22.0,"enemies":"Shell Parasite","floor":19.0,"turns":5.0},{"damage":14.0,"enemies":"Snake Plant","floor":20.0,"turns":4.0},{"damage":23.0,"enemies":"Centurion and Healer","floor":22.0,"turns":7.0},{"damage":6.0,"enemies":"3 Cultists","floor":24.0,"turns":3.0},{"damage":18.0,"enemies":"Cultist and Chosen","floor":27.0,"turns":5.0},{"damage":12.0,"enemies":"Snake Plant","floor":29.0,"turns":3.0},{"damage":20.0,"enemies":"Centurion and Healer","floor":31.0,"turns":5.0},{"damage":41.0,"enemies":"Automaton","floor":33.0,"turns":12.0},{"damage":24.0,"enemies":"Orb Walker","floor":35.0,"turns":4.0},{"damage":4.0,"enemies":"3 Darklings","floor":36.0,"turns":2.0},{"damage":34.0,"enemies":"Reptomancer","floor":44.0,"turns":6.0},{"damage":9.0,"enemies":"Jaw Worm Horde","floor":48.0,"turns":4.0},{"damage":58,"enemies":"Awakened One","floor":50,"turns":9},{"damage":14,"enemies":"Time Eater","floor":51,"turns":8}],"seed_played":"6121934300539487623","potions_obtained":[{"floor":11.0,"key":"LiquidBronze"},{"floor":14.0,"key":"PowerPotion"},{"floor":18.0,"key":"DistilledChaos"},{"floor":20.0,"key":"Swift Potion"},{"floor":33.0,"key":"SneckoOil"},{"floor":35.0,"key":"LiquidMemories"},{"floor":44.0,"key":"Fire Potion"}],"is_trial":false,"path_per_floor":["M","M","$","?","?","R","E","R","T","R","M","?","M","M","R","B",null,"M","M","M","$","M","R","M","R","T","M","$","M","R","M","R","B",null,"M","M","?","T","?","?","$","R","T","E","R","?","R","M","R","B","B",null],"character_chosen":"IRONCLAD","items_purchased":["Power Through","BloodPotion","Dark Embrace","Barricade","Fruit Juice","Pantograph","Blood Vial"],"campfire_rested":2,"item_purchase_floors":[28,28,41,41,41,41,41],"current_hp_per_floor":[45,49,49,49,49,49,35,35,35,35,37,31,37,39,39,28,58,50,36,30,45,30,30,32,52,52,42,57,53,53,41,41,23,57,41,43,43,43,43,43,63,63,63,41,41,41,62,67,67,18,43],"gold":46,"neow_bonus":"REMOVE_TWO","is_daily":false,"chose_seed":false,"campfire_upgraded":10,"win_rate":0.0,"timestamp":1608377836,"path_taken":["M","M","$","?","?","R","E","R","T","R","M","?","M","?","R","BOSS","M","M","M","$","M","R","M","R","T","M","$","M","R","?","R","BOSS","M","M","?","?","?","?","$","R","T","E","R","?","R","?","R","BOSS","BOSS"],"items_purchased_type":["Card","Potion","Card","Card","Potion","Relic","Relic"],"build_version":"2020-12-13","purchased_purges":3,"victory":true,"max_hp_per_floor":[75,75,75,75,68,68,68,68,68,68,68,68,68,68,68,68,68,68,68,68,68,68,68,68,68,68,68,68,68,68,68,68,68,68,68,68,68,68,68,65,70,70,70,70,70,70,70,70,70,70,70],"card_choices":[{"not_picked":["Clash","Havoc","Pummel"],"picked":"SKIP","floor":1.0},{"not_picked":["Iron Wave","Uppercut"],"picked":"Pommel Strike","floor":2.0},{"not_picked":["Reckless Charge","Searing Blow"],"picked":"Wild Strike","floor":7.0},{"not_picked":["Sword Boomerang","Twin Strike"],"picked":"Second Wind","floor":11.0},{"not_picked":["Burning Pact","Sever Soul"],"picked":"Flame Barrier","floor":13.0},{"not_picked":["Twin Strike","Double Tap","Anger"],"picked":"SKIP","floor":14.0},{"not_picked":["Juggernaut","Bludgeon"],"picked":"Immolate","floor":16.0},{"not_picked":["Perfected Strike+1","Flame Barrier","Headbutt+1"],"picked":"SKIP","floor":18.0},{"not_picked":["Sword Boomerang+1","Perfected Strike+1","Heavy Blade+1"],"picked":"SKIP","floor":19.0},{"not_picked":["Perfected Strike+1","Clash+1","Anger+1"],"picked":"SKIP","floor":20.0},{"not_picked":["Iron Wave+1","Sword Boomerang+1","Flex"],"picked":"SKIP","floor":22.0},{"not_picked":["Shockwave","Fire Breathing","Perfected Strike+1"],"picked":"SKIP","floor":24.0},{"not_picked":["Seeing Red","Twin Strike+1"],"picked":"Second Wind","floor":27.0},{"not_picked":["Dropkick+1","Flex","Exhume"],"picked":"SKIP","floor":29.0},{"not_picked":["Warcry","Twin Strike+1","Hemokinesis+1"],"picked":"SKIP","floor":31.0},{"not_picked":["Twin Strike+1","Battle Trance"],"picked":"Body Slam+1","floor":35.0},{"not_picked":["Warcry","Heavy Blade+1","Entrench"],"picked":"SKIP","floor":36.0},{"not_picked":["Corruption","Second Wind","Heavy Blade+1"],"picked":"SKIP","floor":44.0},{"not_picked":["Whirlwind+1","Headbutt+1","Anger+1"],"picked":"SKIP","floor":48.0}],"player_experience":652614,"relics_obtained":[{"floor":7.0,"key":"Shuriken"},{"floor":9.0,"key":"Mummified Hand"},{"floor":17.0,"key":"MealTicket"},{"floor":17.0,"key":"Molten Egg 2"},{"floor":17.0,"key":"Bird Faced Urn"},{"floor":26.0,"key":"The Courier"},{"floor":38.0,"key":"Whetstone"},{"floor":43.0,"key":"Bronze Scales"},{"floor":44.0,"key":"Happy Flower"}],"event_choices":[{"damage_healed":0.0,"max_hp_gain":0.0,"max_hp_loss":0.0,"gold_gain":0.0,"cards_transformed":["Strike_R"],"event_name":"Living Wall","player_choice":"Change","floor":4.0,"gold_loss":0.0,"damage_taken":0.0,"cards_obtained":["Fire Breathing"]},{"damage_healed":0.0,"max_hp_gain":0.0,"max_hp_loss":7.0,"gold_gain":0.0,"event_name":"Golden Idol","player_choice":"Lose Max HP","floor":5.0,"gold_loss":0.0,"damage_taken":0.0,"relics_obtained":["Golden Idol"]},{"damage_healed":0.0,"max_hp_gain":0.0,"max_hp_loss":0.0,"gold_gain":50.0,"event_name":"FaceTrader","player_choice":"Touch","floor":12.0,"gold_loss":0.0,"damage_taken":6.0},{"damage_healed":0.0,"max_hp_gain":0.0,"max_hp_loss":0.0,"gold_gain":0.0,"event_name":"Tomb of Lord Red Mask","player_choice":"Ignored","floor":37.0,"gold_loss":0.0,"damage_taken":0.0},{"damage_healed":0.0,"max_hp_gain":0.0,"max_hp_loss":0.0,"gold_gain":333.0,"event_name":"The Moai Head","player_choice":"Gave Idol","floor":39.0,"relics_lost":["Golden Idol"],"gold_loss":0.0,"damage_taken":0.0},{"damage_healed":0.0,"max_hp_gain":0.0,"max_hp_loss":3.0,"gold_gain":0.0,"event_name":"Winding Halls","player_choice":"Max HP","floor":40.0,"gold_loss":0.0,"damage_taken":0.0},{"cards_removed":["Wild Strike"],"damage_healed":0.0,"max_hp_gain":0.0,"max_hp_loss":0.0,"gold_gain":0.0,"event_name":"Designer","player_choice":"Upgrade and Remove","floor":46.0,"gold_loss":110.0,"damage_taken":0.0,"cards_upgraded":["Defend_R"]}],"is_beta":false,"boss_relics":[{"not_picked":["Busted Crown","Velvet Choker"],"picked":"Calling Bell"},{"not_picked":["Cursed Key","Runic Pyramid"],"picked":"Empty Cage"}],"items_purged_floors":[3,21,28],"is_endless":false,"potions_floor_spawned":[11,14,18,20,29,31,33,35,44],"ascension_level":20}}