{"host":"yy8mitdds7tg9c5m","time":1608374944,"event":{"mods":["Act Like it!","AlwaysNeverKeys","BaseMod","Better Note","Better Third Choice","Duelist Mod","GifTheSpireLib","Infinite Spire","Minty Spire (QoL Compilation)","Permanent Neow","Quick Restart","StSLib","egg"],"gold_per_floor":[139,214,214,8,18,18,45,45,45,79,49,49,127,139,139,212,212,223,223,223,234,251,251,265,265,318,318,350,350,350],"floor_reached":29,"playtime":1351,"items_purged":["theDuelist:Sparks"],"score":548,"play_id":"59a8d794-4640-4163-ae3d-92156e62a073","local_time":"20201219064903","is_ascension_mode":true,"campfire_choices":[{"data":"theDuelist:CallGrave","floor":6.0,"key":"SMITH"},{"floor":8,"key":"REST"},{"floor":12,"key":"REST"},{"data":"theDuelist:VendreadStriges","floor":15,"key":"SMITH"},{"data":"theDuelist:GhostrickMansion","floor":23,"key":"SMITH"},{"data":"theDuelist:TributeDoomed","floor":25,"key":"SMITH"},{"floor":27,"key":"REST"}],"circlet_count":0,"master_deck":["theDuelist:VendreadHoundhorde","theDuelist:ArmoredZombie","theDuelist:ClownZombie","theDuelist:SoulAbsorbingBone","theDuelist:SummonedSkull","theDuelist:ArchfiendInterceptor","Flash of Steel","theDuelist:Sparks","theDuelist:CastleWalls","theDuelist:VendreadStriges+1","theDuelist:LichLord","Writhe","theDuelist:CallGrave+1","theDuelist:WingedKuribohLv9","theDuelist:PatricianDarkness","theDuelist:VampireFraulein","theDuelist:GiantOrc","theDuelist:ShallowGrave","theDuelist:GhostrickMansion+1","AscendersBane","theDuelist:CastleWalls","theDuelist:TributeDoomed+1"],"relics":["theDuelist:MillenniumPuzzle","theDuelist:CardPoolRelic","theDuelist:CardPoolBasicRelic","theDuelist:BoosterPackPoolRelic","theDuelist:CardPoolAddRelic","theDuelist:CardPoolMinusRelic","theDuelist:CardPoolSaveRelic","theDuelist:CardPoolOptionsRelic","infinitespire:PuzzleCube","Pen Nib","theDuelist:SummonAnchorRare","Mark of Pain","Darkstone Periapt","theDuelist:NamelessWarRelicC","Happy Flower","infinitespire:WardingShard"],"acts_visited":["Exordium","TheCity"],"potions_floor_usage":[16,16,22,24],"damage_taken":[{"damage":0.0,"enemies":"Small Slimes","floor":1.0,"turns":4.0},{"damage":0.0,"enemies":"2 Louse","floor":5.0,"turns":2.0},{"damage":43,"enemies":"Gremlin Nob","floor":7,"turns":6},{"damage":0,"enemies":"Lagavulin","floor":10,"turns":4},{"damage":0,"enemies":"Jaw Worm","floor":14,"turns":1},{"damage":33,"enemies":"Slime Boss","floor":16,"turns":7},{"damage":7,"enemies":"Shell Parasite","floor":18,"turns":3},{"damage":9,"enemies":"Spheric Guardian","floor":21,"turns":3},{"damage":0,"enemies":"Centurion and Healer","floor":22,"turns":5},{"damage":19,"enemies":"Cultist and Chosen","floor":24,"turns":4},{"damage":57,"enemies":"Slavers","floor":28,"turns":5},{"damage":10,"enemies":"Snake Plant","floor":29,"turns":2}],"seed_played":"7180894844514928655","potions_obtained":[{"floor":7,"key":"LiquidBronze"},{"floor":10,"key":"ColorlessPotion"},{"floor":14,"key":"Swift Potion"},{"floor":21,"key":"Block Potion"},{"floor":22,"key":"Explosive Potion"},{"floor":28,"key":"theDuelist:ElectricPotion"}],"is_trial":false,"path_per_floor":["M","?","?","$","M","R","E","R","T","E","$","R","?","M","R","B",null,"M","?","?","M","M","R","M","R","T","R","E","M"],"character_chosen":"THE_DUELIST","items_purchased":["theDuelist:LichLord","Flash of Steel","theDuelist:VampireFraulein"],"campfire_rested":3,"item_purchase_floors":[4,4,11],"current_hp_per_floor":[63,52,52,52,52,52,9,30,30,30,30,51,51,51,51,18,57,50,56,65,56,56,56,40,40,40,62,5,0,0],"gold":350,"neow_bonus":"TRANSFORM_CARD","is_daily":false,"chose_seed":false,"campfire_upgraded":4,"win_rate":0.0,"timestamp":1608374943,"path_taken":["M","?","?","?","?","R","E","R","T","E","$","R","?","M","R","BOSS","M","?","?","M","M","R","M","R","T","R","E","M"],"items_purchased_type":["Card","Card","Card"],"build_version":"2020-12-13","purchased_purges":1,"victory":false,"max_hp_per_floor":[70,70,70,70,70,70,70,70,70,70,70,70,70,70,70,70,70,70,76,75,75,75,75,75,75,75,75,75,75,75],"card_choices":[{"not_picked":["theDuelist:BerserkerCrush","theDuelist:VampireDomain","theDuelist:OniGamiCombo","theDuelist:DimensionFusion"],"picked":"theDuelist:TributeDoomed","floor":1.0},{"not_picked":["theDuelist:YukiOnnaAbsolute","theDuelist:VendreadStriges","theDuelist:OverpoweringEye","theDuelist:InstantFusion"],"picked":"theDuelist:CallGrave","floor":5.0},{"not_picked":["theDuelist:RainbowOverdragon","theDuelist:EarthGiant","theDuelist:FluteKuriboh","theDuelist:ShardGreed"],"picked":"theDuelist:WingedKuribohLv9","floor":7},{"not_picked":["theDuelist:VampireRetainer","theDuelist:Mausoleum","theDuelist:DimensionFusion"],"picked":"theDuelist:GhostrickMansion","floor":10},{"not_picked":["theDuelist:GhostrickJackfrost","theDuelist:DarkBlade","theDuelist:VampireLord","theDuelist:FossilSkullKing"],"picked":"theDuelist:VendreadStriges","floor":14},{"not_picked":["theDuelist:VampireFraulein","theDuelist:FossilSkullknight","theDuelist:ParallelWorldFusion","theDuelist:VampireDesire"],"picked":"theDuelist:GiantOrc","floor":18},{"not_picked":["theDuelist:Lajinn","theDuelist:Chewbone","theDuelist:FiendMegacyber+1","theDuelist:GhostrickGhoul"],"picked":"theDuelist:ArchfiendInterceptor","floor":21},{"not_picked":["theDuelist:Doomdog","theDuelist:VendreadReunion+1","theDuelist:OboroGuruma","theDuelist:DarknessNeosphere"],"picked":"theDuelist:SoulAbsorbingBone","floor":22},{"not_picked":["theDuelist:DrivenDaredevil","theDuelist:ZombieWarrior","theDuelist:Tsukahagi","theDuelist:GhostrickMuseum","theDuelist:AvendreadSavior"],"picked":"SKIP","floor":24},{"not_picked":["theDuelist:DrivenDaredevil","theDuelist:ZombieWarrior","theDuelist:Tsukahagi","theDuelist:GhostrickMuseum","theDuelist:AvendreadSavior"],"picked":"SKIP","floor":24},{"not_picked":["theDuelist:VampireSucker","theDuelist:VampireSorcerer","theDuelist:VampireScarletScourge+1","theDuelist:VampireRedBaron","theDuelist:VampireHunter"],"picked":"SKIP","floor":28}],"player_experience":267548,"relics_obtained":[{"floor":7,"key":"infinitespire:PuzzleCube"},{"floor":9,"key":"Pen Nib"},{"floor":10,"key":"theDuelist:SummonAnchorRare"},{"floor":26,"key":"Happy Flower"},{"floor":28,"key":"infinitespire:WardingShard"}],"event_choices":[{"damage_healed":0.0,"max_hp_gain":0.0,"max_hp_loss":0.0,"gold_gain":75.0,"event_name":"betterThird:BetterGoop","player_choice":"Gold","floor":2.0,"gold_loss":0.0,"damage_taken":11.0},{"damage_healed":0.0,"max_hp_gain":0.0,"max_hp_loss":0.0,"gold_gain":0.0,"event_name":"Relic Duplicator","player_choice":"Leave","duelist":true,"floor":3.0,"gold_loss":0.0,"damage_taken":0.0},{"damage_healed":0,"gold_gain":78,"player_choice":"Gained Gold","damage_taken":0,"max_hp_gain":0,"max_hp_loss":0,"event_name":"Golden Wing","floor":13,"gold_loss":0},{"damage_healed":0,"gold_gain":0,"player_choice":"Opened","damage_taken":0,"relics_obtained":["Darkstone Periapt"],"max_hp_gain":0,"max_hp_loss":0,"event_name":"The Mausoleum","floor":19,"gold_loss":0,"cards_obtained":["Writhe"]},{"total_magic_score":25,"gold_gain":0,"duelist":true,"damage_taken":0,"relics_obtained":["theDuelist:NamelessWarRelicC"],"points":13,"war_reward":3,"max_hp_gain":9,"max_hp_loss":10,"spent_points":{"magic":0,"greed":2,"war":3,"power":4,"hunger":4},"event_name":"Nameless Tomb","hunger_reward":4,"floor":20,"gold_loss":0,"cards_obtained":[]}],"is_beta":false,"boss_relics":[{"not_picked":["Fusion Hammer","Philosopher\u0027s Stone"],"picked":"Mark of Pain"}],"items_purged_floors":[4],"is_endless":false,"potions_floor_spawned":[7,10,14,21,22,28],"killed_by":"Snake Plant","ascension_level":20}}