{"host":"c2vrdknshfutmcsq","time":1608409245,"event":{"mods":["BaseMod","Minty Spire (QoL Compilation)"],"gold_per_floor":[114,127,139,139,155,184,184,184,184,228,252,277,277,20,20,110,110,135,153,166,186,205,205,223,223,223,259,259,259,259],"floor_reached":29,"playtime":2015,"items_purged":["Injury"],"score":440,"play_id":"2be6a9b6-6691-4c3d-b929-2382ee750ed9","local_time":"20201219212045","is_ascension_mode":true,"campfire_choices":[{"floor":7.0,"key":"REST"},{"floor":13.0,"key":"REST"},{"floor":15.0,"key":"REST"},{"floor":23,"key":"REST"},{"data":"Sunder","floor":25,"key":"SMITH"}],"circlet_count":0,"master_deck":["AscendersBane","Strike_B","Strike_B","Strike_B","Defend_B","Defend_B+1","Defend_B","Defend_B","Zap+1","Dualcast","Hologram","Barrage","Stack","Sunder+1","Core Surge","Compile Driver","Ball Lightning","Go for the Eyes","Conserve Battery+1","Leap","Multi-Cast","Reinforced Body","Ball Lightning","Leap","Melter","Glacier","Rebound"],"relics":["Cracked Core","Unceasing Top","Golden Idol","Ornamental Fan","Cables","War Paint","Busted Crown","Question Card","PreservedInsect"],"acts_visited":["Exordium","TheCity"],"potions_floor_usage":[27],"damage_taken":[{"damage":1.0,"enemies":"Cultist","floor":1.0,"turns":3.0},{"damage":4.0,"enemies":"Jaw Worm","floor":2.0,"turns":4.0},{"damage":1.0,"enemies":"2 Louse","floor":3.0,"turns":2.0},{"damage":14.0,"enemies":"Large Slime","floor":5.0,"turns":5.0},{"damage":30.0,"enemies":"Lagavulin","floor":6.0,"turns":6.0},{"damage":13.0,"enemies":"3 Sentries","floor":10.0,"turns":5.0},{"damage":7.0,"enemies":"3 Louse","floor":11.0,"turns":2.0},{"damage":0.0,"enemies":"Exordium Wildlife","floor":12.0,"turns":3.0},{"damage":11.0,"enemies":"The Guardian","floor":16.0,"turns":11.0},{"damage":2.0,"enemies":"Spheric Guardian","floor":18.0,"turns":3.0},{"damage":24.0,"enemies":"2 Thieves","floor":19.0,"turns":5.0},{"damage":5.0,"enemies":"Shelled Parasite and Fungi","floor":20.0,"turns":5.0},{"damage":27.0,"enemies":"Snake Plant","floor":21.0,"turns":4.0},{"damage":7,"enemies":"Centurion and Healer","floor":22,"turns":6},{"damage":13,"enemies":"Cultist and Chosen","floor":24,"turns":5},{"damage":14,"enemies":"Gremlin Leader","floor":27,"turns":8},{"damage":5,"enemies":"Chosen and Byrds","floor":29,"turns":2}],"seed_played":"-9020404237212665286","potions_obtained":[{"floor":2.0,"key":"Explosive Potion"},{"floor":6.0,"key":"ColorlessPotion"},{"floor":10.0,"key":"Energy Potion"},{"floor":16.0,"key":"EssenceOfDarkness"},{"floor":20.0,"key":"FairyPotion"},{"floor":24,"key":"Fire Potion"}],"is_trial":false,"path_per_floor":["M","M","M","?","M","E","R","?","T","E","M","M","R","$","R","B",null,"M","M","M","M","M","R","M","R","T","E","?","M"],"character_chosen":"DEFECT","items_purchased":["War Paint","Leap"],"campfire_rested":4,"item_purchase_floors":[14,14],"current_hp_per_floor":[63,59,58,58,44,14,35,35,35,22,15,15,36,36,57,46,65,63,39,34,7,21,42,29,29,29,15,6,1,1],"gold":259,"neow_bonus":"TRANSFORM_CARD","is_daily":false,"chose_seed":false,"campfire_upgraded":1,"win_rate":0.0,"timestamp":1608409245,"path_taken":["M","M","?","?","M","E","R","?","T","E","M","M","R","$","R","BOSS","M","M","M","M","M","R","M","R","T","E","?","M"],"items_purchased_type":["Relic","Card"],"build_version":"2020-12-13","purchased_purges":1,"victory":false,"max_hp_per_floor":[71,71,71,71,71,71,71,71,71,71,71,71,71,71,71,71,71,71,71,71,71,71,71,71,71,71,71,71,71,71],"card_choices":[{"not_picked":["Stack","Hologram"],"picked":"Barrage","floor":1.0},{"not_picked":["Static Discharge","Consume"],"picked":"Stack","floor":2.0},{"not_picked":["Redo","Hologram"],"picked":"Sunder","floor":3.0},{"not_picked":["Ball Lightning","Cold Snap"],"picked":"Core Surge","floor":5.0},{"not_picked":["Recycle","Static Discharge"],"picked":"Compile Driver","floor":6.0},{"not_picked":["Tempest","Double Energy"],"picked":"Ball Lightning","floor":10.0},{"not_picked":["Rebound","Hologram"],"picked":"Go for the Eyes","floor":11.0},{"not_picked":["Beam Cell","Darkness"],"picked":"Conserve Battery","floor":12.0},{"not_picked":["Hyperbeam","Machine Learning"],"picked":"Multi-Cast","floor":16.0},{"not_picked":[],"picked":"Reinforced Body","floor":18.0},{"not_picked":[],"picked":"Ball Lightning","floor":19.0},{"not_picked":[],"picked":"Leap","floor":20.0},{"not_picked":[],"picked":"Melter","floor":21.0},{"not_picked":["Streamline"],"picked":"SKIP","floor":22},{"not_picked":[],"picked":"Glacier","floor":24},{"not_picked":["Amplify"],"picked":"Rebound","floor":27}],"player_experience":1170017,"relics_obtained":[{"floor":6.0,"key":"Unceasing Top"},{"floor":9.0,"key":"Ornamental Fan"},{"floor":10.0,"key":"Cables"},{"floor":26,"key":"Question Card"},{"floor":27,"key":"PreservedInsect"}],"event_choices":[{"damage_healed":0.0,"max_hp_gain":0.0,"max_hp_loss":0.0,"gold_gain":0.0,"event_name":"Living Wall","player_choice":"Grow","floor":4.0,"gold_loss":0.0,"damage_taken":0.0,"cards_upgraded":["Zap"]},{"damage_healed":0.0,"max_hp_gain":0.0,"max_hp_loss":0.0,"gold_gain":0.0,"event_name":"Golden Idol","player_choice":"Take Wound","floor":8.0,"gold_loss":0.0,"damage_taken":0.0,"relics_obtained":["Golden Idol"],"cards_obtained":["Injury"]},{"damage_healed":0,"gold_gain":0,"player_choice":"Stopped","damage_taken":9,"max_hp_gain":0,"max_hp_loss":0,"event_name":"Cursed Tome","floor":28,"gold_loss":0}],"is_beta":false,"boss_relics":[{"not_picked":["Velvet Choker","SacredBark"],"picked":"Busted Crown"}],"items_purged_floors":[14],"is_endless":false,"potions_floor_spawned":[2,6,10,16,20,24],"killed_by":"Chosen and Byrds","ascension_level":14}}