{"host":"fne7yx97fnz7kq05","time":1608418116,"event":{"mods":["BaseMod","Colored Map","Colored Powertips","Highlight Path","Minty Spire (QoL Compilation)","Relic Stats"],"gold_per_floor":[113,113,123,123,133,161,161,171,194,194,194,30,64,75,75,174,174,194,119,132,132,149,179,179,253,253,8,8,34,34,46,46,151,151,169,183,198,218,218,245,259,294,294,324,324,324,18,32,32,32,32,32,32,61,61],"floor_reached":56,"playtime":3408,"items_purged":[],"score":1753,"play_id":"739eacd4-59d0-4b58-a5e2-a9fd236acf10","local_time":"20201219164836","is_ascension_mode":true,"campfire_choices":[{"data":"Trip","floor":7,"key":"SMITH"},{"data":"Heavy Blade","floor":10,"key":"SMITH"},{"data":"Limit Break","floor":15,"key":"SMITH"},{"data":"Uppercut","floor":24,"key":"SMITH"},{"floor":30,"key":"REST"},{"floor":32,"key":"REST"},{"floor":46,"key":"RECALL"},{"floor":49,"key":"REST"},{"data":"Heavy Blade","floor":52,"key":"SMITH"}],"circlet_count":0,"master_deck":["Defend_R","Defend_R","Defend_R","Bash","Trip+1","Spot Weakness","True Grit+1","Heavy Blade+1","Limit Break+1","Shrug It Off","Immolate","Uppercut+1","Shrug It Off","Shrug It Off","Limit Break","Inflame+1","Searing Blow+1","Perfected Strike+1","Heavy Blade+1","Corruption","Disarm","Heavy Blade+1","Shockwave+1"],"relics":["Burning Blood","Bronze Scales","Vajra","Potion Belt","Snecko Eye","HornCleat","Singing Bowl","Paper Frog","White Beast Statue","Matryoshka","Astrolabe","Happy Flower","Centennial Puzzle","Ornamental Fan","InkBottle","Sundial","Incense Burner","StoneCalendar"],"acts_visited":["Exordium","TheCity","TheBeyond","TheEnding"],"potions_floor_usage":[6,13,29,33,37,38,40,42,44,44,50,50,55,55],"damage_taken":[{"damage":3,"enemies":"Jaw Worm","floor":1,"turns":5},{"damage":1,"enemies":"Cultist","floor":3,"turns":3},{"damage":14,"enemies":"Small Slimes","floor":5,"turns":4},{"damage":21,"enemies":"3 Sentries","floor":6,"turns":13},{"damage":8,"enemies":"Blue Slaver","floor":8,"turns":3},{"damage":16,"enemies":"Gremlin Nob","floor":13,"turns":4},{"damage":0,"enemies":"Large Slime","floor":14,"turns":4},{"damage":6,"enemies":"The Guardian","floor":16,"turns":6},{"damage":4,"enemies":"2 Thieves","floor":18,"turns":4},{"damage":20,"enemies":"Shell Parasite","floor":20,"turns":4},{"damage":21,"enemies":"Snake Plant","floor":22,"turns":3},{"damage":8,"enemies":"Book of Stabbing","floor":23,"turns":3},{"damage":34,"enemies":"Slavers","floor":29,"turns":3},{"damage":9,"enemies":"Centurion and Healer","floor":31,"turns":7},{"damage":69,"enemies":"Automaton","floor":33,"turns":7},{"damage":14,"enemies":"3 Shapes","floor":35,"turns":3},{"damage":11,"enemies":"Orb Walker","floor":36,"turns":2},{"damage":0,"enemies":"4 Shapes","floor":37,"turns":4},{"damage":0,"enemies":"Jaw Worm Horde","floor":38,"turns":2},{"damage":20,"enemies":"Giant Head","floor":40,"turns":5},{"damage":2,"enemies":"Transient","floor":41,"turns":5},{"damage":5,"enemies":"Nemesis","floor":42,"turns":3},{"damage":11,"enemies":"Giant Head","floor":44,"turns":5},{"damage":10,"enemies":"Maw","floor":48,"turns":4},{"damage":34,"enemies":"Time Eater","floor":50,"turns":8},{"damage":4,"enemies":"Shield and Spear","floor":54,"turns":3},{"damage":24,"enemies":"The Heart","floor":55,"turns":6}],"seed_played":"4649387405175940952","potions_obtained":[{"floor":3,"key":"PowerPotion"},{"floor":6,"key":"Strength Potion"},{"floor":14,"key":"ColorlessPotion"},{"floor":22,"key":"Explosive Potion"},{"floor":29,"key":"DuplicationPotion"},{"floor":31,"key":"PowerPotion"},{"floor":33,"key":"AttackPotion"},{"floor":35,"key":"BlessingOfTheForge"},{"floor":36,"key":"BlessingOfTheForge"},{"floor":37,"key":"PowerPotion"},{"floor":38,"key":"SkillPotion"},{"floor":40,"key":"Ancient Potion"},{"floor":41,"key":"Strength Potion"},{"floor":42,"key":"GamblersBrew"},{"floor":44,"key":"SpeedPotion"},{"floor":48,"key":"Swift Potion"},{"floor":54,"key":"DuplicationPotion"}],"is_trial":false,"path_per_floor":["M","?","M","?","M","E","R","M","T","R","?","$","E","M","R","B",null,"M","?","M","?","M","E","R","T","T","$","?","E","R","M","R","B",null,"M","M","M","M","?","E","M","E","T","E","?","R","$","M","R","B",null,"R","$","E","B",null],"character_chosen":"IRONCLAD","items_purchased":["Limit Break","White Beast Statue","Incense Burner"],"campfire_rested":3,"item_purchase_floors":[12,27,47],"current_hp_per_floor":[83,83,88,81,73,58,58,56,56,56,56,56,46,52,52,52,79,81,81,67,67,52,50,50,50,50,50,50,24,51,50,77,14,73,67,64,70,78,78,66,72,73,73,68,68,68,68,64,94,66,93,93,93,97,79],"gold":61,"neow_bonus":"TEN_PERCENT_HP_BONUS","is_daily":false,"chose_seed":false,"campfire_upgraded":5,"win_rate":0.0,"timestamp":1608418116,"path_taken":["M","?","?","?","M","E","R","M","T","R","?","?","E","M","R","BOSS","M","?","M","?","?","E","R","?","T","?","?","E","R","M","R","BOSS","M","M","?","M","?","E","?","E","T","E","?","R","$","M","R","BOSS","R","$","E","BOSS"],"items_purchased_type":["Card","Relic","Relic"],"build_version":"2020-12-13","purchased_purges":0,"victory":true,"max_hp_per_floor":[88,88,88,88,88,88,88,88,88,88,88,88,88,88,88,88,88,88,88,88,88,88,88,88,88,88,88,88,90,90,92,92,92,92,94,96,96,98,98,100,102,102,102,102,102,102,102,102,102,102,102,102,102,104,104],"relic_stats":{"Singing Bowl":16,"Happy Flower":[13],"counters":[27,123],"Astrolabe":["Inflame","Searing Blow","Perfected Strike"],"StoneCalendar":[0],"Burning Blood":162,"Centennial Puzzle":[21],"Ornamental Fan":[8],"Sundial":[4],"Bronze Scales":[282],"Snecko Eye":[169,150,159,148],"obtain_stats":[{"Potion Belt":13,"Singing Bowl":25,"Happy Flower":39,"Astrolabe":34,"Vajra":9,"StoneCalendar":54,"Incense Burner":47,"Burning Blood":0,"White Beast Statue":27,"Centennial Puzzle":40,"HornCleat":23,"Matryoshka":29,"Ornamental Fan":42,"Sundial":44,"Bronze Scales":6,"Snecko Eye":17,"InkBottle":43,"Paper Frog":26},{"Potion Belt":6,"Singing Bowl":12,"Happy Flower":19,"Astrolabe":15,"Vajra":5,"StoneCalendar":26,"Incense Burner":23,"Burning Blood":0,"White Beast Statue":12,"Centennial Puzzle":20,"HornCleat":12,"Matryoshka":13,"Ornamental Fan":22,"Sundial":23,"Bronze Scales":4,"Snecko Eye":8,"InkBottle":22,"Paper Frog":12},{"Potion Belt":32,"Singing Bowl":56,"Happy Flower":84,"Astrolabe":73,"Vajra":28,"StoneCalendar":117,"Incense Burner":102,"Burning Blood":0,"White Beast Statue":56,"Centennial Puzzle":89,"HornCleat":56,"Matryoshka":59,"Ornamental Fan":97,"Sundial":102,"Bronze Scales":25,"Snecko Eye":42,"InkBottle":97,"Paper Frog":56}],"InkBottle":[10]},"card_choices":[{"not_picked":["Thunderclap","Entrench","Sword Boomerang"],"picked":"SKIP","floor":1},{"not_picked":["Body Slam","Heavy Blade"],"picked":"Spot Weakness","floor":3},{"not_picked":["Headbutt","Body Slam"],"picked":"True Grit","floor":5},{"not_picked":["Bloodletting","Wild Strike","Warcry"],"picked":"SKIP","floor":6},{"not_picked":["Armaments","Rampage"],"picked":"Heavy Blade","floor":8},{"not_picked":["Dual Wield","Barricade","Sever Soul"],"picked":"SKIP","floor":13},{"not_picked":["Clothesline","Spot Weakness"],"picked":"Shrug It Off","floor":14},{"not_picked":["Reaper","Brutality"],"picked":"Immolate","floor":16},{"not_picked":["Twin Strike","Thunderclap"],"picked":"Uppercut","floor":18},{"not_picked":["Uppercut+1","Fiend Fire"],"picked":"Shrug It Off","floor":20},{"not_picked":["Havoc","Iron Wave+1"],"picked":"Shrug It Off","floor":22},{"not_picked":["Cleave+1","Bloodletting","Body Slam"],"picked":"SKIP","floor":23},{"not_picked":["Wild Strike","Power Through","Clash"],"picked":"Singing Bowl","floor":29},{"not_picked":["Intimidate","Blood for Blood","Wild Strike+1"],"picked":"Singing Bowl","floor":31},{"not_picked":["Brutality","Exhume"],"picked":"Limit Break","floor":33},{"not_picked":["Entrench","Thunderclap+1","Cleave+1"],"picked":"Singing Bowl","floor":35},{"not_picked":["Iron Wave","Intimidate+1","Second Wind+1"],"picked":"Singing Bowl","floor":36},{"not_picked":["Perfected Strike","Clash"],"picked":"Heavy Blade","floor":37},{"not_picked":["Dual Wield","Headbutt","Armaments+1"],"picked":"Singing Bowl","floor":38},{"not_picked":["Rupture+1","Rage+1","Burning Pact"],"picked":"Singing Bowl","floor":40},{"not_picked":["Pommel Strike","Anger","Warcry"],"picked":"Singing Bowl","floor":41},{"not_picked":["Iron Wave","Body Slam+1"],"picked":"Corruption","floor":42},{"not_picked":["Pommel Strike+1","Berserk"],"picked":"Disarm","floor":44},{"not_picked":["Anger","Blood for Blood+1"],"picked":"Shockwave+1","floor":48},{"not_picked":["Blood for Blood","Twin Strike+1","Clothesline+1"],"picked":"Singing Bowl","floor":54}],"player_experience":43563,"relics_obtained":[{"floor":6,"key":"Bronze Scales"},{"floor":9,"key":"Vajra"},{"floor":13,"key":"Potion Belt"},{"floor":23,"key":"HornCleat"},{"floor":25,"key":"Singing Bowl"},{"floor":26,"key":"Paper Frog"},{"floor":29,"key":"Matryoshka"},{"floor":39,"key":"Happy Flower"},{"floor":40,"key":"Centennial Puzzle"},{"floor":42,"key":"Ornamental Fan"},{"floor":43,"key":"InkBottle"},{"floor":44,"key":"Sundial"},{"floor":54,"key":"StoneCalendar"}],"event_choices":[{"damage_healed":0,"gold_gain":0,"player_choice":"1 cards matched","damage_taken":0,"max_hp_gain":0,"max_hp_loss":0,"event_name":"Match and Keep!","floor":2,"gold_loss":0,"cards_obtained":["Trip"]},{"cards_removed":["Strike_R"],"damage_healed":0,"gold_gain":0,"player_choice":"Card Removal","damage_taken":7,"max_hp_gain":0,"max_hp_loss":0,"event_name":"Golden Wing","floor":4,"gold_loss":0},{"damage_healed":0,"gold_gain":0,"player_choice":"Ignored","damage_taken":0,"max_hp_gain":0,"max_hp_loss":0,"event_name":"Shining Light","floor":11,"gold_loss":0},{"cards_removed":["Strike_R"],"damage_healed":0,"gold_gain":0,"player_choice":"Gave Gold","damage_taken":0,"max_hp_gain":0,"max_hp_loss":0,"event_name":"Beggar","floor":19,"gold_loss":75},{"cards_removed":["Strike_R"],"damage_healed":0,"gold_gain":0,"player_choice":"Offered Basic","damage_taken":0,"max_hp_gain":0,"max_hp_loss":0,"event_name":"Bonfire Elementals","floor":21,"gold_loss":0},{"damage_healed":0,"gold_gain":0,"player_choice":"Forge","damage_taken":0,"max_hp_gain":0,"max_hp_loss":0,"event_name":"Accursed Blacksmith","floor":28,"gold_loss":0,"cards_upgraded":["True Grit"]},{"damage_healed":0,"gold_gain":0,"player_choice":"Relic","damage_taken":0,"max_hp_gain":0,"max_hp_loss":0,"event_name":"Wheel of Change","floor":39,"gold_loss":0},{"damage_healed":0,"gold_gain":0,"player_choice":"Copied","damage_taken":0,"max_hp_gain":0,"max_hp_loss":0,"event_name":"Duplicator","floor":45,"gold_loss":0,"cards_obtained":["Heavy Blade"]}],"is_beta":false,"boss_relics":[{"not_picked":["Calling Bell","Fusion Hammer"],"picked":"Snecko Eye"},{"not_picked":["Runic Pyramid","Sozu"],"picked":"Astrolabe"}],"items_purged_floors":[],"is_endless":false,"potions_floor_spawned":[3,6,14,22,29,31,33,35,36,37,38,40,41,42,44,48,54],"ascension_level":9}}