{"host":"jacddazefqpozmdr","time":1608381567,"event":{"mods":["AchievementEnabler","BaseMod","Better Note","BetterRewards","Downfall","Googly Eyes","Hermit","HololiveMod","Hubris","Infinite Spire","Lobotomy","LobotomyExtend","Marisa????????","Minty Spire (QoL Compilation)","Prisma Mod","Quick Restart","Rare Cards Sparkle","Relic Stats","Replay The Spire","Shop Mod","StSLib","The Alterego","The Blue Laboratory","The Cursed","The Gatherer","The Jungle","The Runesmith","The Servant 0.9.4","Waifu the Spire","WarShipGirlsR/????R mod"],"gold_per_floor":[86,76,76,90,105,134,134,134,134,144,169,188,188,203,203,303,303,319,331,342,149,149,149,169,169,169,183,183,183,193,224,224,336,336,350,350,384,435,452,452,467,467,494,551,616,646,678,713,221,221,221,221,221,105,146,146],"floor_reached":57,"playtime":4223,"items_purged":[],"score":1298,"play_id":"0967deb8-1268-4e5b-bc48-4d883b20727e","local_time":"20201219123927","is_ascension_mode":false,"campfire_choices":[{"data":"Hololive_OvertimeWork","floor":8.0,"key":"SMITH"},{"data":"Hololive_CallHoshimachiSuisei","floor":15.0,"key":"SMITH"},{"data":"Hololive_CallAmaneKanata","floor":23.0,"key":"SMITH"},{"data":"Hololive_Spy","floor":25.0,"key":"SMITH"},{"data":"Hololive_Rebirth","floor":32.0,"key":"SMITH"},{"floor":40.0,"key":"RECALL"},{"data":"Hololive_WolfAndLamb","floor":42.0,"key":"SMITH"},{"data":"hubris:InfiniteBlow+24","floor":53,"key":"SMITH"}],"circlet_count":0,"master_deck":["Hololive_Strike","Hololive_Strike","Hololive_Defend","Hololive_Defend","Hololive_Sequa","Hololive_CallHoshimachiSuisei+1","Hololive_CallUsadaPekora","Hololive_CallTokoyamiTowa","Hololive_CallYogiri","Hololive_CallMurasakiShion+1","Hololive_FlareMind","Hololive_RevenueBasedLive","Hololive_Breathe","Hololive_OvertimeWork+1","Hololive_CallYukihanaLamy","Hololive_CallInugamiKorone","Hololive_CallAmaneKanata+1","Hololive_StrengthChampion","Hololive_CallTokinoSora+1","Hololive_CallOkamiMio+1","Hololive_CallShiroganeNoel+1","Hololive_WolfAndLamb+1","Hololive_Spy+1","Hololive_CallUruhaRushia+1","Hololive_DiamondStrike","Hololive_Recruit+1","Hololive_CallMomosuzuNene+14","Hololive_CallOmaruPolka+1","Hololive_CallRosalyn+1","Hololive_Rebirth+1","Hololive_CallArtia+1","Hololive_SummonFox+1","Hololive_CallSakuraMiko+1","Hololive_BringToTrial+1","Hololive_CallDoris+1","hubris:InfiniteBlow+25","Hololive_CallOzoraSubaru+1","Hololive_Spy"],"relics":["Hololive_TheStar","LetterFromLob","hubris:Potato","Frozen Egg 2","Mirror","hubris:Towel","hubris:HollowSoul","Hololive_FriedShrimpLion","alterego_mod:SomeoneToFightFor","Happy Flower","hubris:RunicObelisk","ReplayTheSpireMod:TigerMarble","Replay:Bottled Snecko","Letter Opener","infinitespire:Bottled Soul","Strawberry"],"acts_visited":["Exordium","TheCity","TheBeyond","TheEnding"],"potions_floor_usage":[],"damage_taken":[{"damage":0.0,"enemies":"Jaw Worm","floor":1.0,"turns":4.0},{"damage":0.0,"enemies":"Small Slimes","floor":4.0,"turns":3.0},{"damage":0.0,"enemies":"2 Louse","floor":5.0,"turns":2.0},{"damage":0.0,"enemies":"Replay:BlueRogue","floor":6.0,"turns":5.0},{"damage":7.0,"enemies":"Blue Slaver","floor":10.0,"turns":3.0},{"damage":0.0,"enemies":"3 Sentries","floor":11.0,"turns":6.0},{"damage":0.0,"enemies":"Exordium Thugs","floor":12.0,"turns":4.0},{"damage":2.0,"enemies":"Red Slaver","floor":14.0,"turns":3.0},{"damage":0.0,"enemies":"Hexaghost","floor":16.0,"turns":5.0},{"damage":0.0,"enemies":"Chosen","floor":18.0,"turns":4.0},{"damage":0.0,"enemies":"Spheric Guardian","floor":19.0,"turns":3.0},{"damage":6.0,"enemies":"Shelled Parasite and Fungi","floor":20.0,"turns":5.0},{"damage":0.0,"enemies":"Snecko","floor":24.0,"turns":4.0},{"damage":9.0,"enemies":"Centurion and Healer","floor":27.0,"turns":6.0},{"damage":0.0,"enemies":"Cultist and Chosen","floor":30.0,"turns":5.0},{"damage":12.0,"enemies":"Book of Stabbing","floor":31.0,"turns":7.0},{"damage":0.0,"enemies":"Collector","floor":33.0,"turns":7.0},{"damage":0.0,"enemies":"Orb Walker","floor":35.0,"turns":5.0},{"damage":0.0,"enemies":"3 Darklings","floor":37.0,"turns":5.0},{"damage":0.0,"enemies":"Maw","floor":38.0,"turns":6.0},{"damage":0.0,"enemies":"Sphere and 2 Shapes","floor":39.0,"turns":5.0},{"damage":10.0,"enemies":"3 Darklings","floor":41.0,"turns":8.0},{"damage":0.0,"enemies":"Giant Head","floor":45.0,"turns":7.0},{"damage":0,"enemies":"Jaw Worm Horde","floor":46,"turns":4},{"damage":0,"enemies":"Maw","floor":47,"turns":7},{"damage":9,"enemies":"Reptomancer","floor":48,"turns":6},{"damage":0,"enemies":"Replay:Hell Engine","floor":50,"turns":2},{"damage":12,"enemies":"Shield and Spear","floor":55,"turns":5},{"damage":0,"enemies":"The Heart","floor":56,"turns":5}],"seed_played":"-1948062986345931974","potions_obtained":[{"floor":1.0,"key":"Strength Potion"},{"floor":6.0,"key":"SmokeBomb"},{"floor":14.0,"key":"champ:CounterPotion"},{"floor":24.0,"key":"Venom Potion"},{"floor":30.0,"key":"Explosive Potion"},{"floor":31.0,"key":"FairyPotion"}],"is_trial":false,"path_per_floor":["M","?","$","M","M","E","M","R","T","M","E","M","?","M","R","B",null,"M","M","M","$","?","R","M","R","T","M","T","?","M","E","R","B",null,"M","?","M","M","M","R","M","R","T","?","E","M","M","E","R","B",null,null,"R","$","E","B",null],"character_chosen":"Hololive_HololiveCharacter","items_purchased":["Hololive_Recruit+1","Hololive_CallMomosuzuNene+1","Hololive_CallOzoraSubaru+1","Hololive_Spy"],"campfire_rested":0,"item_purchase_floors":[21,21,54,54],"current_hp_per_floor":[35,35,35,35,35,35,35,35,35,28,28,28,28,26,26,26,35,35,35,29,29,29,29,29,29,29,20,20,20,20,15,15,15,35,35,35,35,35,35,35,25,25,25,25,32,35,35,35,35,35,35,35,35,35,30,30],"gold":146,"neow_bonus":"ONE_RANDOM_RARE_CARD","is_daily":false,"chose_seed":false,"campfire_upgraded":7,"win_rate":0.0,"timestamp":1608381567,"path_taken":["M","?","$","M","M","E","M","R","T","M","E","M","?","M","R","BOSS","M","M","M","$","?","R","M","R","T","?","?","?","M","E","R","BOSS","M","?","M","M","?","R","M","R","T","?","E","M","M","E","R","BOSS","R","$","E","BOSS"],"items_purchased_type":["Card","Card","Card","Card"],"build_version":"2020-12-13","purchased_purges":0,"victory":true,"max_hp_per_floor":[35,35,35,35,35,35,35,35,35,35,35,35,35,35,35,35,35,35,35,35,35,35,35,35,35,35,35,35,35,35,35,35,35,35,35,35,35,35,35,35,35,35,35,35,35,35,35,35,35,35,35,35,35,35,42,42],"relic_stats":{"Happy Flower":[24],"counters":[29,140],"Letter Opener":[29],"obtain_stats":[{"Happy Flower":31,"hubris:HollowSoul":17,"Letter Opener":45,"Frozen Egg 2":9,"hubris:Towel":13,"alterego_mod:SomeoneToFightFor":29,"hubris:RunicObelisk":34,"infinitespire:Bottled Soul":48,"Strawberry":55,"Hololive_TheStar":0,"Hololive_FriedShrimpLion":28,"LetterFromLob":1,"ReplayTheSpireMod:TigerMarble":43,"Replay:Bottled Snecko":44,"Mirror":11,"hubris:Potato":6},{"Happy Flower":16,"hubris:HollowSoul":9,"Letter Opener":23,"Frozen Egg 2":4,"hubris:Towel":7,"alterego_mod:SomeoneToFightFor":14,"hubris:RunicObelisk":17,"infinitespire:Bottled Soul":26,"Strawberry":28,"Hololive_TheStar":0,"Hololive_FriedShrimpLion":14,"LetterFromLob":1,"ReplayTheSpireMod:TigerMarble":22,"Replay:Bottled Snecko":22,"Mirror":6,"hubris:Potato":4},{"Happy Flower":69,"hubris:HollowSoul":35,"Letter Opener":111,"Frozen Egg 2":14,"hubris:Towel":27,"alterego_mod:SomeoneToFightFor":57,"hubris:RunicObelisk":76,"infinitespire:Bottled Soul":128,"Strawberry":135,"Hololive_TheStar":0,"Hololive_FriedShrimpLion":57,"LetterFromLob":4,"ReplayTheSpireMod:TigerMarble":104,"Replay:Bottled Snecko":104,"Mirror":23,"hubris:Potato":14}]},"card_choices":[{"not_picked":["Hololive_Sequa","Hololive_StrengthChampion","Hololive_Drill"],"picked":"Hololive_RevenueBasedLive","floor":1.0},{"not_picked":[],"picked":"Hololive_Breathe","floor":2.0},{"not_picked":[],"picked":"Hololive_OvertimeWork","floor":2.0},{"not_picked":["Hololive_Trident","Hololive_CallAkaiHaato","Hololive_Sequa"],"picked":"Hololive_CallYukihanaLamy","floor":4.0},{"not_picked":["Hololive_RevenueBasedLive","Hololive_Drill","Hololive_CallOkamiMio"],"picked":"Hololive_CallInugamiKorone","floor":5.0},{"not_picked":["Hololive_CallTokoyamiTowa","Hololive_Trident","Hololive_CallManoAloe"],"picked":"Hololive_CallAmaneKanata","floor":6.0},{"not_picked":["Hololive_Watashimo","Hololive_CocoNews","Hololive_Trident"],"picked":"Hololive_StrengthChampion","floor":10.0},{"not_picked":["Hololive_CallAZKi+1","Hololive_Watashimo","Hololive_OvertimeWork"],"picked":"Hololive_CallTokinoSora+1","floor":11.0},{"not_picked":["Hololive_CallTokoyamiTowa+1","Hololive_HuntDinosaur","Hololive_Trident"],"picked":"Hololive_CallOkamiMio+1","floor":12.0},{"not_picked":["Hololive_HuntDinosaur","Hololive_Breathe","Hololive_RevenueBasedLive"],"picked":"Hololive_CallShiroganeNoel+1","floor":14.0},{"not_picked":["Hololive_HighAtkLowDef","Hololive_IdolExercise","Hololive_OpenUp"],"picked":"Hololive_WolfAndLamb","floor":16.0},{"not_picked":["Hololive_CallUsadaPekora+1","Hololive_Psychosis","Hololive_CocoNews+1"],"picked":"Hololive_Spy","floor":18.0},{"not_picked":["Hololive_CallTokoyamiTowa+1","Hololive_FlyingPonyTail","Hololive_ManjiGathering"],"picked":"Hololive_CallUruhaRushia+1","floor":19.0},{"not_picked":["Hololive_FlyingPonyTail","Hololive_CocoNews+1","Hololive_OvertimeWork+1"],"picked":"Hololive_DiamondStrike","floor":20.0},{"not_picked":["Hololive_Breathe","Hololive_CallOkamiMio+1","Hololive_HuntDinosaur"],"picked":"Hololive_CallOmaruPolka+1","floor":24.0},{"not_picked":["Hololive_Drill+1","Hololive_OvertimeWork","Hololive_Rebound+1","Hololive_Sequa"],"picked":"SKIP","floor":27.0},{"not_picked":["Hololive_RevenueBasedLive+1","Hololive_Psychosis","Hololive_Sequa"],"picked":"Hololive_CallRosalyn+1","floor":30.0},{"not_picked":["Hololive_Rebound","Hololive_Breathe","Hololive_CallAkaiHaato+1"],"picked":"Hololive_Rebirth","floor":31.0},{"not_picked":["Hololive_Rebound+1","Hololive_Drill","Hololive_StrengthChampion+1","Hololive_Trident"],"picked":"SKIP","floor":35.0},{"not_picked":["Hololive_Sequa+1","Hololive_CallTokoyamiTowa+1","Hololive_FlyingPonyTail"],"picked":"Hololive_CallArtia+1","floor":37.0},{"not_picked":["Hololive_Drill","Hololive_RevenueBasedLive","Hololive_OvertimeWork","Hololive_HuntDinosaur+1"],"picked":"SKIP","floor":38.0},{"not_picked":["Hololive_Trident+1","Hololive_StrengthChampion","Hololive_LuckPotion","Hololive_Psychosis"],"picked":"SKIP","floor":39.0},{"not_picked":["Hololive_HuntDinosaur+1","Hololive_Breathe+1","Hololive_RevenueBasedLive"],"picked":"Hololive_SummonFox+1","floor":41.0},{"not_picked":["Hololive_OvertimeWork+1","Hololive_CocoNews+1","Hololive_FlyingPonyTail"],"picked":"Hololive_CallSakuraMiko+1","floor":44.0},{"not_picked":["Hololive_WolfAndLamb","Hololive_CallOmaruPolka+1","Hololive_Sequa"],"picked":"Hololive_BringToTrial+1","floor":44.0},{"not_picked":["Hololive_CallYogiri+1","Hololive_Sequa","Hololive_Psychosis+1"],"picked":"Hololive_CallDoris+1","floor":45},{"not_picked":["Hololive_RevenueBasedLive","Hololive_StrengthChampion+1","Hololive_CallUsadaPekora+1","Hololive_LuckPotion+1"],"picked":"SKIP","floor":46},{"not_picked":["Hololive_RevenueBasedLive","Hololive_StrengthChampion+1","Hololive_CallUsadaPekora+1","Hololive_LuckPotion+1"],"picked":"SKIP","floor":46},{"not_picked":["Hololive_Psychosis","Hololive_RevenueBasedLive","Hololive_Trident","Hololive_CallYukihanaLamy+1"],"picked":"SKIP","floor":47},{"not_picked":["Hololive_RevenueBasedLive+1","Hololive_StrengthChampion+1","Hololive_LuckPotion","Hololive_CallMoonaHoshinova+1"],"picked":"SKIP","floor":48},{"not_picked":["Replay:Fractal Strike","infinitespire:Punishment"],"picked":"hubris:InfiniteBlow+24","floor":49},{"not_picked":["Hololive_CallAZKi+1","Hololive_OvertimeWork+1","Hololive_CallTsunomakiWatame+1","Hololive_Trident+1"],"picked":"SKIP","floor":55}],"player_experience":186455,"relics_obtained":[{"floor":1.0,"key":"LetterFromLob"},{"floor":6.0,"key":"hubris:Potato"},{"floor":9.0,"key":"Frozen Egg 2"},{"floor":11.0,"key":"Mirror"},{"floor":28.0,"key":"Hololive_FriedShrimpLion"},{"floor":31.0,"key":"Happy Flower"},{"floor":43.0,"key":"ReplayTheSpireMod:TigerMarble"},{"floor":44.0,"key":"Replay:Bottled Snecko"},{"floor":45,"key":"Letter Opener"},{"floor":48,"key":"infinitespire:Bottled Soul"},{"floor":55,"key":"Strawberry"}],"event_choices":[{"cards_removed":["Hololive_CallHoshimachiSuisei"],"damage_healed":0.0,"max_hp_gain":0.0,"max_hp_loss":0.0,"gold_gain":0.0,"event_name":"betterNote:BetterNote","player_choice":"Give","floor":22.0,"gold_loss":0.0,"damage_taken":0.0,"cards_obtained":["MeatLantern"]},{"damage_healed":0.0,"max_hp_gain":0.0,"max_hp_loss":0.0,"gold_gain":0.0,"event_name":"Secret Garden","player_choice":"Choice 2","floor":29.0,"gold_loss":0.0,"damage_taken":0.0,"relics_obtained":["alterego_mod:SomeoneToFightFor"]},{"damage_healed":0.0,"max_hp_gain":0.0,"max_hp_loss":0.0,"gold_gain":0.0,"event_name":"Upgrade Shrine","player_choice":"Upgraded","floor":36.0,"gold_loss":0.0,"damage_taken":0.0,"cards_upgraded":["Hololive_CallMurasakiShion"]}],"is_beta":false,"boss_relics":[{"not_picked":["Busted Crown","Ring of Chaos"],"picked":"hubris:HollowSoul"},{"not_picked":["hubris:ScarierMask","ReplayTheSpireMod:SealedPack"],"picked":"hubris:RunicObelisk"}],"items_purged_floors":[],"is_endless":false,"potions_floor_spawned":[1,6,14,24,30,31,35,37,48],"ascension_level":0}}