{"host":"jolg1n27y0xvdyb4","time":1608407459,"event":{"mods":["2.2 Compatiblity","AchievementEnabler","Act Like it!","BaseMod","Better Altar","Better Match","Better Note","Better Sensory Stone","Better Skull","Better Third Choice","Better Vampires","Block Reminder","Colored Map","Downfall","Gremlin Mod","Hermit","Jorbs\u0027s Wanderer Trilogy","Minty Spire (QoL Compilation)","SIMod","StSLib","The Blackbeard","The Blue Laboratory","The Bug Knight","The Hierophant","The Jungle","The Necromancer","The Wild Card"],"gold_per_floor":[117,135,60,70,70,70,70,70,70,80,80,98,98,109,109,109,109],"floor_reached":16,"playtime":745,"items_purged":["HollowMod:NailStrikeStart"],"score":92,"play_id":"3ec940fa-b94d-4ca1-af2e-79bcae07095b","local_time":"20201219135059","is_ascension_mode":false,"campfire_choices":[{"data":"HollowMod:MantisMark","floor":6,"key":"SMITH"},{"data":"HollowMod:FocusHealStart","floor":8,"key":"SMITH"},{"data":"HollowMod:QuickDashStart","floor":11,"key":"SMITH"},{"data":"HollowMod:QuickDashStart","floor":15,"key":"SMITH"}],"circlet_count":0,"master_deck":["HollowMod:NailStrikeStart","HollowMod:NailStrikeStart","HollowMod:NailStrikeStart","HollowMod:QuickDashStart+1","HollowMod:QuickDashStart+1","HollowMod:QuickDashStart","HollowMod:FocusHealStart+1","HollowMod:PogoStrike+1","HollowMod:MantisMark+1"],"relics":["HollowMod:VesselMask","Singing Bowl"],"acts_visited":["Exordium"],"potions_floor_usage":[12,14,14,16],"damage_taken":[{"damage":3,"enemies":"Jaw Worm","floor":1,"turns":3},{"damage":1,"enemies":"Cultist","floor":2,"turns":3},{"damage":2,"enemies":"Small Slimes","floor":4,"turns":3},{"damage":1,"enemies":"2 Fungi Beasts","floor":10,"turns":3},{"damage":0,"enemies":"Red Slaver","floor":12,"turns":2},{"damage":1,"enemies":"Large Slime","floor":14,"turns":3},{"damage":92,"enemies":"Hexaghost","floor":16,"turns":12}],"seed_played":"-4373436694450691019","potions_obtained":[{"floor":2,"key":"SpeedPotion"},{"floor":4,"key":"blueLaboratory:HeartbeatPotion"},{"floor":10,"key":"Energy Potion"},{"floor":12,"key":"SpeedPotion"}],"is_trial":false,"path_per_floor":["M","M","$","M","$","R","?","R","T","M","R","M","$","M","R","B"],"character_chosen":"THE_BUGKNIGHT","items_purchased":[],"campfire_rested":0,"item_purchase_floors":[],"current_hp_per_floor":[72,75,75,73,73,73,73,73,73,74,74,76,76,77,77,0,0],"gold":109,"neow_bonus":"UPGRADE_CARD","is_daily":false,"chose_seed":false,"campfire_upgraded":4,"win_rate":0.0,"timestamp":1608407459,"path_taken":["M","M","$","M","$","R","?","R","T","?","R","M","?","M","R","BOSS"],"items_purchased_type":[],"build_version":"2020-12-13","purchased_purges":1,"victory":false,"max_hp_per_floor":[75,75,75,75,75,75,75,75,75,77,77,79,79,81,81,81,81],"card_choices":[{"not_picked":["HollowMod:NewJinnsSoul","HollowMod:Grubsong","HollowMod:NewLittleFool"],"picked":"SKIP","floor":1},{"not_picked":["HollowMod:RecoilStrike","HollowMod:InfectionAssault"],"picked":"HollowMod:MantisMark","floor":2},{"not_picked":["HollowMod:SoulSplash","HollowMod:FastStrike","HollowMod:GrimmsGift"],"picked":"SKIP","floor":4},{"not_picked":["HollowMod:MonomonsArchive","HollowMod:GreatSlash","HollowMod:DesolateDive"],"picked":"Singing Bowl","floor":10},{"not_picked":["HollowMod:CycloneSlash","HollowMod:NewLittleFool","HollowMod:DoubleDash"],"picked":"Singing Bowl","floor":12},{"not_picked":["HollowMod:VengefulSpirit","HollowMod:HornetsHelp","HollowMod:DashSlash"],"picked":"Singing Bowl","floor":14}],"player_experience":425511,"relics_obtained":[{"floor":9,"key":"Singing Bowl"}],"event_choices":[{"cards_removed":["HollowMod:QuickDashStart"],"damage_healed":0,"gold_gain":0,"player_choice":"Offered Basic","damage_taken":0,"max_hp_gain":0,"max_hp_loss":0,"event_name":"Bonfire Elementals","floor":7,"gold_loss":0}],"is_beta":false,"boss_relics":[],"items_purged_floors":[3],"is_endless":false,"potions_floor_spawned":[2,4,10,12],"killed_by":"Hexaghost","ascension_level":0}}