{"host":"l7l2v2zs4hqku4vk","time":1608376187,"event":{"mods":["Act Like it!","BaseMod","Colored Powertips","Highlight Path","Minty Spire (QoL Compilation)","Replay The Spire","RumiaBox-露米娅的神秘盒子","StSLib","TestMod","The Servant 0.9.4","篝火指南"],"gold_per_floor":[114,39,54,54,54,84,84,114,114,144,144,44,59,74,74,174,174,189,108,123,123,138,168,168,198,198,213,228,228,243,243,243,343,443,458,473,488,503,78,78,108,108,108,123,123,153,3,3,3,3,3],"floor_reached":50,"playtime":2638,"items_purged":["TimeWarp","Revamp","Spin"],"score":610,"play_id":"4cf3bdfd-d3f3-4b5b-b472-1633a9c805db","local_time":"20201219190947","daily_mods":["Draft","ControlledChaos","Elite Swarm"],"is_ascension_mode":false,"campfire_choices":[{"data":"Spin","floor":7,"key":"SMITH"},{"data":"Potential","floor":11,"key":"SMITH"},{"data":"SpecialFormula","floor":15,"key":"SMITH"},{"data":"SilverBlades","floor":24,"key":"SMITH"},{"data":"SurpressingFire","floor":32,"key":"SMITH"},{"data":"Embodiment","floor":40,"key":"SMITH"},{"data":"Misdirection","floor":42,"key":"SMITH"},{"data":"Rearm","floor":45,"key":"SMITH"},{"floor":49,"key":"REST"}],"circlet_count":0,"master_deck":["TimeWarp","DancingSilver","BottledTime","Spin+1","ShatteredReality","SilverBlades+1","Ricochet","TimeWarp","Spin","Potential+1","Rearm+1","MurderousAura+1","Misdirection+1","SpecialFormula+1","Embodiment+1","testmod-LimitFlipper+1","SurpressingFire+1","Shuttle+1","Unruled+1"],"relics":["Uniform","Frozen Eye","testmod-Muramasa","testmod-TestBox","Thread and Needle","Omamori","Replay:PocketPolymizer","Garlic","Replay:Bronze Core","testmod-OneHitWonder","SSSystem","testmod-ArcanaOfDestiny","Strawberry","Replay:Wanted Poster","ClockworkSouvenir","Bronze Scales","Kunai","testmod-Justice","GodSword4","testmod-Charity"],"acts_visited":["Exordium","TheCity","TheBeyond"],"potions_floor_usage":[6,16,20,25,33,50,50],"damage_taken":[{"damage":0,"enemies":"Small Slimes","floor":1,"turns":1},{"damage":0,"enemies":"2 Louse","floor":3,"turns":1},{"damage":0,"enemies":"Gremlin Nob","floor":6,"turns":2},{"damage":6,"enemies":"3 Sentries","floor":8,"turns":2},{"damage":13,"enemies":"Lagavulin","floor":10,"turns":6},{"damage":5,"enemies":"Jaw Worm","floor":13,"turns":2},{"damage":0,"enemies":"Gremlin Gang","floor":14,"turns":1},{"damage":8,"enemies":"Hexaghost","floor":16,"turns":6},{"damage":0,"enemies":"Spheric Guardian","floor":18,"turns":3},{"damage":0,"enemies":"2 Thieves","floor":20,"turns":2},{"damage":13,"enemies":"Snake Plant","floor":22,"turns":3},{"damage":0,"enemies":"Slavers","floor":23,"turns":3},{"damage":7,"enemies":"Gremlin Leader","floor":25,"turns":4},{"damage":0,"enemies":"Centurion and Healer","floor":27,"turns":2},{"damage":0,"enemies":"3 Cultists","floor":28,"turns":2},{"damage":8,"enemies":"Sentry and Sphere","floor":30,"turns":4},{"damage":28,"enemies":"Champ","floor":33,"turns":8},{"damage":3,"enemies":"Orb Walker","floor":35,"turns":2},{"damage":0,"enemies":"3 Darklings","floor":36,"turns":2},{"damage":0,"enemies":"Maw","floor":37,"turns":4},{"damage":12,"enemies":"4 Shapes","floor":38,"turns":2},{"damage":7,"enemies":"Giant Head","floor":41,"turns":5},{"damage":19,"enemies":"Spire Growth","floor":44,"turns":4},{"damage":22,"enemies":"R_Hoarder","floor":46,"turns":3},{"damage":72,"enemies":"Donu and Deca","floor":50,"turns":4}],"seed_played":"-2908382401684788831","potions_obtained":[{"floor":3,"key":"Explosive Potion"},{"floor":13,"key":"Explosive Potion"},{"floor":14,"key":"Doom Potion"},{"floor":16,"key":"Block Potion"},{"floor":20,"key":"Block Potion"},{"floor":27,"key":"Elixir"},{"floor":30,"key":"GamblersBrew"},{"floor":33,"key":"CultistPotion"}],"is_trial":false,"path_per_floor":["M","$","M","?","?","E","R","E","T","E","R","$","M","M","R","B",null,"M","$","M","?","M","E","R","E","T","M","M","?","M","?","R","B",null,"M","M","M","M","$","R","E","R","T","M","R","E","$","?","R","B"],"character_chosen":"THE_SERVANT","items_purchased":["testmod-LimitFlipper","ClockworkSouvenir","Bronze Scales","testmod-Charity"],"campfire_rested":1,"item_purchase_floors":[19,39,39,47],"current_hp_per_floor":[65,65,65,65,70,70,70,64,64,51,51,51,46,46,46,46,70,70,70,70,70,65,70,70,63,63,70,70,70,62,69,69,49,77,74,77,77,65,65,65,66,66,66,55,55,41,41,41,64,0,0],"gold":3,"neow_bonus":"","is_daily":true,"chose_seed":false,"campfire_upgraded":8,"win_rate":0.0,"timestamp":1608376187,"path_taken":["M","$","M","?","?","E","R","E","T","E","R","$","M","M","R","BOSS","M","$","M","?","?","E","R","E","T","M","?","?","M","?","R","BOSS","M","M","M","M","$","R","E","R","T","M","R","E","$","?","R","BOSS"],"items_purchased_type":["Card","Relic","Relic","Relic"],"build_version":"2020-12-13","purchased_purges":3,"victory":false,"max_hp_per_floor":[65,65,65,65,70,70,70,70,70,70,70,70,70,70,70,70,70,70,70,70,70,70,70,70,70,70,70,70,70,70,77,77,77,77,77,77,77,77,77,77,77,77,77,77,77,77,77,77,77,77,77],"card_choices":[{"not_picked":["Alleviate","Rewind"],"picked":"Revamp","floor":0},{"not_picked":["Potential","Alleviate"],"picked":"TimeWarp","floor":0},{"not_picked":["Orbit","BottledTime"],"picked":"DancingSilver","floor":0},{"not_picked":["Replace","Shuttle"],"picked":"BottledTime","floor":0},{"not_picked":["Revamp","DoubleEdge"],"picked":"Spin","floor":0},{"not_picked":["FastForward","DoubleEdge"],"picked":"ShatteredReality","floor":0},{"not_picked":["ShatteredReality","DoubleEdge"],"picked":"SilverBlades","floor":0},{"not_picked":["Rewind","Sabotage"],"picked":"Ricochet","floor":0},{"not_picked":["BottledTime","Potential"],"picked":"Spin","floor":0},{"not_picked":["Starlight","ReturningBlade"],"picked":"TimeWarp","floor":0},{"not_picked":["Desolation","Ricochet"],"picked":"TimeWarp","floor":0},{"not_picked":["DancingSilver","Foresight"],"picked":"Spin","floor":0},{"not_picked":["Misdirection","Desolation"],"picked":"Spin","floor":0},{"not_picked":["Foresight","Rewind"],"picked":"Potential","floor":0},{"not_picked":["Alleviate","Replace"],"picked":"Rearm","floor":0},{"not_picked":["Alleviate","Starlight","Replace"],"picked":"SKIP","floor":1},{"not_picked":["RealityMarble","Potential","TimeWarp"],"picked":"SKIP","floor":3},{"not_picked":["TheWorld","PendulumOfEternity","TrueSight"],"picked":"SKIP","floor":6},{"not_picked":["TrueSight","TheWorld"],"picked":"MurderousAura","floor":8},{"not_picked":["Dilation","Solidify","TrueSight"],"picked":"SKIP","floor":10},{"not_picked":["Moonlight","Revamp","BottledTime"],"picked":"SKIP","floor":13},{"not_picked":["Starlight","FastForward"],"picked":"SpecialFormula","floor":14},{"not_picked":["SoulSculpture","TrueSight"],"picked":"Embodiment","floor":16},{"not_picked":["FastForward+1","Starlight+1","Barrier+1"],"picked":"SKIP","floor":18},{"not_picked":["Defy","Comet","Barrier"],"picked":"SKIP","floor":20},{"not_picked":["Defy","ShatteredReality","TimeTheft"],"picked":"SKIP","floor":22},{"not_picked":["SoulSculpture","Duplication","Sunlight"],"picked":"SKIP","floor":23},{"not_picked":["Solidify","ForgedInTime","TrueSight"],"picked":"SKIP","floor":25},{"not_picked":["Revamp","TimeWarp","Starlight"],"picked":"SKIP","floor":27},{"not_picked":["Potential+1","Moonlight","FastForward"],"picked":"SKIP","floor":28},{"not_picked":["Luminosity","Revamp+1"],"picked":"Shuttle+1","floor":30},{"not_picked":["InstantArmor","DoubleEdge+1"],"picked":"Unruled+1","floor":35},{"not_picked":["Defy","Alleviate+1","Collapse+1"],"picked":"SKIP","floor":36},{"not_picked":["Defy","ReturningBlade","Orbit"],"picked":"SKIP","floor":37},{"not_picked":["Ricochet+1","Embodiment","Desolation"],"picked":"SKIP","floor":38},{"not_picked":["ForgedInTime","Deny","TheWorld"],"picked":"SKIP","floor":41},{"not_picked":["Revamp","Starlight+1","Unruled+1"],"picked":"SKIP","floor":44},{"not_picked":["FlawlessForm","FloweringNight","PendulumOfEternity"],"picked":"SKIP","floor":46}],"player_experience":1651662,"relics_obtained":[{"floor":6,"key":"Thread and Needle"},{"floor":8,"key":"Omamori"},{"floor":9,"key":"Replay:PocketPolymizer"},{"floor":10,"key":"Garlic"},{"floor":23,"key":"testmod-OneHitWonder"},{"floor":25,"key":"SSSystem"},{"floor":26,"key":"testmod-ArcanaOfDestiny"},{"floor":41,"key":"Kunai"},{"floor":43,"key":"testmod-Justice"},{"floor":46,"key":"GodSword4"}],"event_choices":[{"damage_healed":0,"gold_gain":0,"player_choice":"Swap Relic","damage_taken":0,"relics_obtained":["testmod-TestBox"],"max_hp_gain":0,"max_hp_loss":0,"event_name":"给自己的盒子","floor":4,"relics_lost":["testmod-TestBox"],"gold_loss":0},{"damage_healed":0,"gold_gain":0,"player_choice":"Donut","damage_taken":0,"max_hp_gain":5,"max_hp_loss":0,"event_name":"Big Fish","floor":5,"gold_loss":0},{"damage_healed":0,"gold_gain":0,"player_choice":"Forge","damage_taken":0,"max_hp_gain":0,"max_hp_loss":0,"event_name":"Accursed Blacksmith","floor":21,"gold_loss":0,"cards_upgraded":["testmod-LimitFlipper"]},{"damage_healed":0,"gold_gain":0,"player_choice":"Read","damage_taken":0,"max_hp_gain":0,"max_hp_loss":0,"event_name":"The Library","floor":29,"gold_loss":0,"cards_obtained":["SurpressingFire"]},{"damage_healed":0,"gold_gain":0,"player_choice":"Upgraded","damage_taken":0,"max_hp_gain":0,"max_hp_loss":0,"event_name":"Upgrade Shrine","floor":48,"gold_loss":0,"cards_upgraded":["MurderousAura"]}],"is_beta":false,"boss_relics":[{"not_picked":["testmod-Nine","Runic Pyramid"],"picked":"Replay:Bronze Core"},{"not_picked":["Velvet Choker","ReplayTheSpireMod:DimensionalGlitch"],"picked":"Replay:Wanted Poster"}],"items_purged_floors":[2,12,39],"is_endless":false,"potions_floor_spawned":[3,13,14,16,20,27,30,33,37,46],"killed_by":"Donu and Deca","ascension_level":0}}