{"host":"yo9wwslrag05lh37","time":1608372974,"event":{"mods":["AchievementEnabler","BaseMod","Block Reminder","Colored Map","Colored Powertips","GifTheSpireLib","HexUI Lib","Highlight Path","Minty Spire (QoL Compilation)","Rare Cards Sparkle","Relic Stats","StSLib","everything is the same but u backflip on backflip"],"gold_per_floor":[112,112,131,149,170,170,204,216,252,339,351,381,429,461,473,584,596,633,645,671,129,129,129],"floor_reached":22,"playtime":823,"items_purged":["Writhe"],"score":392,"play_id":"a296439b-4336-4285-9151-8c06f76d060d","local_time":"20201219111614","is_ascension_mode":true,"campfire_choices":[{"data":"Streamline","floor":6.0,"key":"SMITH"},{"data":"Core Surge","floor":11.0,"key":"SMITH"},{"floor":15.0,"key":"REST"}],"circlet_count":0,"master_deck":["AscendersBane","Zap+1","Dualcast","Sweeping Beam","Core Surge+1","Leap","Streamline+1","Steam","Consume","Capacitor","Biased Cognition","Skim","Leap","Fission","Skim","FTL","Rebound","Genetic Algorithm","Turbo","Capacitor"],"relics":["Cracked Core","Peace Pipe","Golden Idol","MawBank","Anchor","Toy Ornithopter","Pandora\u0027s Box","Lantern","ClockworkSouvenir","Centennial Puzzle"],"acts_visited":["Exordium","TheCity"],"potions_floor_usage":[22],"damage_taken":[{"damage":0.0,"enemies":"Cultist","floor":1.0,"turns":3.0},{"damage":2.0,"enemies":"Small Slimes","floor":3.0,"turns":5.0},{"damage":0.0,"enemies":"Jaw Worm","floor":4.0,"turns":3.0},{"damage":4.0,"enemies":"Blue Slaver","floor":5.0,"turns":3.0},{"damage":10.0,"enemies":"Lagavulin","floor":7.0,"turns":7.0},{"damage":2.0,"enemies":"Gremlin Gang","floor":12.0,"turns":5.0},{"damage":8.0,"enemies":"Gremlin Nob","floor":13.0,"turns":3.0},{"damage":14.0,"enemies":"Exordium Wildlife","floor":14.0,"turns":6.0},{"damage":25.0,"enemies":"The Guardian","floor":16.0,"turns":11.0},{"damage":20,"enemies":"3 Byrds","floor":18,"turns":5},{"damage":16,"enemies":"2 Thieves","floor":20,"turns":5},{"damage":16,"enemies":"Snake Plant","floor":22,"turns":3}],"seed_played":"3116797112953339490","potions_obtained":[{"floor":3.0,"key":"EssenceOfSteel"},{"floor":4.0,"key":"Dexterity Potion"},{"floor":7.0,"key":"Swift Potion"},{"floor":12.0,"key":"PowerPotion"}],"is_trial":false,"path_per_floor":["M","?","M","M","M","R","E","?","T","?","R","M","E","M","R","B",null,"M","?","M","$","M"],"character_chosen":"DEFECT","items_purchased":["ClockworkSouvenir","Centennial Puzzle","SkillPotion","EssenceOfSteel"],"campfire_rested":1,"item_purchase_floors":[21,21,21,21],"current_hp_per_floor":[64,58,56,56,52,52,42,42,42,31,31,29,21,7,24,4,45,25,25,9,9,0,0],"gold":129,"neow_bonus":"ONE_RARE_RELIC","is_daily":false,"chose_seed":false,"campfire_upgraded":2,"win_rate":0.0,"timestamp":1608372974,"path_taken":["M","?","M","M","M","R","E","?","T","?","R","?","E","M","R","BOSS","M","?","M","$","M"],"items_purchased_type":["Relic","Relic","Potion","Potion"],"build_version":"2020-12-13","purchased_purges":1,"victory":false,"max_hp_per_floor":[64,58,58,58,58,58,58,58,58,58,58,58,58,58,58,58,58,58,58,58,58,58,58],"relic_stats":{"Peace Pipe":0,"Centennial Puzzle":[3],"counters":[12,59],"Golden Idol":62,"Pandora\u0027s Box":["Skim","Leap","Fission","Skim","FTL","Rebound","Genetic Algorithm","Turbo"],"MawBank":168,"obtain_stats":[{"Peace Pipe":0,"Anchor":9,"Lantern":19,"Centennial Puzzle":21,"Golden Idol":2,"Pandora\u0027s Box":17,"Cracked Core":0,"MawBank":7,"Toy Ornithopter":13,"ClockworkSouvenir":21},{"Peace Pipe":0,"Anchor":5,"Lantern":10,"Centennial Puzzle":11,"Golden Idol":1,"Pandora\u0027s Box":9,"Cracked Core":0,"MawBank":5,"Toy Ornithopter":7,"ClockworkSouvenir":11},{"Peace Pipe":0,"Anchor":21,"Lantern":51,"Centennial Puzzle":56,"Golden Idol":3,"Pandora\u0027s Box":46,"Cracked Core":0,"MawBank":21,"Toy Ornithopter":29,"ClockworkSouvenir":56}],"Toy Ornithopter":10},"card_choices":[{"not_picked":["Go for the Eyes","Gash"],"picked":"Sweeping Beam","floor":1.0},{"not_picked":["FTL","Chaos"],"picked":"Core Surge","floor":3.0},{"not_picked":["Loop","Conserve Battery"],"picked":"Leap","floor":4.0},{"not_picked":["Redo","Chill"],"picked":"Streamline","floor":5.0},{"not_picked":["Streamline","Coolheaded"],"picked":"Steam","floor":7.0},{"not_picked":["Beam Cell","Redo","Steam"],"picked":"SKIP","floor":12.0},{"not_picked":["Leap","Undo"],"picked":"Consume","floor":13.0},{"not_picked":["Turbo","Barrage"],"picked":"Capacitor","floor":14.0},{"not_picked":["Hyperbeam","All For One"],"picked":"Biased Cognition","floor":16.0},{"not_picked":["Compile Driver","Defragment"],"picked":"Capacitor","floor":18},{"not_picked":["Recycle","Gash","Hello World"],"picked":"SKIP","floor":20}],"player_experience":1339050,"relics_obtained":[{"floor":7.0,"key":"MawBank"},{"floor":9.0,"key":"Anchor"},{"floor":13.0,"key":"Toy Ornithopter"}],"event_choices":[{"damage_healed":0.0,"max_hp_gain":0.0,"max_hp_loss":6.0,"gold_gain":0.0,"event_name":"Golden Idol","player_choice":"Lose Max HP","floor":2.0,"gold_loss":0.0,"damage_taken":0.0,"relics_obtained":["Golden Idol"]},{"damage_healed":0.0,"max_hp_gain":0.0,"max_hp_loss":0.0,"gold_gain":0.0,"event_name":"Living Wall","player_choice":"Grow","floor":8.0,"gold_loss":0.0,"damage_taken":0.0,"cards_upgraded":["Zap"]},{"damage_healed":0.0,"max_hp_gain":0.0,"max_hp_loss":0.0,"gold_gain":75.0,"event_name":"World of Goop","player_choice":"Gather Gold","floor":10.0,"gold_loss":0.0,"damage_taken":11.0},{"damage_healed":0,"gold_gain":0,"player_choice":"Opened","damage_taken":0,"relics_obtained":["Lantern"],"max_hp_gain":0,"max_hp_loss":0,"event_name":"The Mausoleum","floor":19,"gold_loss":0,"cards_obtained":["Writhe"]}],"is_beta":false,"boss_relics":[{"not_picked":["SacredBark","Black Star"],"picked":"Pandora\u0027s Box"}],"items_purged_floors":[21],"is_endless":false,"potions_floor_spawned":[3,4,7,12],"killed_by":"Snake Plant","ascension_level":20}}