{"host":"4duaicl1ekzuzyk8","time":1608417531,"event":{"mods":["BaseMod","Challenge The Spire","Downfall","Minty Spire (QoL Compilation)","Quick Restart","Random Character Button","StSLib"],"gold_per_floor":[99,99,133,56,56,506,506,506,526,526,436,450,450,466,478,478,478],"floor_reached":16,"playtime":890,"items_purged":["Regret"],"score":121,"play_id":"47a5ad39-5116-4294-9704-fa1ece3085f0","local_time":"20201220113851","is_ascension_mode":false,"campfire_choices":[{"data":"champ:Taunt","floor":1,"key":"SMITH"},{"data":"champ:BerserkerStyle","floor":5,"key":"SMITH"},{"data":"champ:Encircle","floor":10,"key":"SMITH"}],"circlet_count":0,"master_deck":["champ:Strike","champ:Strike","champ:Strike","champ:Strike","champ:Defend","champ:Defend","champ:Defend","champ:Defend","champ:Execute","champ:Taunt+1","champ:GladiatorsShout","champ:Aggression","champ:BerserkerStyle+1","Slimebound:Icky","Slimebound:Icky","Slimebound:Icky","champ:BerserkerStyle","champ:Encircle+1","champ:EndlessRage","champ:BerserkerStyle","champ:Backstep"],"relics":["champ:ChampionCrown","downfall:HeartsMalice","InkBottle","Regal Pillow","Singing Bowl","Odd Mushroom","NlothsMask"],"acts_visited":["Exordium"],"potions_floor_usage":[16,16,16],"damage_taken":[{"damage":0,"enemies":"3 Sentries","floor":3,"turns":1},{"damage":0,"enemies":"downfall:FleeingMerchant","floor":4,"turns":1},{"damage":0,"enemies":"Small Slimes","floor":8,"turns":1},{"damage":58,"enemies":"The Mushroom Lair","floor":9,"turns":5},{"damage":24,"enemies":"downfall:FleeingMerchant","floor":11,"turns":4},{"damage":26,"enemies":"Jaw Worm","floor":12,"turns":3},{"damage":10,"enemies":"2 Louse","floor":14,"turns":2},{"damage":44,"enemies":"Blue Slaver","floor":15,"turns":5},{"damage":16,"enemies":"downfall:Defect","floor":16,"turns":4}],"seed_played":"-1213806112982188569","potions_obtained":[{"floor":12,"key":"EssenceOfSteel"},{"floor":14,"key":"champ:TechniquePotion"},{"floor":15,"key":"LiquidMemories"}],"is_trial":false,"path_per_floor":["R","?","E","$","R","?","T","M","?","R","$","M","?","M","M","B"],"character_chosen":"THE_CHAMP","items_purchased":["champ:BerserkerStyle"],"campfire_rested":0,"item_purchase_floors":[4],"current_hp_per_floor":[90,90,90,90,90,90,90,90,56,56,53,50,50,45,11,0,0],"gold":478,"neow_bonus":"THREE_ENEMY_KILL","is_daily":false,"chose_seed":false,"campfire_upgraded":3,"win_rate":0.0,"timestamp":1608417531,"path_taken":["R","?","E","$","R","?","T","M","?","R","?","?","?","?","M","BOSS"],"items_purchased_type":["Card"],"build_version":"2020-12-13","purchased_purges":1,"victory":false,"max_hp_per_floor":[90,90,90,90,90,90,90,90,90,90,92,92,92,92,92,92,92],"card_choices":[{"not_picked":["champ:Backstep","champ:BerserkersShout"],"picked":"champ:GladiatorsShout","floor":3},{"not_picked":["champ:BerserkersShout","champ:AdrenalArmor"],"picked":"champ:Aggression","floor":4},{"not_picked":["champ:Backstep","champ:EndlessRage"],"picked":"champ:BerserkerStyle","floor":8},{"not_picked":["champ:AdrenalArmor","champ:BladeFlurry"],"picked":"champ:Encircle","floor":9},{"not_picked":["champ:DefensiveShout","champ:BladeFlurry","champ:TornadoPunch"],"picked":"Singing Bowl","floor":11},{"not_picked":["champ:BringItOn","champ:FightOn"],"picked":"champ:EndlessRage","floor":12},{"not_picked":["champ:Aggression","champ:SkillfulDodge"],"picked":"champ:BerserkerStyle","floor":14},{"not_picked":["champ:BringItOn","champ:IgnorePain"],"picked":"champ:Backstep","floor":15}],"player_experience":533848,"relics_obtained":[{"floor":3,"key":"Regal Pillow"},{"floor":7,"key":"Singing Bowl"},{"floor":9,"key":"Odd Mushroom"}],"event_choices":[{"damage_healed":0,"gold_gain":0,"player_choice":"Box","damage_taken":0,"relics_obtained":["InkBottle"],"max_hp_gain":0,"max_hp_loss":0,"event_name":"Big Fish","floor":2,"gold_loss":0,"cards_obtained":["Regret"]},{"damage_healed":0,"gold_gain":0,"player_choice":"Fought Mushrooms","damage_taken":0,"max_hp_gain":0,"max_hp_loss":0,"event_name":"Mushrooms","floor":9,"gold_loss":0},{"damage_healed":0,"gold_gain":0,"player_choice":"Trade","damage_taken":0,"relics_obtained":["NlothsMask"],"max_hp_gain":0,"max_hp_loss":0,"event_name":"FaceTrader","floor":13,"gold_loss":0}],"is_beta":false,"boss_relics":[],"items_purged_floors":[11],"is_endless":false,"potions_floor_spawned":[12,14,15],"killed_by":"downfall:Defect","ascension_level":0}}