{"host":"6ppucmbu28e4pclv","time":1608358742,"event":{"mods":["BaseMod","Colored Map","DeckTracker","Minty Spire (QoL Compilation)","StSLib"],"gold_per_floor":[112,128,128,145,157,189,189,222,222,257,274,274,285,3,3,78,78,98,116,134,134,134],"floor_reached":21,"playtime":852,"items_purged":[],"score":335,"play_id":"53a199c9-a69b-467c-bb90-4e0b0904319e","local_time":"20201218221902","is_ascension_mode":true,"campfire_choices":[{"floor":12,"key":"REST"},{"data":"CarveReality","floor":15,"key":"SMITH"}],"circlet_count":0,"master_deck":["AscendersBane","Strike_P","Strike_P","Strike_P","Strike_P","Defend_P","Defend_P","Defend_P","Defend_P","Eruption+1","Vigilance","ReachHeaven","FlurryOfBlows","Evaluate+1","LessonLearned+1","EmptyBody","CarveReality+1","Protect","CrushJoints","EmptyBody","FlurryOfBlows","Brilliance","ForeignInfluence","Pray"],"relics":["HolyWater","NeowsBlessing","Orichalcum","Gremlin Horn","Darkstone Periapt","Damaru","Ornamental Fan"],"acts_visited":["Exordium","TheCity"],"potions_floor_usage":[6,6,16,16,20],"damage_taken":[{"damage":0,"enemies":"Small Slimes","floor":1,"turns":2},{"damage":0,"enemies":"Jaw Worm","floor":2,"turns":1},{"damage":0,"enemies":"Cultist","floor":4,"turns":1},{"damage":3,"enemies":"Red Slaver","floor":5,"turns":5},{"damage":19,"enemies":"Lagavulin","floor":6,"turns":6},{"damage":14,"enemies":"3 Sentries","floor":8,"turns":8},{"damage":20,"enemies":"Gremlin Nob","floor":10,"turns":4},{"damage":0,"enemies":"2 Fungi Beasts","floor":11,"turns":2},{"damage":0,"enemies":"Large Slime","floor":13,"turns":2},{"damage":13,"enemies":"The Guardian","floor":16,"turns":4},{"damage":38,"enemies":"Chosen","floor":18,"turns":7},{"damage":3,"enemies":"2 Thieves","floor":19,"turns":2},{"damage":0,"enemies":"Snake Plant","floor":20,"turns":3},{"damage":32,"enemies":"Cultist and Chosen","floor":21,"turns":6}],"seed_played":"7653711853171817659","potions_obtained":[{"floor":1,"key":"BlessingOfTheForge"},{"floor":5,"key":"BlessingOfTheForge"},{"floor":10,"key":"AttackPotion"},{"floor":11,"key":"DuplicationPotion"},{"floor":18,"key":"Block Potion"}],"is_trial":false,"path_per_floor":["M","M","?","M","M","E","?","E","T","E","M","R","M","$","R","B",null,"M","M","M","M"],"character_chosen":"WATCHER","items_purchased":["FlurryOfBlows","Ornamental Fan"],"campfire_rested":1,"item_purchase_floors":[14,14],"current_hp_per_floor":[65,65,70,70,67,48,48,34,34,14,14,37,37,37,37,24,64,26,23,23,0,0],"gold":134,"neow_bonus":"THREE_ENEMY_KILL","is_daily":false,"chose_seed":false,"campfire_upgraded":1,"win_rate":0.0,"timestamp":1608358742,"path_taken":["M","M","?","M","M","E","?","E","T","E","M","R","M","?","R","BOSS","M","M","M","M"],"items_purchased_type":["Card","Relic"],"build_version":"2020-12-13","purchased_purges":0,"victory":false,"max_hp_per_floor":[72,72,77,77,77,77,77,77,77,77,77,77,77,77,77,77,77,77,77,77,77,77],"card_choices":[{"not_picked":["Consecrate","ClearTheMind"],"picked":"ReachHeaven","floor":1},{"not_picked":["Crescendo","EmptyBody"],"picked":"FlurryOfBlows","floor":2},{"not_picked":["JustLucky","ClearTheMind"],"picked":"Evaluate","floor":4},{"not_picked":["Consecrate","Crescendo"],"picked":"LessonLearned","floor":5},{"not_picked":["Indignation","Conclude"],"picked":"EmptyBody","floor":6},{"not_picked":["ConjureBlade","WheelKick"],"picked":"CarveReality","floor":8},{"not_picked":["EmptyFist","Halt"],"picked":"Protect","floor":10},{"not_picked":["Crescendo","Indignation"],"picked":"CrushJoints","floor":11},{"not_picked":["CrushJoints","Halt"],"picked":"EmptyBody","floor":13},{"not_picked":["LessonLearned","ConjureBlade"],"picked":"Brilliance","floor":16},{"not_picked":["ClearTheMind","CrushJoints","Protect"],"picked":"SKIP","floor":18},{"not_picked":["BowlingBash","BattleHymn"],"picked":"ForeignInfluence","floor":19},{"not_picked":["Fasting2","EmptyFist"],"picked":"Pray","floor":20}],"player_experience":868858,"relics_obtained":[{"floor":6,"key":"Orichalcum"},{"floor":8,"key":"Gremlin Horn"},{"floor":9,"key":"Darkstone Periapt"},{"floor":10,"key":"Damaru"}],"event_choices":[{"damage_healed":0,"gold_gain":0,"player_choice":"Donut","damage_taken":0,"max_hp_gain":5,"max_hp_loss":0,"event_name":"Big Fish","floor":3,"gold_loss":0},{"damage_healed":0,"gold_gain":0,"player_choice":"Grow","damage_taken":0,"max_hp_gain":0,"max_hp_loss":0,"event_name":"Living Wall","floor":7,"gold_loss":0,"cards_upgraded":["Eruption"]}],"is_beta":false,"boss_relics":[{"not_picked":["Pandora\u0027s Box","Fusion Hammer"],"picked":"HolyWater"}],"items_purged_floors":[],"is_endless":false,"potions_floor_spawned":[1,5,10,11,18],"killed_by":"Cultist and Chosen","ascension_level":13}}