{"host":"49c2zf0lajbcs427","time":1608372529,"event":{"mods":["AchievementEnabler","BaseMod","Colored Map","Colored Powertips","Highlight Path","Minty Spire (QoL Compilation)","Relic Stats","StSLib"],"gold_per_floor":[114,134,134,148,164,164,164,190,190,190,225,225,252,262,262,335,335,354,328,338,338,60,60,87,87,87,106,122,139,64,89,89,163,163,173,193,205,224,15,15,0,18,18,48,48,48,78,78,78,78],"floor_reached":51,"playtime":3449,"items_purged":["Normality"],"score":1672,"play_id":"03a27853-280e-4820-8792-1da8098e7422","local_time":"20201219230849","is_ascension_mode":true,"campfire_choices":[{"floor":6.0,"key":"REST"},{"data":"EmptyFist","floor":10.0,"key":"SMITH"},{"data":"Brilliance","floor":12.0,"key":"SMITH"},{"data":"Prostrate","floor":15.0,"key":"SMITH"},{"data":"Brilliance","floor":23.0,"key":"SMITH"},{"data":"Collect","floor":25.0,"key":"SMITH"},{"floor":32.0,"key":"REST"},{"floor":40.0,"key":"REST"},{"floor":46.0,"key":"REST"},{"data":"Meditate","floor":49.0,"key":"SMITH"}],"circlet_count":0,"master_deck":["AscendersBane","Strike_P+1","Defend_P","Defend_P","Defend_P","Defend_P","Eruption","Vigilance+1","Worship+1","CrushJoints+1","FollowUp","Brilliance+1","EmptyFist+1","Protect","Protect","Prostrate+1","Brilliance+1","Collect+1","Injury","Swivel","Vault","DevaForm","ForeignInfluence+1","LikeWater+1","MentalFortress+1","LikeWater","Fasting2+1","Worship","Vault","Meditate+1","SandsOfTime+1","Meditate"],"relics":["Cursed Key","Pear","TeardropLocket","Calipers","Sundial","Snecko Eye","Bag of Preparation","Unceasing Top","Question Card","Astrolabe","Red Mask","Whetstone","Vajra"],"acts_visited":["Exordium","TheCity","TheBeyond"],"potions_floor_usage":[50,50,50],"damage_taken":[{"damage":0.0,"enemies":"Small Slimes","floor":1.0,"turns":4.0},{"damage":4.0,"enemies":"Jaw Worm","floor":2.0,"turns":6.0},{"damage":0.0,"enemies":"2 Louse","floor":4.0,"turns":2.0},{"damage":0.0,"enemies":"2 Fungi Beasts","floor":5.0,"turns":3.0},{"damage":3.0,"enemies":"Lagavulin","floor":8.0,"turns":5.0},{"damage":0.0,"enemies":"Gremlin Nob","floor":11.0,"turns":3.0},{"damage":0.0,"enemies":"Lagavulin","floor":13.0,"turns":5.0},{"damage":9.0,"enemies":"Lots of Slimes","floor":14.0,"turns":4.0},{"damage":3.0,"enemies":"The Guardian","floor":16.0,"turns":7.0},{"damage":12.0,"enemies":"Shell Parasite","floor":18.0,"turns":5.0},{"damage":17.0,"enemies":"2 Thieves","floor":19.0,"turns":4.0},{"damage":0.0,"enemies":"Sentry and Sphere","floor":20.0,"turns":5.0},{"damage":4.0,"enemies":"Book of Stabbing","floor":24.0,"turns":3.0},{"damage":2.0,"enemies":"Centurion and Healer","floor":27.0,"turns":6.0},{"damage":13.0,"enemies":"Snake Plant","floor":28.0,"turns":5.0},{"damage":1.0,"enemies":"Snecko","floor":29.0,"turns":4.0},{"damage":0.0,"enemies":"Gremlin Leader","floor":31.0,"turns":1.0},{"damage":53.0,"enemies":"Collector","floor":33.0,"turns":8.0},{"damage":0.0,"enemies":"Orb Walker","floor":35.0,"turns":3.0},{"damage":6.0,"enemies":"3 Shapes","floor":36.0,"turns":4.0},{"damage":24.0,"enemies":"3 Darklings","floor":37.0,"turns":8.0},{"damage":0.0,"enemies":"Maw","floor":38.0,"turns":6.0},{"damage":4.0,"enemies":"Writhing Mass","floor":42.0,"turns":9.0},{"damage":0.0,"enemies":"Nemesis","floor":44.0,"turns":7.0},{"damage":0.0,"enemies":"Reptomancer","floor":47.0,"turns":4.0},{"damage":29,"enemies":"Time Eater","floor":50,"turns":7}],"seed_played":"-1251612863101644793","potions_obtained":[{"floor":4.0,"key":"Swift Potion"},{"floor":11.0,"key":"Dexterity Potion"},{"floor":19.0,"key":"BlessingOfTheForge"},{"floor":27.0,"key":"SpeedPotion"},{"floor":29.0,"key":"DuplicationPotion"},{"floor":31.0,"key":"DistilledChaos"},{"floor":42.0,"key":"EntropicBrew"}],"is_trial":false,"path_per_floor":["M","M","?","M","M","R","?","E","T","R","E","R","E","M","R","B",null,"M","M","M","?","$","R","E","R","T","M","M","M","$","E","R","B",null,"M","M","M","M","$","R","?","M","T","E","$","R","E","$","R","B",null],"character_chosen":"WATCHER","items_purchased":["Bag of Preparation","FairyPotion","Vault","PowerPotion"],"campfire_rested":4,"item_purchase_floors":[22,22,39,39],"current_hp_per_floor":[61,57,37,37,37,57,57,64,64,64,64,64,64,55,55,52,72,60,43,43,43,43,43,39,39,39,37,24,23,23,23,46,23,64,64,58,34,34,34,57,57,53,53,53,53,76,76,76,76,47],"gold":78,"neow_bonus":"BOSS_RELIC","is_daily":false,"chose_seed":false,"campfire_upgraded":6,"win_rate":0.0,"timestamp":1608372529,"path_taken":["M","M","?","M","M","R","?","E","T","R","E","R","E","M","R","BOSS","M","M","M","?","$","R","E","R","T","M","M","M","$","E","R","BOSS","M","M","M","M","$","R","?","M","T","E","$","R","E","$","R","BOSS"],"items_purchased_type":["Relic","Potion","Card","Potion"],"build_version":"2020-12-13","purchased_purges":1,"victory":true,"max_hp_per_floor":[68,68,68,68,68,68,68,78,78,78,78,78,78,78,78,78,78,78,78,78,78,78,78,78,78,78,78,78,78,78,78,78,78,78,78,78,78,78,78,78,78,78,78,78,78,78,78,78,78,78],"relic_stats":{"counters":[26,128],"Sundial":[12],"Astrolabe":["ForeignInfluence","LikeWater","MentalFortress"],"Snecko Eye":[122,148,155,133],"Bag of Preparation":[28],"Whetstone":["Strike_P","SandsOfTime"],"Cursed Key":2,"Question Card":12,"obtain_stats":[{"Pear":8,"Calipers":11,"Astrolabe":34,"Vajra":47,"Bag of Preparation":22,"TeardropLocket":9,"Whetstone":44,"Cursed Key":0,"Question Card":26,"Sundial":13,"Snecko Eye":17,"Red Mask":41,"PureWater":0,"Unceasing Top":24},{"Pear":5,"Calipers":6,"Astrolabe":18,"Vajra":25,"Bag of Preparation":12,"TeardropLocket":5,"Whetstone":24,"Cursed Key":0,"Question Card":13,"Sundial":7,"Snecko Eye":9,"Red Mask":22,"PureWater":0,"Unceasing Top":13},{"Pear":20,"Calipers":23,"Astrolabe":80,"Vajra":121,"Bag of Preparation":53,"TeardropLocket":20,"Whetstone":117,"Cursed Key":0,"Question Card":56,"Sundial":28,"Snecko Eye":39,"Red Mask":101,"PureWater":0,"Unceasing Top":56}],"Unceasing Top":[0]},"card_choices":[{"not_picked":["ThirdEye","EmptyBody"],"picked":"Worship","floor":1.0},{"not_picked":["Collect","Evaluate"],"picked":"CrushJoints","floor":2.0},{"not_picked":["EmptyMind","ThirdEye"],"picked":"FollowUp","floor":4.0},{"not_picked":["WreathOfFlame","Pray"],"picked":"Brilliance","floor":5.0},{"not_picked":["ClearTheMind","DeceiveReality"],"picked":"EmptyFist","floor":8.0},{"not_picked":["EmptyBody","Perseverance"],"picked":"Protect","floor":11.0},{"not_picked":["JustLucky","MentalFortress"],"picked":"Protect","floor":13.0},{"not_picked":["Wallop","Protect"],"picked":"Prostrate","floor":14.0},{"not_picked":["Wish","Devotion"],"picked":"Brilliance","floor":16.0},{"not_picked":["ClearTheMind","FlurryOfBlows","ThirdEye"],"picked":"SKIP","floor":18.0},{"not_picked":["FlyingSleeves","Evaluate"],"picked":"Collect","floor":19.0},{"not_picked":["CrushJoints","EmptyFist","JustLucky"],"picked":"SKIP","floor":20.0},{"not_picked":["CutThroughFate","PathToVictory+1","DeusExMachina"],"picked":"SKIP","floor":24.0},{"not_picked":["FearNoEvil","Vengeance","FlurryOfBlows"],"picked":"Swivel","floor":27.0},{"not_picked":["CrushJoints","FlurryOfBlows","LikeWater","FlyingSleeves"],"picked":"SKIP","floor":28.0},{"not_picked":["Conclude","Sanctity","EmptyBody","PathToVictory"],"picked":"SKIP","floor":29.0},{"not_picked":["FollowUp","FlurryOfBlows","CrushJoints"],"picked":"Vault","floor":31.0},{"not_picked":["Judgement","Brilliance","SpiritShield"],"picked":"DevaForm","floor":33.0},{"not_picked":["MentalFortress","EmptyBody","BowlingBash"],"picked":"LikeWater","floor":35.0},{"not_picked":["FollowUp+1","JustLucky","FlyingSleeves+1","ClearTheMind"],"picked":"SKIP","floor":36.0},{"not_picked":["Wallop","Consecrate","FlyingSleeves+1"],"picked":"Fasting2+1","floor":37.0},{"not_picked":["FlurryOfBlows","JustLucky","Wallop"],"picked":"Worship","floor":38.0},{"not_picked":["PathToVictory+1","ReachHeaven+1","CutThroughFate"],"picked":"Meditate","floor":42.0},{"not_picked":["Worship","Tantrum","CrushJoints"],"picked":"SandsOfTime","floor":44.0},{"not_picked":["ThirdEye","FollowUp+1","Alpha"],"picked":"Meditate","floor":47.0}],"player_experience":2123624,"relics_obtained":[{"floor":8.0,"key":"Pear"},{"floor":9.0,"key":"TeardropLocket"},{"floor":11.0,"key":"Calipers"},{"floor":13.0,"key":"Sundial"},{"floor":24.0,"key":"Unceasing Top"},{"floor":26.0,"key":"Question Card"},{"floor":44.0,"key":"Whetstone"},{"floor":47.0,"key":"Vajra"}],"event_choices":[{"damage_healed":0.0,"max_hp_gain":0.0,"max_hp_loss":0.0,"gold_gain":0.0,"event_name":"Shining Light","player_choice":"Entered Light","floor":3.0,"gold_loss":0.0,"damage_taken":20.0,"cards_upgraded":["Vigilance","Worship"]},{"damage_healed":0.0,"max_hp_gain":0.0,"max_hp_loss":0.0,"gold_gain":0.0,"event_name":"Living Wall","player_choice":"Grow","floor":7.0,"gold_loss":0.0,"damage_taken":0.0,"cards_upgraded":["CrushJoints"]},{"damage_healed":0.0,"max_hp_gain":0.0,"max_hp_loss":0.0,"gold_gain":0.0,"event_name":"Beggar","player_choice":"Ignored","floor":21.0,"gold_loss":0.0,"damage_taken":0.0},{"damage_healed":0.0,"max_hp_gain":0.0,"max_hp_loss":0.0,"gold_gain":0.0,"event_name":"Tomb of Lord Red Mask","player_choice":"Paid","floor":41.0,"gold_loss":15.0,"damage_taken":0.0,"relics_obtained":["Red Mask"]}],"is_beta":false,"boss_relics":[{"not_picked":["Velvet Choker","Busted Crown"],"picked":"Snecko Eye"},{"not_picked":["Fusion Hammer","Sozu"],"picked":"Astrolabe"}],"items_purged_floors":[30],"is_endless":false,"potions_floor_spawned":[4,11,19,27,29,31,42,44],"ascension_level":18}}