{"host":"4amcrcg6ktw8dbzk","time":1608349722,"event":{"mods":["BaseMod","Dota2Spire","Minty Spire (QoL Compilation)","MostiFishMod","Spicy Shops","StSLib","Waifu the Spire"],"gold_per_floor":[112,112,37,52,72,99,111,141,168,168,188,188,188,224,224,348,348,367,367,265,301,321,321,365,464,464,487,520,520,554,577,577,700,700,725,744,126,140,140,174,174,507,507,539,212,230,242,275,275,275],"floor_reached":51,"playtime":1967,"items_purged":["Defend_P","Eruption","MostiFishMod:Pointsdynamics","Strike_P","Strike_P"],"score":1934,"play_id":"2faa56af-d591-4fe1-8ca0-9d35f1e75b73","local_time":"20201219114842","is_ascension_mode":true,"campfire_choices":[{"data":"SignatureMove","floor":15.0,"key":"SMITH"},{"data":"Collect","floor":23.0,"key":"SMITH"},{"data":"Crescendo","floor":29.0,"key":"SMITH"},{"data":"Adaptation","floor":32.0,"key":"SMITH"},{"data":"Panacea","floor":41,"key":"SMITH"},{"data":"MostiFishMod:PerfectForm","floor":49,"key":"SMITH"}],"circlet_count":0,"master_deck":["Strike_P","Defend_P","Defend_P","Eruption","Vigilance","MentalFortress","MostiFishMod:Speedup","ReachHeaven","Perseverance","Collect+1","Prostrate","SignatureMove+1","Adaptation+1","Crescendo+1","ConjureBlade","BowlingBash","FlurryOfBlows","EmptyMind+1","MostiFishMod:KamiSmash","MostiFishMod:Unraveling","Omniscience","ClearTheMind+1","MostiFishMod:PerfectForm+1","Panacea+1","Wallop"],"relics":["PureWater","DaveBox","OneHitWonderSystem","Question Card","Dota2Spire:PhaseBoots","Damaru","Incense Burner","Letter Opener","Art of War","ImportantClient","Jackal-EndForJourney","Red Mask","Bird Faced Urn","Dota2Spire:CrimsonGuard","White Beast Statue","Dota2Spire:OctarineCore","RhineSuit","Matryoshka","Dota2Spire:Mjollnir","Kunai","Dota2Spire:BattleFury","Dota2Spire:Desolator","Dota2Spire:BlackKingBar"],"acts_visited":["Exordium","TheCity","TheBeyond"],"potions_floor_usage":[],"damage_taken":[{"damage":0.0,"enemies":"2 Louse","floor":1.0,"turns":3.0},{"damage":0.0,"enemies":"Cultist","floor":4.0,"turns":3.0},{"damage":0.0,"enemies":"Jaw Worm","floor":5.0,"turns":2.0},{"damage":0.0,"enemies":"Gremlin Nob","floor":6.0,"turns":3.0},{"damage":0.0,"enemies":"Large Slime","floor":7.0,"turns":2.0},{"damage":0.0,"enemies":"Lagavulin","floor":8.0,"turns":5.0},{"damage":0.0,"enemies":"Blue Slaver","floor":11.0,"turns":3.0},{"damage":0.0,"enemies":"3 Sentries","floor":14.0,"turns":6.0},{"damage":0.0,"enemies":"Hexaghost","floor":16.0,"turns":5.0},{"damage":0.0,"enemies":"2 Thieves","floor":18.0,"turns":3.0},{"damage":0.0,"enemies":"Masked Bandits","floor":21.0,"turns":3.0},{"damage":0.0,"enemies":"3 Byrds","floor":22.0,"turns":4.0},{"damage":0.0,"enemies":"Slavers","floor":24.0,"turns":6.0},{"damage":0.0,"enemies":"Centurion and Healer","floor":27.0,"turns":6.0},{"damage":0.0,"enemies":"Gremlin Leader","floor":28.0,"turns":4.0},{"damage":0.0,"enemies":"Slavers","floor":30.0,"turns":4.0},{"damage":0.0,"enemies":"Cultist and Chosen","floor":31.0,"turns":3.0},{"damage":0.0,"enemies":"Automaton","floor":33.0,"turns":5.0},{"damage":0.0,"enemies":"3 Shapes","floor":35.0,"turns":3.0},{"damage":0.0,"enemies":"Orb Walker","floor":36.0,"turns":4.0},{"damage":0,"enemies":"3 Darklings","floor":38,"turns":3},{"damage":0,"enemies":"Reptomancer","floor":40,"turns":3},{"damage":0,"enemies":"Giant Head","floor":44,"turns":3},{"damage":0,"enemies":"Maw","floor":46,"turns":3},{"damage":0,"enemies":"Sphere and 2 Shapes","floor":47,"turns":3},{"damage":0,"enemies":"Nemesis","floor":48,"turns":6},{"damage":0,"enemies":"Awakened One","floor":50,"turns":4}],"seed_played":"-6522780141276574806","potions_obtained":[{"floor":1.0,"key":"SneckoOil"},{"floor":8.0,"key":"DistilledChaos"},{"floor":11.0,"key":"PowerPotion"},{"floor":28.0,"key":"StancePotion"},{"floor":44,"key":"BottledMiracle"}],"is_trial":false,"path_per_floor":["M","?","$","M","M","E","M","E","T","T","M","T","?","E","R","B",null,"M","?","$","?","M","R","E","?","T","M","E","R","E","M","R","B",null,"M","M","$","M","?","E","R","?","T","E","$","M","M","E","R","B",null],"character_chosen":"WATCHER","items_purchased":["BowlingBash","MostiFishMod:PerfectForm","Matryoshka","Wallop"],"campfire_rested":0,"item_purchase_floors":[20,37,37,45],"current_hp_per_floor":[1,1,1,1,1,1,1,1,1,1,1,1,1,1,1,1,1,1,1,1,1,1,1,1,1,1,1,1,1,1,1,1,1,1,1,1,1,1,1,1,1,1,1,1,1,1,1,1,1,1],"gold":275,"neow_bonus":"TRANSFORM_CARD","is_daily":false,"chose_seed":false,"campfire_upgraded":6,"win_rate":0.0,"timestamp":1608349722,"path_taken":["M","?","$","M","?","E","M","E","T","?","M","?","?","E","R","BOSS","M","?","$","?","M","R","E","?","T","M","E","R","E","M","R","BOSS","M","M","$","M","?","E","R","?","T","E","?","?","M","E","R","BOSS"],"items_purchased_type":["Card","Card","Relic","Card"],"build_version":"2020-12-13","purchased_purges":5,"victory":true,"max_hp_per_floor":[1,1,1,1,1,1,1,1,1,1,1,1,1,1,1,1,1,1,1,1,1,1,1,1,1,1,1,1,1,1,1,1,1,1,1,1,1,1,1,1,1,1,1,1,1,1,1,1,1,1],"card_choices":[{"not_picked":["Protect","Crescendo"],"picked":"MostiFishMod:Speedup","floor":1.0},{"not_picked":["Protect","DeceiveReality","CarveReality"],"picked":"ReachHeaven","floor":4.0},{"not_picked":["BattleHymn","EmptyMind","PathToVictory"],"picked":"Perseverance","floor":5.0},{"not_picked":["JustLucky","WaveOfTheHand","Halt"],"picked":"Collect","floor":6.0},{"not_picked":["Evaluate","CrushJoints","Pray"],"picked":"Prostrate","floor":7.0},{"not_picked":["Study","ClearTheMind","Tantrum"],"picked":"SignatureMove","floor":8.0},{"not_picked":["Collect","PathToVictory","BowlingBash"],"picked":"Adaptation","floor":11.0},{"not_picked":["LikeWater","SandsOfTime","Halt"],"picked":"Crescendo","floor":14.0},{"not_picked":["Devotion","MostiFishMod:StarWish","Scrawl"],"picked":"ConjureBlade","floor":16.0},{"not_picked":["Indignation","Halt+1","WreathOfFlame","WaveOfTheHand"],"picked":"SKIP","floor":18.0},{"not_picked":["Conclude+1","Meditate+1","EmptyBody"],"picked":"FlurryOfBlows","floor":21.0},{"not_picked":["CutThroughFate","Adaptation","EmptyFist"],"picked":"EmptyMind+1","floor":22.0},{"not_picked":["ReachHeaven+1","BattleHymn+1","JustLucky+1"],"picked":"MostiFishMod:Pointsdynamics","floor":24.0},{"not_picked":["BowlingBash","MentalFortress","Evaluate+1","CutThroughFate"],"picked":"SKIP","floor":27.0},{"not_picked":["Protect","MostiFishMod:Clarity","SignatureMove"],"picked":"MostiFishMod:KamiSmash","floor":28.0},{"not_picked":["ThirdEye","Adaptation","EmptyFist+1"],"picked":"MostiFishMod:Unraveling","floor":30.0},{"not_picked":["Halt","FlyingSleeves+1","PathToVictory+1","Prostrate"],"picked":"SKIP","floor":31.0},{"not_picked":["MostiFishMod:StarLaLaLa","MostiFishMod:MemoryFragments","MostiFishMod:Moonprays"],"picked":"Omniscience","floor":33.0},{"not_picked":["FearNoEvil+1","Weave","FlurryOfBlows+1","SignatureMove"],"picked":"SKIP","floor":35.0},{"not_picked":["Adaptation","PathToVictory+1","FlyingSleeves"],"picked":"ClearTheMind+1","floor":36.0},{"not_picked":["EmptyFist","MentalFortress+1","CrushJoints+1","Protect+1"],"picked":"SKIP","floor":38},{"not_picked":["Purity","MostiFishMod:NightSea","MostiFishMod:Kaleido"],"picked":"Panacea","floor":39},{"not_picked":["FlurryOfBlows","JustLucky","CutThroughFate+1","PathToVictory"],"picked":"SKIP","floor":40},{"not_picked":["Consecrate","Weave","BowlingBash+1","Prostrate+1"],"picked":"SKIP","floor":44},{"not_picked":["Study+1","ThirdEye+1","EmptyBody","EmptyFist+1"],"picked":"SKIP","floor":46},{"not_picked":["Vengeance","Adaptation","PathToVictory","SignatureMove"],"picked":"SKIP","floor":47},{"not_picked":["Consecrate","CutThroughFate+1","EmptyFist","MentalFortress"],"picked":"SKIP","floor":48}],"player_experience":272213,"relics_obtained":[{"floor":1.0,"key":"Question Card"},{"floor":6.0,"key":"Dota2Spire:PhaseBoots"},{"floor":8.0,"key":"Damaru"},{"floor":10.0,"key":"Incense Burner"},{"floor":12.0,"key":"Letter Opener"},{"floor":14.0,"key":"Art of War"},{"floor":16.0,"key":"ImportantClient"},{"floor":21.0,"key":"Red Mask"},{"floor":24.0,"key":"Bird Faced Urn"},{"floor":26.0,"key":"Dota2Spire:CrimsonGuard"},{"floor":28.0,"key":"White Beast Statue"},{"floor":30.0,"key":"Dota2Spire:OctarineCore"},{"floor":40,"key":"Dota2Spire:Mjollnir"},{"floor":43,"key":"Kunai"},{"floor":43,"key":"Dota2Spire:BattleFury"},{"floor":44,"key":"Dota2Spire:Desolator"},{"floor":48,"key":"Dota2Spire:BlackKingBar"}],"event_choices":[{"cards_removed":["Defend_P"],"damage_healed":0.0,"max_hp_gain":0.0,"max_hp_loss":0.0,"gold_gain":0.0,"event_name":"Purifier","player_choice":"Purged","floor":2.0,"gold_loss":0.0,"damage_taken":0.0},{"damage_healed":0.0,"max_hp_gain":0.0,"max_hp_loss":0.0,"gold_gain":0.0,"event_name":"Golden Idol","player_choice":"Take Damage","floor":13.0,"gold_loss":0.0,"damage_taken":0.0,"relics_obtained":["Golden Idol"]},{"damage_healed":0.0,"max_hp_gain":0.0,"max_hp_loss":0.0,"gold_gain":0.0,"event_name":"The Mausoleum","player_choice":"Ignored","floor":19.0,"gold_loss":0.0,"damage_taken":0.0},{"damage_healed":0.0,"max_hp_gain":0.0,"max_hp_loss":0.0,"gold_gain":0.0,"event_name":"Masked Bandits","player_choice":"Fought Bandits","floor":21.0,"gold_loss":0.0,"damage_taken":0.0},{"damage_healed":0.0,"max_hp_gain":0.0,"max_hp_loss":0.0,"gold_gain":99.0,"event_name":"Nest","player_choice":"Stole From Cult","floor":25.0,"gold_loss":0.0,"damage_taken":0.0},{"damage_healed":0,"gold_gain":0,"player_choice":"Memory 1","damage_taken":0,"max_hp_gain":0,"max_hp_loss":0,"event_name":"SensoryStone","floor":39,"gold_loss":0},{"damage_healed":0,"gold_gain":333,"player_choice":"Gave Idol","damage_taken":0,"max_hp_gain":0,"max_hp_loss":0,"event_name":"The Moai Head","floor":42,"relics_lost":["Golden Idol"],"gold_loss":0}],"is_beta":false,"boss_relics":[{"not_picked":["Dota2Spire:Bloodstone","SacredBark"],"picked":"Jackal-EndForJourney"},{"not_picked":["TakeMeEscape","Coffee Dripper"],"picked":"RhineSuit"}],"items_purged_floors":[3,20,37,45,45],"is_endless":false,"potions_floor_spawned":[1,8,11,16,24,28,30,31,33,35,36,38,40,44,46,47,48],"ascension_level":9}}