{"host":"m3rs92yjkwi06hli","time":1608336882,"event":{"mods":["Act Like it!","Aspiration","BaseMod","Colored Map","Conspire","Defuse TimeMaze Blight","Energized Spire","Hubris","Infinite Spire","Minty Spire (QoL Compilation)","Relic Stats","Replay The Spire","Spicy Shops","StSLib","The Blackbeard"],"gold_per_floor":[113,130,146,146,166,166,201,201,201,276,276,276,309,309,309,321,321,421,421,435,447,447,461,461,486,486,496,523,523,216,216,232,251,251,349,349,365,379,379,379,379,379,379,379,379,393,403,432,432,443,443,443,443,443],"floor_reached":52,"playtime":2471,"items_purged":[],"score":639,"play_id":"d474bd07-e1f6-4ab3-9301-5a8bded41d02","local_time":"20201218181442","is_ascension_mode":true,"campfire_choices":[{"data":"blackbeard:Shrapnel","floor":6,"key":"SMITH"},{"data":"blackbeard:CannonBarrage","floor":8,"key":"SMITH"},{"data":"infinitespire:FinalStrike","floor":12,"key":"SMITH"},{"data":"blackbeard:FieryDefense","floor":17,"key":"SMITH"},{"floor":26,"key":"REST"},{"floor":29,"key":"REST"},{"data":"blackbeard:PiratesWill","floor":31,"key":"SMITH"},{"floor":34,"key":"REST"},{"data":"blackbeard:TheDrunkenSailor","floor":42,"key":"SMITH"},{"data":"blackbeard:PirateStrength","floor":44,"key":"SMITH"},{"data":"blackbeard:PirateStrength","floor":49,"key":"SMITH"},{"data":"blackbeard:SmithingHammer","floor":51,"key":"SMITH"}],"circlet_count":0,"master_deck":["blackbeard:BlackbeardStrike","blackbeard:BlackbeardStrike","blackbeard:BlackbeardStrike","blackbeard:BlackbeardStrike","blackbeard:IntimidatingStrike","blackbeard:BlackbeardDefend","blackbeard:BlackbeardDefend","blackbeard:BlackbeardDefend","blackbeard:BlackbeardDefend+1","blackbeard:Cutlass+1","blackbeard:Shrapnel+1","blackbeard:FieryDefense+1","infinitespire:FinalStrike+1","blackbeard:PiratesWill+1","blackbeard:CannonBarrage+1","blackbeard:Spear","blackbeard:PirateStrength+1","blackbeard:CloakAndCannonball+1","blackbeard:Sword","blackbeard:PiratesWill+1","blackbeard:BlackbeardStrike","blackbeard:BlackbeardStrike","blackbeard:BlackbeardStrike","blackbeard:BlackbeardStrike","blackbeard:IntimidatingStrike","blackbeard:BlackbeardDefend","blackbeard:BlackbeardDefend","blackbeard:BlackbeardDefend","blackbeard:BlackbeardDefend","blackbeard:Cutlass+1","blackbeard:Shrapnel+1","blackbeard:FieryDefense+1","infinitespire:FinalStrike+1","blackbeard:PiratesWill","blackbeard:CannonBarrage+1","blackbeard:Spear","blackbeard:PirateStrength+1","blackbeard:CloakAndCannonball","blackbeard:Sword","blackbeard:PiratesWill+1","blackbeard:SmithingHammer+1","blackbeard:CloakAndCannonball","blackbeard:SmithingHammer+1","blackbeard:Shrapnel+1","blackbeard:TheDrunkenSailor+1","blackbeard:Rum+1","blackbeard:ChaoticDefense+1","blackbeard:RearmingStrike+1","blackbeard:FieryDefense+1"],"relics":["blackbeard:LoadTheCannons","aspiration:ChemicalBlood","conspire:BottledYoYo","Singing Bowl","SacredBark","blackbeard:LoadTheGoldenCannons","hubris:HerbalPaste","War Paint","blackbeard:WhitePearl","Bag of Preparation","hubris:HerbalPaste","hubris:TerracottaHorce","hubris:Zylophone","energizedSpire:NeverEndingSparkler","Eternal Feather","Strawberry"],"acts_visited":["Exordium","TheCity","TheBeyond"],"potions_floor_usage":[2,16,20,23,27,52,52,52,52,52],"damage_taken":[{"damage":0,"enemies":"2 Louse","floor":1,"turns":2},{"damage":2,"enemies":"Small Slimes","floor":2,"turns":2},{"damage":0,"enemies":"Cultist","floor":3,"turns":3},{"damage":4,"enemies":"conspire:2 RoseBushes","floor":5,"turns":3},{"damage":8,"enemies":"3 Sentries","floor":7,"turns":5},{"damage":5,"enemies":"Gremlin Nob","floor":13,"turns":3},{"damage":0,"enemies":"Lots of Slimes","floor":16,"turns":2},{"damage":43,"enemies":"Hexaghost","floor":18,"turns":7},{"damage":20,"enemies":"3 Byrds","floor":20,"turns":5},{"damage":3,"enemies":"2 Thieves","floor":21,"turns":3},{"damage":17,"enemies":"Shelled Parasite and Fungi","floor":23,"turns":3},{"damage":17,"enemies":"conspire:Head Lice","floor":25,"turns":5},{"damage":17,"enemies":"Snecko","floor":27,"turns":5},{"damage":0,"enemies":"Cultist and Chosen","floor":32,"turns":4},{"damage":29,"enemies":"conspire:HollyBat","floor":33,"turns":9},{"damage":71,"enemies":"Automaton","floor":35,"turns":7},{"damage":24,"enemies":"3 Darklings","floor":37,"turns":5},{"damage":5,"enemies":"3 Shapes","floor":38,"turns":5},{"damage":5,"enemies":"Spire Growth","floor":46,"turns":4},{"damage":12,"enemies":"4 Shapes","floor":47,"turns":4},{"damage":62,"enemies":"Nemesis","floor":48,"turns":7},{"damage":0,"enemies":"Sphere and 2 Shapes","floor":50,"turns":2},{"damage":96,"enemies":"infinitespire:MassOfShapes","floor":52,"turns":7}],"seed_played":"-1035857928820841944","potions_obtained":[{"floor":1,"key":"Explosive Potion"},{"floor":5,"key":"SkillPotion"},{"floor":7,"key":"LiquidMemories"},{"floor":16,"key":"ColorlessPotion"},{"floor":20,"key":"Strength Potion"},{"floor":35,"key":"Dexterity Potion"},{"floor":48,"key":"PowerPotion"}],"is_trial":false,"path_per_floor":["M","M","M","?","M","R","E","R","T","?","?","R","E","PTL","PTL","M","R","B",null,"M","M","AVR","M","?","E","R","M","T","R","$","R","M","M","R","B",null,"M","M","AVR","?","?","R","?","R","T","M","M","E","R","M","R","B"],"character_chosen":"BLACKBEARD_CLASS","items_purchased":["Bag of Preparation","hubris:HerbalPaste"],"campfire_rested":3,"item_purchase_floors":[30,30],"current_hp_per_floor":[75,73,73,54,50,50,42,42,42,31,75,75,72,72,72,72,72,29,77,57,54,54,42,42,31,54,43,43,66,66,66,77,48,71,9,60,54,69,69,69,77,77,77,77,77,76,76,39,66,74,88,0,0,0],"gold":443,"neow_bonus":"UPGRADE_CARD","is_daily":false,"chose_seed":false,"campfire_upgraded":9,"win_rate":0.0,"timestamp":1608336882,"path_taken":["M","M","M","?","M","R","E","R","T","?","?","R","E","PTL","PTL","?","R","BOSS","M","M","AVR","M","?","E","R","M","T","R","$","R","M","?","R","BOSS","M","?","AVR","?","?","R","?","R","T","M","M","E","R","?","R","BOSS"],"items_purchased_type":["Relic","Relic"],"build_version":"2020-12-13","purchased_purges":0,"victory":false,"max_hp_per_floor":[75,75,75,75,75,75,75,75,75,75,75,75,77,77,77,77,77,77,77,77,77,77,77,77,77,77,77,77,77,77,77,77,77,77,77,77,77,79,79,79,79,79,79,79,79,79,79,86,86,88,88,88,88,88],"relic_stats":{"Singing Bowl":6,"counters":[23,102],"Eternal Feather":41,"Bag of Preparation":[20],"War Paint":["blackbeard:BlackbeardDefend","blackbeard:CloakAndCannonball"],"obtain_stats":[{"Singing Bowl":13,"blackbeard:LoadTheCannons":0,"SacredBark":19,"Eternal Feather":45,"Bag of Preparation":30,"blackbeard:WhitePearl":28,"War Paint":25,"blackbeard:LoadTheGoldenCannons":22,"hubris:TerracottaHorce":36,"hubris:Zylophone":39,"hubris:HerbalPaste":22,"energizedSpire:NeverEndingSparkler":39,"Strawberry":48,"conspire:BottledYoYo":9,"aspiration:ChemicalBlood":7},{"Singing Bowl":6,"blackbeard:LoadTheCannons":0,"SacredBark":8,"Eternal Feather":18,"Bag of Preparation":13,"blackbeard:WhitePearl":13,"War Paint":12,"blackbeard:LoadTheGoldenCannons":10,"hubris:TerracottaHorce":16,"hubris:Zylophone":18,"hubris:HerbalPaste":10,"energizedSpire:NeverEndingSparkler":18,"Strawberry":21,"conspire:BottledYoYo":5,"aspiration:ChemicalBlood":5},{"Singing Bowl":18,"blackbeard:LoadTheCannons":0,"SacredBark":27,"Eternal Feather":78,"Bag of Preparation":48,"blackbeard:WhitePearl":48,"War Paint":43,"blackbeard:LoadTheGoldenCannons":35,"hubris:TerracottaHorce":68,"hubris:Zylophone":78,"hubris:HerbalPaste":35,"energizedSpire:NeverEndingSparkler":78,"Strawberry":93,"conspire:BottledYoYo":15,"aspiration:ChemicalBlood":15}]},"card_choices":[{"not_picked":["blackbeard:GoldenCannonball","blackbeard:DeadlyArsenal"],"picked":"blackbeard:Shrapnel","floor":1},{"not_picked":["blackbeard:BeatUp","blackbeard:DangerousBlow"],"picked":"blackbeard:FieryDefense","floor":2},{"not_picked":["blackbeard:Scrap","blackbeard:DangerousBlow"],"picked":"blackbeard:JollyRoger","floor":3},{"not_picked":["infinitespire:DeathsTouch","infinitespire:SealOfDarkness+"],"picked":"infinitespire:FinalStrike","floor":4},{"not_picked":["blackbeard:BuriedTreasure","blackbeard:TacticalRetreat"],"picked":"blackbeard:PiratesWill","floor":5},{"not_picked":["blackbeard:Sword","blackbeard:FinalBarrage"],"picked":"blackbeard:CannonBarrage","floor":7},{"not_picked":["blackbeard:PirateHook","blackbeard:DoubleBottom","blackbeard:TerrorOfTheSeas"],"picked":"Singing Bowl","floor":13},{"not_picked":["blackbeard:DeadlyArsenal","blackbeard:GoldenDefense"],"picked":"blackbeard:Spear","floor":16},{"not_picked":["blackbeard:TheDrunkenSailor","blackbeard:PowerHungry"],"picked":"blackbeard:PirateStrength","floor":18},{"not_picked":["blackbeard:Sword","blackbeard:Boarding"],"picked":"blackbeard:CloakAndCannonball","floor":20},{"not_picked":["blackbeard:Spear","blackbeard:Recklessness"],"picked":"blackbeard:Sword","floor":21},{"not_picked":["blackbeard:Sword","blackbeard:BrownPants"],"picked":"blackbeard:PiratesWill+1","floor":23},{"not_picked":["blackbeard:WeaponMastery","blackbeard:TerrorOfTheSeas+1"],"picked":"blackbeard:SmithingHammer","floor":25},{"not_picked":["blackbeard:SwordDance","blackbeard:Shrapnel+1"],"picked":"blackbeard:CloakAndCannonball","floor":27},{"not_picked":["blackbeard:DelayedPain","blackbeard:DeadlyArsenal"],"picked":"blackbeard:SmithingHammer+1","floor":32},{"not_picked":["blackbeard:DeadlyArsenal","blackbeard:Fencing"],"picked":"blackbeard:Shrapnel+1","floor":33},{"not_picked":["blackbeard:Parrot","blackbeard:PowerHungry"],"picked":"blackbeard:TheDrunkenSailor","floor":35},{"not_picked":["blackbeard:Sword+1","blackbeard:Revenge"],"picked":"blackbeard:Rum+1","floor":37},{"not_picked":["blackbeard:Dagger+1","blackbeard:Revenge+1","blackbeard:Sharpening+1"],"picked":"Singing Bowl","floor":38},{"not_picked":["blackbeard:Dagger","blackbeard:Boarding+1"],"picked":"blackbeard:ChaoticDefense+1","floor":46},{"not_picked":["blackbeard:Sharpening+1","blackbeard:Fencing+1"],"picked":"blackbeard:RearmingStrike+1","floor":47},{"not_picked":["blackbeard:PirateHook","blackbeard:PiratesWill"],"picked":"blackbeard:FieryDefense+1","floor":48},{"not_picked":["blackbeard:GoldenStrike","blackbeard:Fencing+1","blackbeard:Dagger+1"],"picked":"Singing Bowl","floor":50}],"player_experience":764377,"relics_obtained":[{"floor":7,"key":"aspiration:ChemicalBlood"},{"floor":9,"key":"conspire:BottledYoYo"},{"floor":13,"key":"Singing Bowl"},{"floor":25,"key":"War Paint"},{"floor":28,"key":"blackbeard:WhitePearl"},{"floor":45,"key":"Eternal Feather"},{"floor":48,"key":"Strawberry"}],"event_choices":[{"damage_healed":0,"gold_gain":75,"player_choice":"Gather Gold","damage_taken":11,"max_hp_gain":0,"max_hp_loss":0,"event_name":"World of Goop","floor":10,"gold_loss":0},{"cards_removed":["blackbeard:JollyRoger"],"damage_healed":44,"gold_gain":0,"player_choice":"Offered Uncommon","damage_taken":0,"max_hp_gain":0,"max_hp_loss":0,"event_name":"Bonfire Elementals","floor":11,"gold_loss":0},{"damage_healed":0,"gold_gain":0,"player_choice":"Ignored","damage_taken":0,"max_hp_gain":0,"max_hp_loss":0,"event_name":"Mysterious Sphere","floor":40,"gold_loss":0},{"damage_healed":0,"gold_gain":0,"player_choice":"Bought 0 Potions","damage_taken":0,"max_hp_gain":0,"max_hp_loss":0,"event_name":"The Woman in Blue","floor":43,"gold_loss":0}],"is_beta":false,"boss_relics":[{"not_picked":["aspiration:RitualDagger","Velvet Choker"],"picked":"SacredBark"},{"not_picked":["conspire:RoyalGoblet","aspiration:WatcherSkillbook"],"picked":"hubris:TerracottaHorce"}],"items_purged_floors":[],"is_endless":false,"potions_floor_spawned":[1,5,7,16,20,32,33,47,50],"killed_by":"infinitespire:MassOfShapes","ascension_level":3}}