{"host":"h7xtspmc2x3i8s2i","time":1608355729,"event":{"mods":["2.2 Compatiblity","AchievementEnabler","Act Like it!","AlwaysNeverKeys","Aspiration","Astrologer","BaseMod","Beaked The Cultist","Better Match","Better Sensory Stone","Better Third Choice","Better Vampires","BetterRewards","Challenge The Spire","Colored Map","Colored Powertips","Colorless Booster Pack","Curses Come First","Defuse TimeMaze Blight","Dio Mod","Downfall","Duelist Mod","EXCEPTION","Energized Spire","Friendly Minions","GifTheSpireLib","Gold Saver","Gremlin Skip","Halation","Hubris","Jedi Mod","Key Reminder","Marked Mod","Minty Spire (QoL Compilation)","Pale of the Ancients","Permanent Neow","Random Character Button","Random Character Mod","Rare Cards Sparkle","Relic Filter","Relic Stats","Replay The Spire","SacredBarkPlus","Shop Mod","Somnambulant","Spicy Shops","Spikes Relics","Spire Birthday Party","StSLib","Steal the Spire","Stuff the Spire","SuperFastMode","The Awakened One except there are too many feathers","The Blue Laboratory","The Cursed","The Death Knight","The Dragon Tamer","The Edgeheg","The Hierophant","The Problem Sleuth","The Wild Card","Transform Curses","Unceasing Turn Reminder","everything is the same but u backflip on backflip","slay the spire mod where everything is the same but ironclad has a cowboy hat","vexMod"],"gold_per_floor":[253,253,303,368,395,429,468,330,359,406,436,466,478,507,532,616,628,565,577,589,617,655,667,705,730,755,767,16,16,29,49,68,144,144,144,12,37,48,61,61,61,93,93,118,134,134,149,37,55,55,55,86,6,6,31],"floor_reached":56,"playtime":3109,"items_purged":["theDuelist:CurseAging","theDuelist:PsiCurse"],"score":3059,"play_id":"783006b4-bdc8-4ac4-a592-0ffc75f28359","local_time":"20201219002849","is_ascension_mode":true,"campfire_choices":[{"floor":1.0,"key":"RECALL"},{"floor":8.0,"key":"REST"},{"data":"theDuelist:OjamaCountry","floor":18.0,"key":"SMITH"},{"floor":27.0,"key":"REST"},{"data":"theDuelist:OjamaGreen","floor":35.0,"key":"SMITH"},{"data":"theDuelist:OjamaTrio","floor":43.0,"key":"SMITH"},{"data":"theDuelist:OjamaGreen","floor":54.0,"key":"SMITH"}],"circlet_count":0,"master_deck":["theDuelist:OjamaYellow","theDuelist:RainbowDragon","theDuelist:OjamaYellow","theDuelist:DarkMagician","theDuelist:OjamaGreen+1","theDuelist:MindAir+1","theDuelist:OjamaBlack","theDuelist:OjamaTrio+1","theDuelist:MindAir","theDuelist:Chopman+1","theDuelist:Mudballman","theDuelist:SwordsRevealing","expansioncontent:StudyTheSpire","theDuelist:DarkMagicianGirl","theDuelist:BattleFusion+1","theDuelist:IrisEarthMother","theDuelist:OjamaCountry+1","theDuelist:OjamaGreen+1","theDuelist:TributeDoomed","theDuelist:StatueAnguishPattern+1","expansioncontent:StudyTheSpire","theDuelist:WhiteMagicalHat","theDuelist:DarkMagicianGirl","theDuelist:OjamaBlack","theDuelist:OjamaCountry","theDuelist:NaturiaParadizo+1","theDuelist:Ojamuscle","AscendersBane","theDuelist:OjamaBlack"],"relics":["theDuelist:MillenniumPuzzle","theDuelist:ChallengePuzzle","theDuelist:CardPoolRelic","theDuelist:CardPoolBasicRelic","theDuelist:BoosterPackPoolRelic","theDuelist:CardPoolAddRelic","theDuelist:CardPoolSaveRelic","theDuelist:CardPoolOptionsRelic","ReplayTheSpireMod:TigerMarble","theDuelist:SummonAnchor","MawBank","vexMod:FocusSash","downfall:HeartBlessingRed","downfall:HeartBlessingBlue","theDuelist:MerchantNecklace","theDuelist:GamblerChip","downfall:HeartBlessingGreen","theDuelist:MillenniumScale","Ornamental Fan","halation:AfternoonTea","Whetstone","hubris:BallOfYels","Frozen Eye","ReplayFunnel","Nloth\u0027s Gift","theDuelist:ResummonBranch","jedi:cryingmask","theDuelist:MonsterEggRelic","Pantograph","RollingBoulder","Blue Doll","Lantern","theDuelist:MerchantNecklace","ReplayTheSpireMod:Lightbulb"],"acts_visited":["Exordium","TheCity","TheBeyond","TheEnding"],"potions_floor_usage":[],"damage_taken":[{"damage":28.0,"enemies":"Lagavulin Event","floor":4.0,"turns":5.0},{"damage":0.0,"enemies":"Lagavulin","floor":6.0,"turns":4.0},{"damage":0.0,"enemies":"Small Slimes","floor":9.0,"turns":1.0},{"damage":0.0,"enemies":"3 Sentries","floor":10.0,"turns":2.0},{"damage":0.0,"enemies":"Jaw Worm","floor":11.0,"turns":1.0},{"damage":0.0,"enemies":"2 Louse","floor":12.0,"turns":2.0},{"damage":5.0,"enemies":"Exordium Thugs","floor":14.0,"turns":1.0},{"damage":2.0,"enemies":"2 Fungi Beasts","floor":15.0,"turns":3.0},{"damage":15.0,"enemies":"downfall:Defect","floor":16.0,"turns":4.0},{"damage":28.0,"enemies":"Shell Parasite","floor":21.0,"turns":4.0},{"damage":4.0,"enemies":"Book of Stabbing","floor":22.0,"turns":2.0},{"damage":0.0,"enemies":"Spheric Guardian","floor":25.0,"turns":2.0},{"damage":1.0,"enemies":"Centurion and Healer","floor":26.0,"turns":3.0},{"damage":0.0,"enemies":"downfall:FleeingMerchant","floor":28.0,"turns":4.0},{"damage":0.0,"enemies":"Sentry and Sphere","floor":30.0,"turns":4.0},{"damage":0.0,"enemies":"Snake Plant","floor":31.0,"turns":1.0},{"damage":0.0,"enemies":"Snecko","floor":32.0,"turns":4.0},{"damage":0.0,"enemies":"downfall:Ironclad","floor":33.0,"turns":3.0},{"damage":0.0,"enemies":"downfall:FleeingMerchant","floor":36.0,"turns":3.0},{"damage":0.0,"enemies":"Giant Head","floor":37.0,"turns":3.0},{"damage":0.0,"enemies":"3 Darklings","floor":38.0,"turns":2.0},{"damage":0.0,"enemies":"3 Shapes","floor":39.0,"turns":2.0},{"damage":0.0,"enemies":"Reptomancer","floor":42.0,"turns":4.0},{"damage":0.0,"enemies":"Nemesis","floor":44.0,"turns":1.0},{"damage":0.0,"enemies":"Jaw Worm Horde","floor":45.0,"turns":2.0},{"damage":0.0,"enemies":"Sphere and 2 Shapes","floor":47.0,"turns":2.0},{"damage":0.0,"enemies":"Writhing Mass","floor":49.0,"turns":2.0},{"damage":2.0,"enemies":"downfall:Silent","floor":50.0,"turns":8.0},{"damage":0.0,"enemies":"downfall:CharBossMerchant","floor":52.0,"turns":3.0},{"damage":0,"enemies":"downfall:NeowBoss","floor":55,"turns":15}],"seed_played":"6028763971035673553","potions_obtained":[{"floor":4.0,"key":"ColorlessPotion"},{"floor":11.0,"key":"Doom Potion"},{"floor":14.0,"key":"theDuelist:CoolBottle"},{"floor":22.0,"key":"theDuelist:IcePotion"},{"floor":26.0,"key":"FearPotion"},{"floor":42.0,"key":"PowerPotion"},{"floor":45.0,"key":"Toxic Potion"},{"floor":52.0,"key":"theDuelist:CoolBottle"}],"is_trial":false,"path_per_floor":["R","?","?","?","T","E","T","R","M","E","M","M","?","M","M","B",null,"R","?","?","M","E","?","T","M","M","R","$","?","M","M","M","B",null,"R","$","E","M","M","?","T","E","R","E","M","?","M","?","M","B",null,"E","$","R","B",null],"character_chosen":"THE_DUELIST","items_purchased":["Whetstone","hubris:BallOfYels","Frozen Eye","ReplayFunnel","theDuelist:ResummonBranch","expansioncontent:StudyTheSpire"],"campfire_rested":2,"item_purchase_floors":[28,28,28,28,36,53],"current_hp_per_floor":[63,70,70,42,42,42,42,76,76,76,76,76,76,71,69,54,74,74,74,74,46,42,42,42,42,41,65,79,79,79,79,79,79,80,80,80,80,80,80,72,72,72,72,72,76,76,76,76,76,78,80,80,80,80,80],"gold":31,"neow_bonus":"RANDOM_COMMON_RELIC","is_daily":false,"chose_seed":false,"campfire_upgraded":4,"win_rate":0.0,"timestamp":1608355729,"path_taken":["R","?","?","?","?","E","T","R","?","E","M","M","?","M","M","BOSS","R","?","?","?","E","?","T","M","M","R","$","?","M","?","M","BOSS","R","?","E","?","M","?","T","E","R","E","M","?","M","?","M","BOSS","E","$","R","BOSS"],"items_purchased_type":["Relic","Relic","Relic","Relic","Relic","Card"],"build_version":"2020-12-13","purchased_purges":2,"victory":true,"max_hp_per_floor":[70,70,70,70,70,70,70,80,80,80,80,80,80,80,80,80,80,80,80,80,80,80,80,80,80,80,80,80,80,80,80,80,80,80,80,80,80,80,80,80,80,80,80,80,80,80,80,80,80,80,80,80,80,80,80],"relic_stats":{"counters":[30,97],"Ornamental Fan":[88],"Pantograph":4,"Nloth\u0027s Gift":10,"Whetstone":["theDuelist:NaturiaParadizo","theDuelist:Chopman"],"MawBank":264,"obtain_stats":[{"ReplayFunnel":28,"hubris:BallOfYels":28,"Lantern":46,"theDuelist:SummonAnchor":4,"downfall:HeartBlessingGreen":18,"Blue Doll":44,"theDuelist:MillenniumPuzzle":0,"Whetstone":28,"Frozen Eye":28,"theDuelist:BoosterPackPoolRelic":0,"downfall:HeartBlessingBlue":8,"Pantograph":41,"theDuelist:MerchantNecklace":10,"jedi:cryingmask":37,"RollingBoulder":42,"theDuelist:CardPoolAddRelic":0,"theDuelist:CardPoolOptionsRelic":0,"theDuelist:MillenniumScale":20,"theDuelist:CardPoolRelic":0,"theDuelist:MonsterEggRelic":40,"theDuelist:ResummonBranch":36,"downfall:HeartBlessingRed":8,"theDuelist:CardPoolSaveRelic":0,"vexMod:FocusSash":7,"MawBank":6,"theDuelist:ChallengePuzzle":0,"keyreminder:keyreminder":1,"theDuelist:CardPoolMinusRelic":0,"theDuelist:GamblerChip":17,"Ornamental Fan":22,"theDuelist:CardPoolBasicRelic":0,"ReplayTheSpireMod:TigerMarble":0,"Nloth\u0027s Gift":29,"halation:AfternoonTea":24,"ReplayTheSpireMod:Lightbulb":52},{"ReplayFunnel":14,"hubris:BallOfYels":14,"Lantern":25,"theDuelist:SummonAnchor":0,"downfall:HeartBlessingGreen":9,"Blue Doll":24,"theDuelist:MillenniumPuzzle":0,"Whetstone":14,"Frozen Eye":14,"theDuelist:BoosterPackPoolRelic":0,"downfall:HeartBlessingBlue":2,"Pantograph":22,"theDuelist:MerchantNecklace":4,"jedi:cryingmask":20,"RollingBoulder":23,"theDuelist:CardPoolAddRelic":0,"theDuelist:CardPoolOptionsRelic":0,"theDuelist:MillenniumScale":9,"theDuelist:CardPoolRelic":0,"theDuelist:MonsterEggRelic":22,"theDuelist:ResummonBranch":19,"downfall:HeartBlessingRed":2,"theDuelist:CardPoolSaveRelic":0,"vexMod:FocusSash":2,"MawBank":2,"theDuelist:ChallengePuzzle":0,"keyreminder:keyreminder":0,"theDuelist:CardPoolMinusRelic":0,"theDuelist:GamblerChip":9,"Ornamental Fan":11,"theDuelist:CardPoolBasicRelic":0,"ReplayTheSpireMod:TigerMarble":0,"Nloth\u0027s Gift":14,"halation:AfternoonTea":11,"ReplayTheSpireMod:Lightbulb":29},{"ReplayFunnel":38,"hubris:BallOfYels":38,"Lantern":67,"theDuelist:SummonAnchor":0,"downfall:HeartBlessingGreen":23,"Blue Doll":65,"theDuelist:MillenniumPuzzle":0,"Whetstone":38,"Frozen Eye":38,"theDuelist:BoosterPackPoolRelic":0,"downfall:HeartBlessingBlue":9,"Pantograph":60,"theDuelist:MerchantNecklace":12,"jedi:cryingmask":56,"RollingBoulder":64,"theDuelist:CardPoolAddRelic":0,"theDuelist:CardPoolOptionsRelic":0,"theDuelist:MillenniumScale":23,"theDuelist:CardPoolRelic":0,"theDuelist:MonsterEggRelic":60,"theDuelist:ResummonBranch":53,"downfall:HeartBlessingRed":9,"theDuelist:CardPoolSaveRelic":0,"vexMod:FocusSash":9,"MawBank":9,"theDuelist:ChallengePuzzle":0,"keyreminder:keyreminder":0,"theDuelist:CardPoolMinusRelic":0,"theDuelist:GamblerChip":23,"Ornamental Fan":29,"theDuelist:CardPoolBasicRelic":0,"ReplayTheSpireMod:TigerMarble":0,"Nloth\u0027s Gift":38,"halation:AfternoonTea":29,"ReplayTheSpireMod:Lightbulb":82}]},"card_choices":[{"not_picked":["theDuelist:NaturiaCliff","theDuelist:KingYami","theDuelist:GiantOrc","theDuelist:FabledAshenveil"],"picked":"theDuelist:DarkMagician","floor":4.0},{"not_picked":["theDuelist:SeismicShockwave","theDuelist:NaturiaBarkion","theDuelist:Canyon","theDuelist:QueenDragunDjinn"],"picked":"theDuelist:SwordsRevealing","floor":6.0},{"not_picked":["theDuelist:DarkMagician","theDuelist:FiendMegacyber","theDuelist:OnslaughtFireKings","theDuelist:SummoningSwarm"],"picked":"theDuelist:Mudballman","floor":9.0},{"not_picked":["theDuelist:RainbowNeos","theDuelist:KingYami","theDuelist:GiantOrc","theDuelist:Yami"],"picked":"theDuelist:WhiteMagicalHat","floor":10.0},{"not_picked":["theDuelist:NaturiaCliff","theDuelist:DarkMagicianGirl","theDuelist:NaturiaEggplant","theDuelist:FabledAshenveil"],"picked":"theDuelist:Ojamuscle","floor":11.0},{"not_picked":["theDuelist:NatureReflection","theDuelist:LeodrakeMane","theDuelist:StatueAnguishPattern","theDuelist:NaturiaSacredTree"],"picked":"theDuelist:MindAir","floor":12.0},{"not_picked":["theDuelist:Pumpking","theDuelist:DarkMagician","theDuelist:NaturiaMantis","theDuelist:HappyLover"],"picked":"theDuelist:OjamaBlack","floor":14.0},{"not_picked":["theDuelist:NaturiaEggplant","theDuelist:RainbowFlower","theDuelist:DarkMagician","theDuelist:DarkTinker"],"picked":"theDuelist:NaturiaParadizo","floor":15.0},{"not_picked":["theDuelist:RainbowNeos","theDuelist:HappyLover","theDuelist:Eva","theDuelist:KamionTimelord"],"picked":"theDuelist:RainbowDragon","floor":16.0},{"not_picked":["theDuelist:FossilSkullknight","theDuelist:RainbowNeos","theDuelist:DunamesDarkWitch","theDuelist:HappyLover","theDuelist:KamionTimelord"],"picked":"SKIP","floor":21.0},{"not_picked":["theDuelist:WightLady","theDuelist:FireReaper","theDuelist:Chewbone","theDuelist:NeoMagic","theDuelist:VampireGrimson"],"picked":"SKIP","floor":22.0},{"not_picked":["theDuelist:OvertexQoatlus","theDuelist:MysticalElf","theDuelist:DarkMagicianGirl","theDuelist:Mudballman"],"picked":"theDuelist:OjamaPajama","floor":25.0},{"not_picked":["theDuelist:DecayedCommander","theDuelist:Tierra"],"picked":"theDuelist:Chopman","floor":26.0},{"not_picked":["theDuelist:RainbowDragon","theDuelist:Illusionist","theDuelist:NeoMagic","theDuelist:CosmoBrain"],"picked":"theDuelist:DarkMagicianGirl","floor":28.0},{"not_picked":["theDuelist:DiffusionWaveMotion","theDuelist:GravityLash","theDuelist:Polymerization","theDuelist:StarlightRoad"],"picked":"theDuelist:TributeDoomed","floor":30.0},{"not_picked":["theDuelist:Kasha","theDuelist:SkullConductor","theDuelist:GhostrickMummy","theDuelist:RainbowFlower+1","theDuelist:RedEyesZombie"],"picked":"SKIP","floor":31.0},{"not_picked":["theDuelist:ZombieWarrior","theDuelist:PhantomGhost","theDuelist:VendreadAnima","theDuelist:RevendreadSlayer","theDuelist:MammothGraveyard"],"picked":"SKIP","floor":32.0},{"not_picked":["theDuelist:RainbowFlower","theDuelist:RainbowNeos","theDuelist:Eva","theDuelist:KamionTimelord"],"picked":"theDuelist:IrisEarthMother","floor":33.0},{"not_picked":["theDuelist:GhostrickAlucard","theDuelist:SummonedSkull","theDuelist:OnslaughtFireKings","theDuelist:MoltenZombie+1"],"picked":"theDuelist:FusionTag","floor":36.0},{"not_picked":["theDuelist:GhostrickAlucard+1","theDuelist:Yasha","theDuelist:KingYami+1","theDuelist:VampireDuke+1"],"picked":"theDuelist:BattleFusion+1","floor":37.0},{"not_picked":["theDuelist:RainbowNeos","theDuelist:Eva","theDuelist:OnslaughtFireKings","theDuelist:ZombieWarrior"],"picked":"theDuelist:DarkMagicianGirl","floor":38.0},{"not_picked":["theDuelist:VendreadReunion","theDuelist:NecroFusion","theDuelist:GhostrickVanish","theDuelist:FragmentFusion"],"picked":"theDuelist:StatueAnguishPattern+1","floor":39.0},{"not_picked":["theDuelist:VampireFamiliar","theDuelist:FireReaper","theDuelist:VampireBaby+1","theDuelist:Hajun","theDuelist:Mispolymerization"],"picked":"SKIP","floor":42.0},{"not_picked":["theDuelist:YukiOnnaAbsolute","theDuelist:SangaWater"],"picked":"theDuelist:SoulRelease+1","floor":44.0},{"not_picked":["theDuelist:EarthquakeGiant","theDuelist:LightningDarts+1","theDuelist:MagicHoleGolem","theDuelist:BattleOx"],"picked":"theDuelist:DarkMirrorForce","floor":45.0},{"not_picked":["theDuelist:FossilSkullknight","theDuelist:FossilSkullKing","theDuelist:RainbowFlower","theDuelist:RainbowNeos","theDuelist:HappyLover+1"],"picked":"SKIP","floor":47.0},{"not_picked":["theDuelist:OniGamiCombo+1","theDuelist:MayakashiReturn+1","theDuelist:EndlessDecay","theDuelist:PyramidWonders"],"picked":"theDuelist:MindAir+1","floor":49.0},{"not_picked":["theDuelist:ZombieMaster+1","theDuelist:GhostrickStein+1","theDuelist:EvilswarmNightmare+1"],"picked":"SKIP","floor":52.0}],"player_experience":520732,"relics_obtained":[{"floor":6.0,"key":"MawBank"},{"floor":7.0,"key":"vexMod:FocusSash"},{"floor":10.0,"key":"theDuelist:MerchantNecklace"},{"floor":22.0,"key":"Ornamental Fan"},{"floor":24.0,"key":"halation:AfternoonTea"},{"floor":37.0,"key":"jedi:cryingmask"},{"floor":41.0,"key":"Pantograph"},{"floor":42.0,"key":"RollingBoulder"},{"floor":44.0,"key":"Blue Doll"},{"floor":46.0,"key":"Lantern"},{"floor":52.0,"key":"ReplayTheSpireMod:Lightbulb"}],"event_choices":[{"damage_healed":0.0,"max_hp_gain":0.0,"max_hp_loss":0.0,"gold_gain":0.0,"event_name":"Tomb of the Nameless","player_choice":"Worship - 20% roll at +12 Max HP","duelist":true,"floor":13.0,"gold_loss":0.0,"damage_taken":0.0},{"damage_healed":0.0,"max_hp_gain":0.0,"max_hp_loss":0.0,"gold_gain":0.0,"event_name":"Millennium Items","player_choice":"Took item - Received: Millennium Scale","duelist":true,"floor":20.0,"gold_loss":0.0,"damage_taken":0.0},{"damage_healed":0.0,"max_hp_gain":0.0,"max_hp_loss":0.0,"gold_gain":0.0,"event_name":"Ghosts","player_choice":"Ignored","floor":23.0,"gold_loss":0.0,"damage_taken":0.0},{"damage_healed":0.0,"max_hp_gain":0.0,"max_hp_loss":0.0,"gold_gain":0.0,"event_name":"Aknamkanon\u0027s Tomb","player_choice":"Dig - random Duelist relic","duelist":true,"floor":40.0,"gold_loss":0.0,"damage_taken":0.0},{"damage_healed":0.0,"max_hp_gain":0.0,"max_hp_loss":0.0,"gold_gain":0.0,"event_name":"Relic Duplicator","player_choice":"Duplicated Relic - Merchant\u0027s Necklace","duelist":true,"floor":48.0,"gold_loss":0.0,"damage_taken":0.0}],"is_beta":false,"boss_relics":[{"not_picked":["Abe\u0027s Treasure","vexMod:FluxCapacitor"],"picked":"theDuelist:GamblerChip"},{"not_picked":["ReplayTheSpireMod:DimensionalGlitch","StuffTheSpire:Kangaroo","Honey Jar"]}],"items_purged_floors":[28,36],"is_endless":false,"potions_floor_spawned":[4,11,14,22,26,30,32,33,38,42,44,45,52],"ascension_level":20}}