{"host":"y8hg8nbtd8qkv7tj","time":1608348073,"event":{"mods":["AchievementEnabler","Aspiration","BaseMod","BetterRewards","CapriCore","Colored Map","Downfall","Friendly Minions","GifTheSpireLib","GungeonMod","Hubris","Lobotomy","Minty Spire (QoL Compilation)","Replay The Spire","StSLib","The Animator","The Bladedancer","The Death Knight"],"gold_per_floor":[118,118,134,149,149,149,174,174,225,225,245,12,12,32,32,137,137,152,136,155,0,0,0,99,99,99,99,99,99,111,111,111,207,207,220,234,234,248,78,78,91,108,189,189,189,36,36,36,36,36,36],"floor_reached":50,"playtime":2657,"items_purged":[],"score":538,"play_id":"fb24c135-c469-4873-8fd6-afe5cad1f4f4","local_time":"20201218222113","is_ascension_mode":false,"campfire_choices":[{"floor":8,"key":"REST"}],"circlet_count":0,"master_deck":["Apo_SoulSlash","Apo_Charge","Apo_Charge","Apo_Charge","Apo_Charge","Apo_Beam","Apo_Beam","Apo_Beam","Apo_Execute","Apo_Slash","Apo_Slash","Apo_SoulSlash","ControlCode","TT2Protocol","Spore+1","VoidDream","Decay","SummonCall","Noise+1","Apo_Charge","WristCuter","Variant","expansioncontent:DecasProtection+1","CentralCode"],"relics":["CogitoBucket","NeowsBlessing","hubris:DisguiseKit","ReplayTheSpireMod:Ninjato","DemoMod:Metronome","Blood Vial","LuminousBracelet","hubris:TerracottaHorce","DollysMirror","ApostleMask","Mercury Hourglass","hubris:Stopwatch","AtMidnight","BackwardClock","DemoMod:JetPack","Guide Book"],"acts_visited":["Exordium","TheCity","TheBeyond"],"potions_floor_usage":[33,38,38,38,50,50,50],"damage_taken":[{"damage":0,"enemies":"Small Slimes","floor":1,"turns":1},{"damage":0,"enemies":"Jaw Worm","floor":3,"turns":1},{"damage":0,"enemies":"Cultist","floor":4,"turns":1},{"damage":42,"enemies":"3 Sentries","floor":7,"turns":7},{"damage":6,"enemies":"Blue Slaver","floor":11,"turns":2},{"damage":20,"enemies":"2 Fungi Beasts","floor":14,"turns":4},{"damage":60,"enemies":"Slime Boss","floor":16,"turns":10},{"damage":84,"enemies":"3 Byrds","floor":18,"turns":7},{"damage":37,"enemies":"2 Thieves","floor":19,"turns":4},{"damage":12,"enemies":"Cultist and Chosen","floor":20,"turns":4},{"damage":12,"enemies":"Chosen and Byrds","floor":30,"turns":2},{"damage":44,"enemies":"Automaton","floor":33,"turns":5},{"damage":26,"enemies":"3 Darklings","floor":35,"turns":2},{"damage":0,"enemies":"3 Shapes","floor":36,"turns":1},{"damage":1,"enemies":"Transient","floor":38,"turns":5},{"damage":0,"enemies":"3 Darklings","floor":41,"turns":2},{"damage":34,"enemies":"Writhing Mass","floor":42,"turns":3},{"damage":86,"enemies":"Time Eater","floor":50,"turns":3}],"seed_played":"-2003160233190066571","potions_obtained":[{"floor":16,"key":"Energy Potion"},{"floor":30,"key":"BlessingOfTheForge"},{"floor":33,"key":"Regen Potion"},{"floor":36,"key":"DistilledChaos"}],"is_trial":false,"path_per_floor":["M","?","M","M","?","R","E","R","T","?","M","$","R","M","R","B",null,"M","M","M","$","M","R","?","$","T","R","?","R","M","?","R","B",null,"M","M","?","M","$","R","M","M","T","?","R","$","?","?","R","B"],"character_chosen":"Angela","items_purchased":["Blood Vial","Logging","DollysMirror","LiquidMemories","Fire Potion","Adrenaline Potion","Guide Book"],"campfire_rested":1,"item_purchase_floors":[12,12,21,39,39,39,46],"current_hp_per_floor":[70,70,70,70,70,70,36,57,57,57,63,63,63,74,74,35,79,97,82,91,91,100,100,100,100,100,100,100,100,88,88,88,44,44,18,18,18,109,109,109,109,75,75,75,75,75,75,75,75,0,0],"gold":36,"neow_bonus":"THREE_ENEMY_KILL","is_daily":false,"chose_seed":false,"campfire_upgraded":0,"win_rate":0.0,"timestamp":1608348073,"path_taken":["M","?","M","M","?","R","E","R","T","?","M","$","R","M","R","BOSS","M","M","M","$","M","R","?","$","T","R","?","R","?","?","R","BOSS","M","M","?","M","$","R","M","M","T","?","R","$","?","?","R","BOSS"],"items_purchased_type":["Relic","Card","Relic","Potion","Potion","Potion","Relic"],"build_version":"2020-12-13","purchased_purges":0,"victory":false,"max_hp_per_floor":[70,70,70,70,70,70,70,70,70,70,74,74,74,93,93,93,93,97,101,105,105,105,105,105,105,105,105,105,105,109,109,109,109,109,109,109,109,113,113,113,113,113,113,113,113,113,113,113,113,113,113],"card_choices":[{"not_picked":["CherryBlossom"],"picked":"GreenStem","floor":1},{"not_picked":["SpiderBud","SnowQueen"],"picked":"OldLady","floor":1},{"not_picked":["Pleasure"],"picked":"CrimsonScar","floor":3},{"not_picked":["Bloodbath","Murderer"],"picked":"CherryBlossoms","floor":3},{"not_picked":["TodaysExpression"],"picked":"Penitence","floor":4},{"not_picked":["Regret_ego","DeathKnight:IceboundArmor"],"picked":"Lamp","floor":7},{"not_picked":["SnowQueen","LaLuna"],"picked":"Wellcheers","floor":7},{"not_picked":["LaLuna","Rudolta"],"picked":"SilentOrchestra","floor":11},{"not_picked":["Galaxy","Lantern"],"picked":"DeathKnight:DeathRune","floor":11},{"not_picked":["Scorched","Bloodbath"],"picked":"ShyLook","floor":14},{"not_picked":["Wingbeat","DeathKnight:IceboundArmor"],"picked":"Spore","floor":14},{"not_picked":["Justitia","DeathKnight:Outbreak"],"picked":"Mimicry","floor":16},{"not_picked":["FrostShard","Galaxy"],"picked":"DeathKnight:MutagenicPlague","floor":18},{"not_picked":["Loneliness+1","Tough"],"picked":"DeathKnight:BloodStrike","floor":18},{"not_picked":["SpiderBud","SnowQueen"],"picked":"PlagueDoctor","floor":18},{"not_picked":["RedEyes","DeathKnight:MindFreeze"],"picked":"WristCuter","floor":19},{"not_picked":["Murderer","MeatLantern"],"picked":"RedShoes","floor":19},{"not_picked":["Lamp","DeathKnight:PillarOfFrost"],"picked":"GrinderMk4","floor":20},{"not_picked":["WhitesApple","Scorched"],"picked":"NothingThere","floor":20},{"not_picked":["Amita","DeathKnight:IceboundArmor"],"picked":"Spore","floor":30},{"not_picked":["QueenOfHatred","OldLady"],"picked":"VoidDream","floor":30},{"not_picked":["TodaysExpression+1","Discord","DeathKnight:BloodTap"],"picked":"SKIP","floor":35},{"not_picked":["Loneliness+1","DeathKnight:UnholyPresence"],"picked":"Noise+1","floor":36},{"not_picked":["Loneliness+1","DeathKnight:RunicCorruption"],"picked":"WristCuter","floor":38},{"not_picked":["CENSORED","HeroicMonk"],"picked":"Variant","floor":38},{"not_picked":["RapturousDream+1","Loneliness+1","DeathKnight:ShatteringStrikes"],"picked":"SKIP","floor":41},{"not_picked":["Harmony+1","TodaysExpression","DeathKnight:BloodBoil"],"picked":"SKIP","floor":42},{"not_picked":["The Bomb"],"picked":"expansioncontent:DecasProtection","floor":44}],"player_experience":60736,"relics_obtained":[{"floor":7,"key":"ReplayTheSpireMod:Ninjato"},{"floor":9,"key":"DemoMod:Metronome"},{"floor":26,"key":"Mercury Hourglass"},{"floor":38,"key":"AtMidnight"},{"floor":43,"key":"DemoMod:JetPack"}],"event_choices":[{"damage_healed":0,"gold_gain":0,"player_choice":"Grow","damage_taken":0,"max_hp_gain":0,"max_hp_loss":0,"event_name":"Living Wall","floor":2,"gold_loss":0,"cards_upgraded":["GreenStem"]},{"damage_healed":0,"gold_gain":0,"player_choice":"Upgraded","damage_taken":0,"max_hp_gain":0,"max_hp_loss":0,"event_name":"Upgrade Shrine","floor":10,"gold_loss":0,"cards_upgraded":["Penitence"]},{"damage_healed":0,"gold_gain":99,"player_choice":"Stole From Cult","damage_taken":0,"max_hp_gain":0,"max_hp_loss":0,"event_name":"Nest","floor":24,"gold_loss":0},{"damage_healed":35,"gold_gain":0,"player_choice":"Heal","damage_taken":0,"max_hp_gain":0,"max_hp_loss":0,"event_name":"The Library","floor":28,"gold_loss":0},{"damage_healed":0,"gold_gain":0,"player_choice":"Smashed Altar","damage_taken":0,"max_hp_gain":0,"max_hp_loss":0,"event_name":"Forgotten Altar","floor":31,"gold_loss":0,"cards_obtained":["Decay"]},{"damage_healed":0,"gold_gain":0,"player_choice":"Copied","damage_taken":0,"max_hp_gain":0,"max_hp_loss":0,"event_name":"Duplicator","floor":37,"gold_loss":0,"cards_obtained":["Apo_Charge"]},{"damage_healed":0,"gold_gain":0,"player_choice":"Memory 1","damage_taken":0,"max_hp_gain":0,"max_hp_loss":0,"event_name":"SensoryStone","floor":44,"gold_loss":0},{"damage_healed":0,"gold_gain":0,"player_choice":"Ignored","damage_taken":0,"max_hp_gain":0,"max_hp_loss":0,"event_name":"SecretPortal","floor":48,"gold_loss":0}],"is_beta":false,"boss_relics":[{"not_picked":["hubris:VirtuousBlindfold","Astrolabe"],"picked":"hubris:TerracottaHorce"},{"not_picked":["aspiration:SecretTechniqueScroll","Busted Crown"],"picked":"hubris:Stopwatch"}],"items_purged_floors":[],"is_endless":false,"potions_floor_spawned":[16,30,33,36],"killed_by":"Time Eater","ascension_level":0}}