{"host":"wuk1ltmmka824l9y","time":1608371487,"event":{"mods":["AchievementEnabler","BaseMod","Custom Start","DeckTracker","Minty Spire (QoL Compilation)","Quick Restart","StSLib","SuperFastMode"],"gold_per_floor":[119,119,132,150,100,100,130,130,130,146,166,166,177,209,209,309,309,321,246,263,278,298,298,323,342,342,342,361,361,381,411,411,411,411],"floor_reached":33,"playtime":1381,"items_purged":["Strike_G"],"score":416,"play_id":"2a77e991-b4e5-4bc6-ac04-f43568e08fbb","local_time":"20201219185127","is_ascension_mode":true,"campfire_choices":[{"data":"Terror","floor":6.0,"key":"SMITH"},{"data":"Cloak And Dagger","floor":12.0,"key":"SMITH"},{"data":"Finisher","floor":15.0,"key":"SMITH"},{"data":"Tactician","floor":23.0,"key":"SMITH"},{"data":"Acrobatics","floor":27.0,"key":"SMITH"},{"data":"Cloak And Dagger","floor":29.0,"key":"SMITH"},{"floor":32.0,"key":"REST"}],"circlet_count":0,"master_deck":["Strike_G","Defend_G","Defend_G","Defend_G","Survivor","Neutralize","Finisher+1","Terror+1","All Out Attack","Cloak And Dagger+1","Tactician+1","Acrobatics+1","Acrobatics","Glass Knife","Backflip","Cloak And Dagger+1","Blade Dance","Heel Hook","PiercingWail","Calculated Gamble"],"relics":["Ring of the Snake","Mango","Pocketwatch","Sundial","Empty Cage","Bag of Preparation","Matryoshka","PreservedInsect"],"acts_visited":["Exordium","TheCity"],"potions_floor_usage":[],"damage_taken":[{"damage":2.0,"enemies":"Jaw Worm","floor":1.0,"turns":5.0},{"damage":0.0,"enemies":"Cultist","floor":3.0,"turns":3.0},{"damage":4.0,"enemies":"Small Slimes","floor":4.0,"turns":3.0},{"damage":18.0,"enemies":"Gremlin Nob","floor":7.0,"turns":4.0},{"damage":5.0,"enemies":"2 Fungi Beasts","floor":10.0,"turns":3.0},{"damage":0.0,"enemies":"Exordium Wildlife","floor":11.0,"turns":3.0},{"damage":12.0,"enemies":"Large Slime","floor":13.0,"turns":4.0},{"damage":21.0,"enemies":"Lagavulin","floor":14.0,"turns":5.0},{"damage":15.0,"enemies":"The Guardian","floor":16.0,"turns":14.0},{"damage":1.0,"enemies":"Spheric Guardian","floor":18.0,"turns":3.0},{"damage":2.0,"enemies":"Chosen","floor":20.0,"turns":3.0},{"damage":11.0,"enemies":"Centurion and Healer","floor":21.0,"turns":6.0},{"damage":19.0,"enemies":"Cultist and Chosen","floor":22.0,"turns":5.0},{"damage":1.0,"enemies":"Slavers","floor":24.0,"turns":3.0},{"damage":26.0,"enemies":"Sentry and Sphere","floor":25.0,"turns":5.0},{"damage":1.0,"enemies":"3 Cultists","floor":28.0,"turns":3.0},{"damage":11.0,"enemies":"Shelled Parasite and Fungi","floor":30.0,"turns":3.0},{"damage":0.0,"enemies":"Gremlin Leader","floor":31.0,"turns":2.0},{"damage":94,"enemies":"Champ","floor":33,"turns":8}],"seed_played":"-8853525532191123593","potions_obtained":[{"floor":1.0,"key":"FairyPotion"},{"floor":10.0,"key":"BlessingOfTheForge"},{"floor":14.0,"key":"Swift Potion"},{"floor":16.0,"key":"Fire Potion"},{"floor":20.0,"key":"Energy Potion"},{"floor":22.0,"key":"Swift Potion"},{"floor":24.0,"key":"Explosive Potion"},{"floor":25.0,"key":"SteroidPotion"},{"floor":30.0,"key":"Explosive Potion"}],"is_trial":false,"path_per_floor":["M","?","M","M","?","R","E","?","T","M","M","R","M","E","R","B",null,"M","$","M","M","M","R","E","M","T","R","M","R","M","E","R","B"],"character_chosen":"THE_SILENT","items_purchased":[],"campfire_rested":1,"item_purchase_floors":[],"current_hp_per_floor":[75,75,75,71,71,71,67,60,60,55,55,55,43,22,22,7,91,90,90,88,77,58,58,57,31,31,31,30,30,19,19,46,0,0],"gold":411,"neow_bonus":"TEN_PERCENT_HP_BONUS","is_daily":false,"chose_seed":false,"campfire_upgraded":6,"win_rate":0.0,"timestamp":1608371487,"path_taken":["M","?","M","?","?","R","E","?","T","M","M","R","M","E","R","BOSS","M","$","M","M","M","R","E","M","T","R","M","R","M","E","R","BOSS"],"items_purchased_type":[],"build_version":"2020-12-13","purchased_purges":1,"victory":false,"max_hp_per_floor":[77,77,77,77,77,77,91,91,91,91,91,91,91,91,91,91,91,91,91,91,91,91,91,91,91,91,91,91,91,91,91,91,91,91],"card_choices":[{"not_picked":["Terror","Dagger Spray"],"picked":"Finisher","floor":1.0},{"not_picked":["Bouncing Flask","Outmaneuver"],"picked":"Terror","floor":3.0},{"not_picked":["Predator","Bouncing Flask"],"picked":"All Out Attack","floor":4.0},{"not_picked":["Storm of Steel","Dagger Throw"],"picked":"Cloak And Dagger","floor":7.0},{"not_picked":["Deadly Poison","Endless Agony","Outmaneuver"],"picked":"SKIP","floor":10.0},{"not_picked":["Bane","Envenom"],"picked":"Tactician","floor":11.0},{"not_picked":["Caltrops","Terror"],"picked":"Acrobatics","floor":13.0},{"not_picked":["Expertise","Finisher"],"picked":"Acrobatics","floor":14.0},{"not_picked":["Bullet Time","Malaise"],"picked":"Glass Knife","floor":16.0},{"not_picked":["Dagger Throw","Accuracy"],"picked":"Backflip","floor":18.0},{"not_picked":["Choke","Sucker Punch"],"picked":"Cloak And Dagger","floor":20.0},{"not_picked":["Underhanded Strike","Sucker Punch","Slice"],"picked":"SKIP","floor":21.0},{"not_picked":["Flying Knee","Bouncing Flask"],"picked":"Blade Dance","floor":22.0},{"not_picked":["Crippling Poison","Deadly Poison+1"],"picked":"Heel Hook","floor":24.0},{"not_picked":["Expertise","Predator+1"],"picked":"PiercingWail","floor":25.0},{"not_picked":["Infinite Blades+1","Backflip","Expertise"],"picked":"SKIP","floor":28.0},{"not_picked":["Expertise","Flying Knee","Terror+1"],"picked":"SKIP","floor":30.0},{"not_picked":["Slice","Blade Dance"],"picked":"Calculated Gamble","floor":31.0}],"player_experience":322176,"relics_obtained":[{"floor":7.0,"key":"Mango"},{"floor":9.0,"key":"Pocketwatch"},{"floor":14.0,"key":"Sundial"},{"floor":24.0,"key":"Bag of Preparation"},{"floor":26.0,"key":"Matryoshka"},{"floor":31.0,"key":"PreservedInsect"}],"event_choices":[{"cards_removed":["Defend_G"],"damage_healed":0.0,"max_hp_gain":0.0,"max_hp_loss":0.0,"gold_gain":0.0,"event_name":"Purifier","player_choice":"Purged","floor":2.0,"gold_loss":0.0,"damage_taken":0.0},{"cards_removed":["Strike_G"],"damage_healed":0.0,"max_hp_gain":0.0,"max_hp_loss":0.0,"gold_gain":0.0,"event_name":"The Cleric","player_choice":"Card Removal","floor":5.0,"gold_loss":50.0,"damage_taken":0.0},{"cards_removed":["Strike_G"],"damage_healed":0.0,"max_hp_gain":0.0,"max_hp_loss":0.0,"gold_gain":0.0,"event_name":"Golden Wing","player_choice":"Card Removal","floor":8.0,"gold_loss":0.0,"damage_taken":7.0}],"is_beta":false,"boss_relics":[{"not_picked":["Ectoplasm","Runic Dome"],"picked":"Empty Cage"}],"items_purged_floors":[19],"is_endless":false,"potions_floor_spawned":[1,10,14,16,20,22,24,25,30],"killed_by":"Champ","ascension_level":4}}