{"host":"vufxz1jdl6xr1o6x","time":1608419414,"event":{"mods":["AchievementEnabler","Act Like it!","Aspiration","Bard","BaseMod","Beaked The Cultist","Better Altar","Better Note","Better Sensory Stone","Better Skull","Better Third Choice","Better Vampires","BetterRewards","CCEM","CapriCore","Clawfect","Colored Map","Conspire","Downfall","GifTheSpireLib","Halation","Hermit","Highlight Path","Hubris","Infinite Spire","Jedi Mod","Jorbs\u0027s Wanderer Trilogy","Mad Scientist","Mimic Mod","Minty Spire (QoL Compilation)","Permanent Neow","Replay The Spire","Reworked Bosses","Shade Mod","Shop Mod","Spicy Shops","StSLib","Stuff the Spire","The Administrix","The Blackbeard","The Bug Knight","The Construct","The Cursed","The Disciple","The Gatherer","The Hierophant","The Immortal","The IronCluck","The Jungle","The Mystic","The Necromancer","The Problem Sleuth","The Runesmith","The Servant 0.9.4","The Spell Scribe","The Witch","Unceasing Turn Reminder","everything is the same but u backflip on backflip"],"gold_per_floor":[141,141,10,79,123,131,131,131,131,131,159,159,161,175,11,86,86,195,195,235,235,235,235,231,332,401,482,504,610,574,618,740,802,802,878,878,946,569,593,19,19,45,92,133,157,145,145],"floor_reached":46,"playtime":3393,"items_purged":["hierophant:RustyCrate","jedi:BattleThirst","hierophant:Strike_Hierophant","hierophant:Strike_Hierophant","hierophant:Defend_Hierophant"],"score":703,"play_id":"c7890d8d-6362-4542-af80-aea0b3d0b266","local_time":"20201220001014","is_ascension_mode":false,"campfire_choices":[{"floor":7,"key":"REST"},{"floor":12,"key":"REST"},{"data":"hierophant:Charity","floor":17,"key":"SMITH"},{"floor":34,"key":"REST"}],"circlet_count":0,"master_deck":["hierophant:Punish","hierophant:Defend_Hierophant","hierophant:Defend_Hierophant","hierophant:Defend_Hierophant","hierophant:ChurchCoffers","hierophant:RustyCrate","hierophant:Doubloon","hierophant:Doubloon","hierophant:Doubloon","hierophant:Doubloon","hierophant:Doubloon","hierophant:Charity+1","hierophant:Doubloon","hierophant:TollTheBells","hierophant:ThreeLashes","hierophant:Doubloon","hierophant:CoinFling","hierophant:Endure","hierophant:FaithHealing","hierophant:AuricForm","hierophant:Smite","hierophant:Charity","hierophant:Doubloon","hierophant:Doubloon","hierophant:Invocation","hierophant:Doubloon","hierophant:Refuge","infinitespire:Punishment+1","Madness+1","hierophant:Doubloon","hierophant:Refuge+1","hierophant:Doubloon","hierophant:Dazzle+1","Sickly","Pot Of Greed","Pot Of Greed","Pot Of Greed","Pot Of Greed","hierophant:LocustPlague","hierophant:Alms","hierophant:Determination","hierophant:Smite+1","hierophant:DivineIntervention","hierophant:Doubloon","hierophant:Generosity","hierophant:DivineIntervention","hierophant:Doubloon","hierophant:CoinFling+1","Pot Of Greed","hubris:Wrath"],"relics":["hierophant:PropheticMaskRelic","MerchantsRug","halation:PromiseList","halation:KoshaPiece","Pen Nib","CCEMRelics:TinyMinotavrHorn","Cursed Key","Gremlin Horn","aspiration:StickyExplosives_weak","infinitespire:BottledMercury","Grinning Jar","hubris:TerracottaHorce","Replay:Bottled Flurry","halation:PinkSoulGem","hubris:AstralHammer","PreservedInsect"],"acts_visited":["Exordium","TheCity","TheBeyond"],"potions_floor_usage":[11,46],"damage_taken":[{"damage":0,"enemies":"Cultist","floor":1,"turns":4},{"damage":13,"enemies":"conspire:RoseBush","floor":4,"turns":3},{"damage":0,"enemies":"Jaw Worm","floor":5,"turns":3},{"damage":26,"enemies":"Replay:BlueRogue","floor":6,"turns":11},{"damage":4,"enemies":"conspire:2 RoseBushes","floor":11,"turns":6},{"damage":6,"enemies":"conspire:2 RoseBushes","floor":13,"turns":2},{"damage":15,"enemies":"HollowMod:MossKnight","floor":14,"turns":8},{"damage":0,"enemies":"3 Louse","floor":16,"turns":2},{"damage":30,"enemies":"Slime Boss","floor":18,"turns":5},{"damage":12,"enemies":"3 Byrds","floor":20,"turns":3},{"damage":10,"enemies":"Shell Parasite","floor":24,"turns":3},{"damage":9,"enemies":"conspire:Head Lice","floor":25,"turns":4},{"damage":6,"enemies":"Snake Plant","floor":26,"turns":2},{"damage":0,"enemies":"3 Cultists","floor":28,"turns":5},{"damage":0,"enemies":"3 Cultists","floor":29,"turns":3},{"damage":15,"enemies":"Nightmare","floor":30,"turns":4},{"damage":0,"enemies":"Cultist and Chosen","floor":31,"turns":2},{"damage":0,"enemies":"Snake Plant","floor":32,"turns":1},{"damage":0,"enemies":"3 Cultists","floor":33,"turns":3},{"damage":28,"enemies":"conspire:MysteriousRune","floor":35,"turns":4},{"damage":4,"enemies":"3 Shapes","floor":37,"turns":4},{"damage":21,"enemies":"2 Orb Walkers","floor":39,"turns":4},{"damage":59,"enemies":"Nemesis","floor":42,"turns":4},{"damage":6,"enemies":"Orb Walker","floor":43,"turns":2},{"damage":25,"enemies":"HollowMod:StalkingDevout","floor":44,"turns":4},{"damage":48,"enemies":"Nemesis","floor":46,"turns":2}],"seed_played":"-5607467782816161922","potions_obtained":[{"floor":1,"key":"jedi:hoardpotion"},{"floor":5,"key":"FearPotion"},{"floor":8,"key":"Languid Potion"},{"floor":8,"key":"jedi:mysterypotion"},{"floor":16,"key":"jedi:tentaclejuice"},{"floor":18,"key":"Elixir"},{"floor":29,"key":"SteroidPotion"},{"floor":42,"key":"Adrenaline Potion"}],"is_trial":false,"path_per_floor":["M","?","$","M","M","E","R","?","PTL","PTL","MIM","R","M","E","$","M","R","B",null,"M","?","?","?","M","E","M","T","MIM","M","NM","M","M","M","R","B",null,"M","$","?","$","?","E","M","E","T","E"],"character_chosen":"HIEROPHANT","items_purchased":["MerchantsRug","halation:NonexistentMirror","hierophant:RustyCrate","hierophant:Charity","hierophant:TollTheBells","halation:PromiseList","hierophant:Charity","hierophant:DivineIntervention","Replay:Bottled Flurry"],"campfire_rested":3,"item_purchase_floors":[0,0,0,0,0,3,15,38,40],"current_hp_per_floor":[81,74,74,61,61,35,61,61,61,61,57,83,77,62,62,62,62,32,89,77,77,77,60,50,41,35,35,35,35,20,20,20,20,46,18,71,89,89,68,68,68,37,41,43,43,0,0],"gold":145,"neow_bonus":"","is_daily":false,"chose_seed":false,"campfire_upgraded":1,"win_rate":0.0,"timestamp":1608419414,"path_taken":["M","?","$","M","M","E","R","?","PTL","PTL","MIM","R","?","E","$","M","R","BOSS","M","?","?","?","M","E","?","?","MIM","M","NM","M","M","M","R","BOSS","M","$","?","$","?","E","M","E","T","E"],"items_purchased_type":["Relic","Relic","Card","Card","Card","Relic","Card","Card","Relic"],"build_version":"2020-12-13","purchased_purges":5,"victory":false,"max_hp_per_floor":[89,89,89,89,89,89,89,89,89,89,89,89,89,89,89,89,89,89,89,89,89,89,89,89,89,89,89,89,89,89,89,89,89,89,89,89,89,89,89,89,89,89,89,89,89,89,89],"card_choices":[{"not_picked":["hierophant:Chorus","hierophant:Sermon"],"picked":"hierophant:CoinFling","floor":1},{"not_picked":["hierophant:OrnateBuckler","hierophant:Blessing"],"picked":"hierophant:Endure","floor":4},{"not_picked":["hierophant:RecallFunds","hierophant:OrnateBuckler","hierophant:AuricBeam"],"picked":"SKIP","floor":5},{"not_picked":["hierophant:Blessing","hierophant:Levitation"],"picked":"hierophant:FaithHealing","floor":6},{"not_picked":["hierophant:Encroach","hierophant:MorningPrayer"],"picked":"hierophant:AuricForm","floor":13},{"not_picked":["hierophant:FaithHealing","hierophant:HammerAndAnvil"],"picked":"hierophant:Smite","floor":14},{"not_picked":["hierophant:AuricShield","hierophant:RepressedViolence"],"picked":"hierophant:Doubloon","floor":16},{"not_picked":["hierophant:DeathKnell","hierophant:Levitation"],"picked":"hierophant:Invocation","floor":18},{"not_picked":["hierophant:RepressedViolence","hierophant:Zeal"],"picked":"hierophant:Refuge","floor":20},{"not_picked":["hierophant:Community","hierophant:Encroach"],"picked":"hierophant:Refuge+1","floor":24},{"not_picked":["hierophant:Encroach","hierophant:ThreeLashes","hierophant:FieryStrike"],"picked":"SKIP","floor":25},{"not_picked":["hierophant:Doubloon","hierophant:FlamingChariot"],"picked":"hierophant:Dazzle+1","floor":26},{"not_picked":["hierophant:DisplayOfPower+1","hierophant:HammerAndAnvil","hierophant:TollTheBells"],"picked":"SKIP","floor":29},{"not_picked":["hierophant:Chorus","hierophant:MorningPrayer"],"picked":"hierophant:LocustPlague","floor":30},{"not_picked":["hierophant:Encroach+1","hierophant:MorningPrayer+1"],"picked":"hierophant:Alms","floor":31},{"not_picked":["hierophant:FieryStrike","hierophant:PassingBell+1","hierophant:RepressedViolence"],"picked":"SKIP","floor":32},{"not_picked":["hierophant:Refuge","hierophant:Zeal","hierophant:Smite"],"picked":"SKIP","floor":33},{"not_picked":["hierophant:DivineIntervention","hierophant:AuricForm"],"picked":"hierophant:Determination","floor":35},{"not_picked":["hierophant:Shelter+1","hierophant:PassingBell+1"],"picked":"hierophant:Smite+1","floor":37},{"not_picked":["hierophant:MorningPrayer","hierophant:RepressedViolence+1"],"picked":"hierophant:Generosity","floor":42},{"not_picked":["hierophant:PristineSoul","hierophant:DisplayOfPower+1"],"picked":"hierophant:DivineIntervention","floor":43},{"not_picked":["hierophant:Exaltation+1","hierophant:OrnateBuckler+1"],"picked":"hierophant:CoinFling+1","floor":44}],"player_experience":92441,"relics_obtained":[{"floor":6,"key":"halation:KoshaPiece"},{"floor":11,"key":"Pen Nib"},{"floor":14,"key":"CCEMRelics:TinyMinotavrHorn"},{"floor":25,"key":"Gremlin Horn"},{"floor":27,"key":"aspiration:StickyExplosives_weak"},{"floor":28,"key":"infinitespire:BottledMercury"},{"floor":30,"key":"Grinning Jar"},{"floor":42,"key":"hubris:AstralHammer"},{"floor":44,"key":"PreservedInsect"}],"event_choices":[{"cards_removed":["hierophant:Strike_Hierophant"],"damage_healed":0,"gold_gain":0,"player_choice":"Card Removal","damage_taken":7,"max_hp_gain":0,"max_hp_loss":0,"event_name":"Golden Wing","floor":2,"gold_loss":0},{"damage_healed":0,"gold_gain":0,"player_choice":"Got Potions","damage_taken":0,"max_hp_gain":0,"max_hp_loss":0,"event_name":"Lab","floor":8,"gold_loss":0},{"cards_removed":["hierophant:Strike_Hierophant"],"damage_healed":0,"gold_gain":0,"player_choice":"Purged","damage_taken":0,"max_hp_gain":0,"max_hp_loss":0,"event_name":"Purifier","floor":21,"gold_loss":0},{"cards_removed":["hierophant:RustyCrate"],"damage_healed":0,"gold_gain":0,"player_choice":"Take \u0026 Give","damage_taken":0,"max_hp_gain":0,"max_hp_loss":0,"event_name":"betterNote:BetterNote","floor":22,"gold_loss":0,"cards_obtained":["infinitespire:Punishment"]},{"damage_healed":0,"gold_gain":2,"player_choice":"2","damage_taken":0,"max_hp_gain":0,"max_hp_loss":17,"event_name":"betterStone:BetterStone","floor":23,"gold_loss":0},{"damage_healed":0,"gold_gain":0,"player_choice":"Fight","damage_taken":0,"max_hp_gain":0,"max_hp_loss":0,"event_name":"Mysterious Sphere","floor":39,"gold_loss":0}],"is_beta":false,"boss_relics":[{"not_picked":["aspiration:PoetsPen_weak","Snecko Eye"],"picked":"Cursed Key"},{"not_picked":["halation:CatFaceCupcake","aspiration:BeakedSkillbook"],"picked":"hubris:TerracottaHorce"}],"items_purged_floors":[0,38,38,40,40],"is_endless":true,"potions_floor_spawned":[1,5,16,18,20,29,31,32,35,42,44],"killed_by":"Nemesis","ascension_level":0}}