{"host":"msepye59htvs4aw4","time":1608397872,"event":{"mods":["BaseMod","Colored Map","DeckTracker","Highlight Path","Minty Spire (QoL Compilation)","Shop Mod","StSLib","SuperFastMode"],"gold_per_floor":[217,35,35,110,121,121,150,150,176,6,6,18,29,29,29,107,107,125,152,152,152,152],"floor_reached":21,"playtime":811,"items_purged":[],"score":313,"play_id":"dcef8db0-b149-48a5-be55-a9d6e417ecdc","local_time":"20201219181112","is_ascension_mode":true,"campfire_choices":[{"floor":6,"key":"REST"},{"floor":8,"key":"REST"},{"data":"Apotheosis","floor":11,"key":"SMITH"},{"data":"Leg Sweep","floor":15,"key":"SMITH"}],"circlet_count":0,"master_deck":["AscendersBane","Strike_G","Strike_G","Strike_G","Strike_G","Strike_G","Defend_G","Defend_G","Defend_G","Defend_G","Defend_G","Survivor","Neutralize","Deadly Poison","PiercingWail","Bouncing Flask","Apotheosis+1","Well Laid Plans","Leg Sweep+1","Venomology","CurseOfTheBell","Predator"],"relics":["Ring of the Snake","Membership Card","Nunchaku","PreservedInsect","Lee\u0027s Waffle","Calling Bell","CeramicFish","Question Card","Peace Pipe"],"acts_visited":["Exordium","TheCity"],"potions_floor_usage":[7,14,18,19,19],"damage_taken":[{"damage":0,"enemies":"2 Louse","floor":1,"turns":4},{"damage":3,"enemies":"Small Slimes","floor":5,"turns":4},{"damage":63,"enemies":"Gremlin Nob","floor":7,"turns":6},{"damage":0,"enemies":"Cultist","floor":12,"turns":3},{"damage":0,"enemies":"Blue Slaver","floor":13,"turns":5},{"damage":3,"enemies":"3 Louse","floor":14,"turns":2},{"damage":64,"enemies":"Slime Boss","floor":16,"turns":15},{"damage":13,"enemies":"Shell Parasite","floor":18,"turns":6},{"damage":10,"enemies":"Spheric Guardian","floor":19,"turns":5},{"damage":26,"enemies":"Cultist and Chosen","floor":21,"turns":3}],"seed_played":"-8749030409119340609","potions_obtained":[{"floor":1,"key":"ColorlessPotion"},{"floor":12,"key":"SmokeBomb"},{"floor":16,"key":"Swift Potion"}],"is_trial":false,"path_per_floor":["M","$","?","?","M","R","E","R","T","$","R","M","M","M","R","B",null,"M","M","?","M"],"character_chosen":"THE_SILENT","items_purchased":["Membership Card","PiercingWail","Apotheosis","Lee\u0027s Waffle"],"campfire_rested":2,"item_purchase_floors":[2,2,10,10],"current_hp_per_floor":[59,59,59,48,45,64,1,20,20,73,73,73,73,70,70,6,56,43,33,23,0,0],"gold":152,"neow_bonus":"HUNDRED_GOLD","is_daily":false,"chose_seed":false,"campfire_upgraded":2,"win_rate":0.0,"timestamp":1608397872,"path_taken":["M","$","?","?","M","R","E","R","T","$","R","M","M","M","R","BOSS","M","M","?","?"],"items_purchased_type":["Relic","Card","Card","Relic"],"build_version":"2020-12-13","purchased_purges":0,"victory":false,"max_hp_per_floor":[66,66,66,66,66,66,66,66,66,73,73,73,73,73,73,73,73,73,73,73,73,73],"card_choices":[{"not_picked":["Calculated Gamble","Quick Slash"],"picked":"Deadly Poison","floor":1},{"not_picked":["Sucker Punch","Deflect","Bane"],"picked":"SKIP","floor":5},{"not_picked":["Footwork","Riddle With Holes"],"picked":"Bouncing Flask","floor":7},{"not_picked":["Quick Slash","Dagger Throw"],"picked":"Well Laid Plans","floor":12},{"not_picked":["Bane","Glass Knife"],"picked":"Leg Sweep","floor":13},{"not_picked":["Envenom","Malaise"],"picked":"Venomology","floor":16},{"not_picked":["Calculated Gamble","Caltrops","Sucker Punch","Endless Agony"],"picked":"SKIP","floor":18},{"not_picked":["Blade Dance","Unload","Bane"],"picked":"Predator","floor":19}],"player_experience":1600483,"relics_obtained":[{"floor":7,"key":"Nunchaku"},{"floor":9,"key":"PreservedInsect"},{"floor":17,"key":"CeramicFish"},{"floor":17,"key":"Question Card"},{"floor":17,"key":"Peace Pipe"}],"event_choices":[{"damage_healed":0,"gold_gain":0,"player_choice":"Ignored","damage_taken":0,"max_hp_gain":0,"max_hp_loss":0,"event_name":"Golden Wing","floor":3,"gold_loss":0},{"damage_healed":0,"gold_gain":75,"player_choice":"Gather Gold","damage_taken":11,"max_hp_gain":0,"max_hp_loss":0,"event_name":"World of Goop","floor":4,"gold_loss":0},{"damage_healed":0,"gold_gain":0,"player_choice":"Damaged","damage_taken":10,"max_hp_gain":0,"max_hp_loss":0,"event_name":"Wheel of Change","floor":20,"gold_loss":0}],"is_beta":false,"boss_relics":[{"not_picked":["WristBlade","Runic Pyramid"],"picked":"Calling Bell"}],"items_purged_floors":[],"is_endless":false,"potions_floor_spawned":[1,12,16],"killed_by":"Cultist and Chosen","ascension_level":15}}