{"host":"0azimyi6n3ugndj4","time":1608366468,"event":{"mods":["BaseMod","Bestiary","Conspire","Curses Come First","Defuse TimeMaze Blight","Hyrulean Relics","Infinite Spire","Minty Spire (QoL Compilation)","Relic Sorter","Relic Stats","Replay The Spire","StSLib","SuperFastMode","Uncapped","¡¼?Úª?ø«¡½REMEMod"],"gold_per_floor":[99,99,99,99,99,180,20,20,20,121,163,163,163,163,438,438,438],"floor_reached":16,"playtime":155,"items_purged":[],"score":454,"play_id":"44c4c562-4b0a-490d-86cf-2a9fcf7f1819","local_time":"20201219172748","daily_mods":["Draft","Hoarder","Chimera","Shiny","Specialized","Vintage","ControlledChaos","Allstar","Diverse","Colorless Cards","Heirloom","Time Dilation","Flight","Binary","Elite Swarm","Lethality","Midas","Binary"],"is_ascension_mode":true,"campfire_choices":[],"circlet_count":0,"master_deck":["Demon Form","Wraith Form v2","Echo Form","DevaForm","AscendersBane","Survivor","Zap","Strike_R","Strike_G","Strike_B","Defend_R","Defend_G","Defend_P","Brilliance","Devotion","Replay:AllIn","LessonLearned","Vault","Alpha","Establishment","REME_WorshipGod","Replay:LoomingThreat","DeusExMachina","Judgement","ConjureBlade","REME_EmptyShield","MasterReality","Blasphemy","Ragnarok","REME_CRH","Scrawl","Wish","Omniscience","SpiritShield","DevaForm","Hyperbeam","REME_ForAll","Machine Learning","Buffer","Mirror Shield","Seek","Echo Form","All For One","Reboot","Fission","Core Surge","Multi-Cast","Thunder Strike","Biased Cognition","REME_Shoggoth","Electrodynamics","ReplayRNGCard","ReplayTheSpireMod:Omega Cannon","Rainbow","Meteor Strike","ReplayTheSpireMod:Fabricate Wheel","Amplify","Creative AI","REME_ShadowForm","ReplayTheSpireMod:Necrosis","Corpse Explosion","Die Die Die","Atom Bomb","ReplayTheSpireMod:From All Sides","Adrenaline","Envenom","Doppelganger","Burst","Wraith Form v2","REME_SpectralBlade","Tools of the Trade","REME_CopyPotion","After Image","Poison Darts","A Thousand Cuts","Venomology","Replay:Bag of Tricks","Malaise","Phantasmal Killer","Night Terror","infinitespire:Neurotoxin","Unload","REME_GrazeFinale","Bullet Time","Storm of Steel","Glass Knife","Grand Finale","Double Tap","Demon Form","REME_ACTH","Fiend Fire","Eclipse","conspire:Purge","Berserk","Impervious","Juggernaut","Brutality","Demonic Infusion","conspire:HitWhereItHurts","Exhume","Offering","REME_Fury","Bludgeon","Feed","Replay:Many Hands","Limit Break","Corruption","Barricade","Hemogenesis","REME_TheLastStrike","Reaper","Immolate","Thinking Ahead","Metamorphosis","Master of Strategy","Magnetism","Chrysalis","Mayhem","REME_PuzzleBox","Secret Weapon","Midas Touch","ReplayTheSpireMod:Brewmster","REME_AllRoundStrike","Poisoned Strike","Sadistic Nature","Replay:Dark Deal","REME_Flogging","ReplayUltimateDefense","Transmutation","REME_BattleFury","HandOfGreed","ReplayTheSpireMod:Necrogeddon","Apotheosis","Panache","Violence","Secret Technique","The Bomb","Crow Ritual","REME_BuildACard","REME_ProfessionalPlagiarism","Thinking Ahead","Thinking Ahead","Thinking Ahead","Thinking Ahead","Thinking Ahead","Thinking Ahead","Thinking Ahead","Thinking Ahead","Thinking Ahead","Thinking Ahead","Thinking Ahead","Thinking Ahead","Thinking Ahead","Thinking Ahead","Thinking Ahead","Perseverance","Perseverance","Perseverance","Twin Strike","Twin Strike","Twin Strike","Sever Soul","Sever Soul","Sever Soul","REME_TwoStrings","REME_TwoStrings","REME_TwoStrings","Compile Driver","Compile Driver","Compile Driver","Bloodletting","Bloodletting","Bloodletting","Wireheading","Wireheading","Wireheading","Hologram","Hologram","Hologram","Wallop","Wallop","Wallop","ReplayTheSpireMod:Uncanny Aura","ReplayTheSpireMod:Uncanny Aura","ReplayTheSpireMod:Uncanny Aura","Slice","Slice","Slice","Thunderclap","Thunderclap","Thunderclap","Evaluate","Evaluate","Evaluate","Pommel Strike","Pommel Strike","Pommel Strike","Consume","Consume","Consume","ReplayTheSpireMod:Omega Cannon","ReplayTheSpireMod:Omega Cannon","ReplayTheSpireMod:Omega Cannon","infinitespire:OneForAll","infinitespire:OneForAll","infinitespire:OneForAll","infinitespire:OneForAll","infinitespire:OneForAll","infinitespire:OneForAll","infinitespire:OneForAll","infinitespire:OneForAll","infinitespire:OneForAll","infinitespire:OneForAll","infinitespire:OneForAll","infinitespire:OneForAll","infinitespire:OneForAll","infinitespire:OneForAll","infinitespire:OneForAll","REME_FearOfPain","REME_FearOfPain","REME_FearOfPain","PathToVictory","PathToVictory","PathToVictory","Streamline","Streamline","Streamline","Bloodletting","Bloodletting","Bloodletting","conspire:ExplosiveBarrier","conspire:ExplosiveBarrier","conspire:ExplosiveBarrier","Perfected Strike","Perfected Strike","Perfected Strike","EmptyFist","EmptyFist","EmptyFist","Terror","Terror","Terror","SandsOfTime","SandsOfTime","SandsOfTime","Sanctity","Sanctity","Sanctity","Sword Boomerang","Sword Boomerang","Sword Boomerang","Flex","Flex","Flex","Havoc","Havoc","Havoc","Searing Blow","Searing Blow","Searing Blow","Acrobatics","Acrobatics","Acrobatics","Eruption","Eruption","Eruption","Regret","Regret","Regret"],"relics":["Replay:M_StaffOfTheSnake","Busted Crown","REME_ComplimentaryCards","Turnip","Unceasing Top","Replay:M_SmolderingBlood","infinitespire:Cubic Diamond","Golden Idol","zeldaRelics:CourageTriforce","Centennial Puzzle","Toxic Egg 2","Pantograph","zeldaRelics:WisdomPiece"],"acts_visited":["Exordium"],"potions_floor_usage":[16],"damage_taken":[{"damage":0,"enemies":"Gremlin Nob","floor":6,"turns":2},{"damage":0,"enemies":"Lagavulin","floor":10,"turns":2},{"damage":9,"enemies":"2 Louse","floor":11,"turns":2},{"damage":51,"enemies":"Hexaghost","floor":16,"turns":2}],"seed_played":"-3406798879816752494","potions_obtained":[{"floor":6,"key":"Toxic Potion"}],"is_trial":true,"path_per_floor":["WH","?","?","?","?","E","$","?","T","E","M","$","?","T","R","B"],"character_chosen":"IRONCLAD","items_purchased":["Centennial Puzzle"],"campfire_rested":0,"item_purchase_floors":[7],"current_hp_per_floor":[68,68,68,61,35,35,35,30,30,30,21,21,26,26,26,0,0],"gold":438,"neow_bonus":"","is_daily":false,"chose_seed":false,"campfire_upgraded":0,"win_rate":0.0,"timestamp":1608366468,"path_taken":["WH","?","?","?","?","E","$","?","T","E","?","$","?","?","R","BOSS"],"items_purchased_type":["Relic"],"build_version":"2020-12-13","purchased_purges":0,"victory":false,"max_hp_per_floor":[75,75,75,75,75,75,75,75,75,75,75,75,80,80,80,80,80],"relic_stats":{"Centennial Puzzle":[6],"Busted Crown":6,"counters":[4,8],"Golden Idol":17,"Pantograph":25,"Turnip":[0],"obtain_stats":[{"zeldaRelics:WisdomPiece":14,"Replay:M_StaffOfTheSnake":3,"Golden Idol":5,"infinitespire:Cubic Diamond":3,"Burning Blood":0,"zeldaRelics:CourageTriforce":10,"Frozen Eye":0,"Centennial Puzzle":7,"Busted Crown":0,"Replay:M_SmolderingBlood":2,"Pantograph":11,"Turnip":0,"zeldaRelics:CouragePiece":6,"Toxic Egg 2":8,"Unceasing Top":1,"REME_ComplimentaryCards":0},{"zeldaRelics:WisdomPiece":3,"Replay:M_StaffOfTheSnake":0,"Golden Idol":0,"infinitespire:Cubic Diamond":0,"Burning Blood":0,"zeldaRelics:CourageTriforce":2,"Frozen Eye":0,"Centennial Puzzle":1,"Busted Crown":0,"Replay:M_SmolderingBlood":0,"Pantograph":3,"Turnip":0,"zeldaRelics:CouragePiece":1,"Toxic Egg 2":1,"Unceasing Top":0,"REME_ComplimentaryCards":0},{"zeldaRelics:WisdomPiece":6,"Replay:M_StaffOfTheSnake":0,"Golden Idol":0,"infinitespire:Cubic Diamond":0,"Burning Blood":0,"zeldaRelics:CourageTriforce":4,"Frozen Eye":0,"Centennial Puzzle":2,"Busted Crown":0,"Replay:M_SmolderingBlood":0,"Pantograph":6,"Turnip":0,"zeldaRelics:CouragePiece":2,"Toxic Egg 2":2,"Unceasing Top":0,"REME_ComplimentaryCards":0}],"Unceasing Top":[2]},"card_choices":[{"not_picked":["Slice","Noxious Fumes"],"picked":"Perseverance","floor":0.0},{"not_picked":["Sweeping Beam","Flying Knee"],"picked":"Twin Strike","floor":0.0},{"not_picked":["Rebound","SandsOfTime"],"picked":"Sever Soul","floor":0.0},{"not_picked":["Sword Boomerang","ForeignInfluence"],"picked":"REME_TwoStrings","floor":0.0},{"not_picked":["Thunderclap","Cold Snap"],"picked":"Compile Driver","floor":0.0},{"not_picked":["CutThroughFate","ReplayTheSpireMod:Uncanny Aura"],"picked":"Bloodletting","floor":0.0},{"not_picked":["JustLucky","True Grit"],"picked":"Wireheading","floor":0.0},{"not_picked":["Anger","Cold Snap"],"picked":"Hologram","floor":0.0},{"not_picked":["Shrug It Off","Body Slam"],"picked":"Wallop","floor":0.0},{"not_picked":["Feel No Pain","Replay:AtTheReady"],"picked":"ReplayTheSpireMod:Uncanny Aura","floor":0.0},{"not_picked":["BowlingBash","Collect"],"picked":"Slice","floor":0.0},{"not_picked":["ReplayTheSpireMod:Dual Polarity","Cloak And Dagger"],"picked":"Thunderclap","floor":0.0},{"not_picked":["Wild Strike","Replay:Battleflow"],"picked":"Evaluate","floor":0.0},{"not_picked":["Backflip","WreathOfFlame"],"picked":"Pommel Strike","floor":0.0},{"not_picked":["Replay:ManipulateFuture","Shockwave"],"picked":"Consume","floor":0.0},{"not_picked":["Backflip","Replay:Bootleg Shield Generator"],"picked":"REME_FearOfPain","floor":1.0},{"not_picked":["ReachHeaven","Consecrate"],"picked":"PathToVictory","floor":1.0},{"not_picked":["Defy Death","Coolheaded"],"picked":"Streamline","floor":1.0},{"not_picked":["Ball Lightning","REME_Repentance"],"picked":"Bloodletting","floor":1.0},{"not_picked":["Beam Cell","Underhanded Strike"],"picked":"conspire:ExplosiveBarrier","floor":1.0},{"not_picked":["ReplayTheSpireMod:System Scan","Clash"],"picked":"Perfected Strike","floor":1.0},{"not_picked":["Dagger Throw","BowlingBash"],"picked":"EmptyFist","floor":1.0},{"not_picked":["Deadly Poison","Rage"],"picked":"Terror","floor":1.0},{"not_picked":["Perfected Strike","Turbo"],"picked":"SandsOfTime","floor":1.0},{"not_picked":["Cleave","Barrage"],"picked":"Sanctity","floor":1.0},{"not_picked":["ReplayTheSpireMod:Limb From Limb","Time Bomb"],"picked":"Sword Boomerang","floor":1.0},{"not_picked":["CrushJoints","Auto Shields"],"picked":"Flex","floor":1.0},{"not_picked":["Barrage","Cleave"],"picked":"Havoc","floor":1.0},{"not_picked":["Genetic Algorithm","Prepared"],"picked":"Searing Blow","floor":1.0},{"not_picked":["Second Wind","Backflip"],"picked":"Acrobatics","floor":1.0}],"player_experience":1464652,"relics_obtained":[{"floor":6,"key":"zeldaRelics:CouragePiece"},{"floor":9,"key":"zeldaRelics:CouragePiece"},{"floor":10,"key":"zeldaRelics:CouragePiece"},{"floor":11,"key":"Pantograph"},{"floor":14,"key":"zeldaRelics:WisdomPiece"}],"event_choices":[{"cards_removed":["Eruption"],"damage_healed":0,"gold_gain":0,"player_choice":"Card Removal","damage_taken":7,"max_hp_gain":0,"max_hp_loss":0,"event_name":"Golden Wing","floor":4,"gold_loss":0},{"damage_healed":0,"gold_gain":0,"player_choice":"Take Damage","damage_taken":26,"relics_obtained":["Golden Idol"],"max_hp_gain":0,"max_hp_loss":0,"event_name":"Golden Idol","floor":5,"gold_loss":0},{"damage_healed":0,"gold_gain":0,"player_choice":"Success","damage_taken":5,"relics_obtained":["Toxic Egg 2"],"max_hp_gain":0,"max_hp_loss":0,"event_name":"Scrap Ooze","floor":8,"gold_loss":0},{"damage_healed":0,"gold_gain":0,"player_choice":"Donut","damage_taken":0,"max_hp_gain":5,"max_hp_loss":0,"event_name":"Big Fish","floor":13,"gold_loss":0},{"damage_healed":0,"gold_gain":275,"player_choice":"Desecrate","damage_taken":0,"max_hp_gain":0,"max_hp_loss":0,"event_name":"Golden Shrine","floor":15,"gold_loss":0,"cards_obtained":["Regret"]}],"is_beta":false,"boss_relics":[],"items_purged_floors":[],"is_endless":false,"potions_floor_spawned":[6],"killed_by":"Hexaghost","ascension_level":20}}