{"host":"0vd2boh2oi7jm085","time":1608355221,"event":{"mods":["BaseMod","Colored Map","Colored Powertips","Highlight Path","Minty Spire (QoL Compilation)","Quick Restart","StSLib","The IronCluck"],"gold_per_floor":[369,28,28,28,28,28,43,63,63,63,73,85,98,109,109,187,187,187,187,19,19,19,19,30,30,30],"floor_reached":25,"playtime":426,"items_purged":[],"score":469,"play_id":"eb3c439f-4717-4a50-ae83-494a15a85c5d","local_time":"20201218212021","is_ascension_mode":true,"campfire_choices":[{"data":"Bash","floor":6.0,"key":"SMITH"},{"floor":15.0,"key":"REST"},{"floor":23.0,"key":"REST"}],"circlet_count":0,"master_deck":["AscendersBane","Strike_R","Strike_R","Strike_R","Strike_R","Strike_R","Defend_R","Defend_R","Defend_R","Defend_R","Bash+1","Shame","Perfected Strike+1","Thunderclap+1","Wild Strike","Pommel Strike","Limit Break","Perfected Strike","Inflame"],"relics":["Burning Blood","Red Skull","Brimstone","Mercury Hourglass","Vajra","Nloth\u0027s Gift"],"acts_visited":["Exordium","TheCity"],"potions_floor_usage":[],"damage_taken":[{"damage":14.0,"enemies":"Cultist","floor":1.0,"turns":4.0},{"damage":7.0,"enemies":"Small Slimes","floor":7.0,"turns":3.0},{"damage":4.0,"enemies":"2 Louse","floor":8.0,"turns":3.0},{"damage":14.0,"enemies":"Gremlin Gang","floor":11.0,"turns":3.0},{"damage":10.0,"enemies":"3 Louse","floor":12.0,"turns":2.0},{"damage":15.0,"enemies":"Red Slaver","floor":13.0,"turns":2.0},{"damage":6.0,"enemies":"Gremlin Gang","floor":14.0,"turns":2.0},{"damage":0.0,"enemies":"Slime Boss","floor":16.0,"turns":5.0},{"damage":36.0,"enemies":"3 Byrds","floor":18.0,"turns":3.0},{"damage":22.0,"enemies":"Shell Parasite","floor":19.0,"turns":2.0},{"damage":8.0,"enemies":"Sentry and Sphere","floor":21.0,"turns":3.0},{"damage":38.0,"enemies":"Snake Plant","floor":24.0,"turns":3.0},{"damage":15,"enemies":"Centurion and Healer","floor":25,"turns":2}],"seed_played":"8340886177181851917","potions_obtained":[{"floor":1.0,"key":"Weak Potion"},{"floor":11.0,"key":"ColorlessPotion"}],"is_trial":false,"path_per_floor":["M","$","$","?","?","R","M","M","T","?","M","M","M","M","R","B",null,"M","M","$","M","?","R","M","M"],"character_chosen":"IRONCLAD","items_purchased":["Red Skull","Brimstone","Vajra"],"campfire_rested":2,"item_purchase_floors":[2,2,20],"current_hp_per_floor":[60,60,60,60,65,65,64,66,66,66,58,54,45,45,69,75,79,49,33,33,31,31,55,23,8,8],"gold":30,"neow_bonus":"TWO_FIFTY_GOLD","is_daily":false,"chose_seed":false,"campfire_upgraded":1,"win_rate":0.0,"timestamp":1608355221,"path_taken":["M","?","$","?","?","R","M","M","T","?","M","M","M","M","R","BOSS","M","M","$","?","?","R","?","?"],"items_purchased_type":["Relic","Relic","Relic"],"build_version":"2020-12-13","purchased_purges":0,"victory":false,"max_hp_per_floor":[75,75,75,75,80,80,80,80,80,80,80,80,80,80,80,80,80,80,80,80,80,80,80,80,80,80],"card_choices":[{"not_picked":["True Grit","Combust"],"picked":"Perfected Strike","floor":1.0},{"not_picked":["Sever Soul","Flex"],"picked":"Thunderclap","floor":7.0},{"not_picked":["Power Through","Dark Embrace","Cleave"],"picked":"SKIP","floor":8.0},{"not_picked":["Rage","Whirlwind"],"picked":"Wild Strike","floor":11.0},{"not_picked":["True Grit","Wild Strike","Ghostly Armor"],"picked":"SKIP","floor":12.0},{"not_picked":["Evolve","Uppercut","Disarm"],"picked":"SKIP","floor":13.0},{"not_picked":["Seeing Red","Sword Boomerang"],"picked":"Pommel Strike","floor":14.0},{"not_picked":["Offering","Brutality"],"picked":"Limit Break","floor":16.0},{"not_picked":["Cleave+1","Ghostly Armor"],"picked":"Perfected Strike","floor":18.0},{"not_picked":["Power Through+1","Rupture"],"picked":"Inflame","floor":19.0},{"not_picked":["Dual Wield","Rampage","Thunderclap"],"picked":"SKIP","floor":21.0},{"not_picked":["Rupture","Sword Boomerang","Fiend Fire"],"picked":"SKIP","floor":24.0}],"player_experience":90050,"relics_obtained":[{"floor":9.0,"key":"Mercury Hourglass"}],"event_choices":[{"damage_healed":0.0,"max_hp_gain":0.0,"max_hp_loss":0.0,"gold_gain":0.0,"event_name":"Living Wall","player_choice":"Grow","floor":4.0,"gold_loss":0.0,"damage_taken":0.0,"cards_upgraded":["Perfected Strike"]},{"damage_healed":0.0,"max_hp_gain":5.0,"max_hp_loss":0.0,"gold_gain":0.0,"event_name":"Big Fish","player_choice":"Donut","floor":5.0,"gold_loss":0.0,"damage_taken":0.0},{"damage_healed":0.0,"max_hp_gain":0.0,"max_hp_loss":0.0,"gold_gain":0.0,"event_name":"Upgrade Shrine","player_choice":"Upgraded","floor":10.0,"gold_loss":0.0,"damage_taken":0.0,"cards_upgraded":["Thunderclap"]},{"damage_healed":0.0,"max_hp_gain":0.0,"max_hp_loss":0.0,"gold_gain":0.0,"event_name":"N\u0027loth","player_choice":"Traded Relic","floor":22.0,"relics_lost":["Ectoplasm"],"gold_loss":0.0,"damage_taken":0.0,"relics_obtained":["Nloth\u0027s Gift"]}],"is_beta":false,"boss_relics":[{"not_picked":["Busted Crown","Coffee Dripper"],"picked":"Ectoplasm"}],"items_purged_floors":[],"is_endless":false,"potions_floor_spawned":[1,11,13,18,19],"killed_by":"Centurion and Healer","ascension_level":18}}