{"host":"y3c04fpfin1l2e6u","time":1608364281,"event":{"mods":["Act Like it!","BaseMod","Better-Laid Plans","Challenge The Spire","Googly Eyes","Hallownest","Lobotomy","Minty Spire (QoL Compilation)","Permanent Neow","Quick Restart","Relic Stats","Spicy Shops","StSLib","SuperFastMode","TestMod","The Bug Knight","êº¤õ«ü«n"],"gold_per_floor":[109,109,123,133,145,162,87,87,114,139,42,42,77,92,92,194,194,209,229,184,200,200,120,120,120],"floor_reached":24,"playtime":1092,"items_purged":[],"score":208,"play_id":"bdd8ff89-0e2e-4db2-b922-3f58416f28a3","local_time":"20201219155121","is_ascension_mode":false,"campfire_choices":[{"floor":8.0,"key":"REST"},{"floor":12.0,"key":"REST"},{"floor":15.0,"key":"REST"}],"circlet_count":0,"master_deck":["HollowMod:NailStrikeStart","HollowMod:NailStrikeStart","HollowMod:NailStrikeStart","HollowMod:NailStrikeStart","HollowMod:QuickDashStart","HollowMod:QuickDashStart","HollowMod:QuickDashStart","HollowMod:QuickDashStart","HollowMod:FocusHealStart","HollowMod:PogoStrike","HollowMod:InfectedCysts","HollowMod:LifebloodCocoon","HollowMod:MothsMistake","HollowMod:HuntersJournal","HollowMod:DoubleDash","HollowMod:Weaversong","Hallownest:skillGreenpathMap","testmod-RabbitOfFibonacci","HollowMod:DoubleDash","HollowMod:DoubleDash","HollowMod:SlysStrikes","HollowMod:DashSlash+1","HollowMod:CrystalDash","HollowMod:BrokenVessel","Hallownest:skillCityofTearsMap"],"relics":["HollowMod:VesselMask","testmod-TestBox","Hallownest:DreamNailRelic","Happy Flower","Nunchaku","Toy Ornithopter","Black Star","Red Mask"],"acts_visited":["Hallownest:Greenpath","Hallownest:CityofTears"],"potions_floor_usage":[],"damage_taken":[{"damage":8.0,"enemies":"Hallownest:2_Baldur","floor":1.0,"turns":2.0},{"damage":8.0,"enemies":"Hallownest:2_MossCreeps","floor":3.0,"turns":3.0},{"damage":4.0,"enemies":"Hallownest:monsterHuskWarrior","floor":4.0,"turns":4.0},{"damage":35.0,"enemies":"Hallownest:1_Ooma_and_2_Uuma","floor":5.0,"turns":5.0},{"damage":8.0,"enemies":"Hallownest:2_Tiktiks_1_Baldur_1_Crawlid","floor":6.0,"turns":2.0},{"damage":13.0,"enemies":"Hallownest:eliteMossKnight","floor":10.0,"turns":10.0},{"damage":16.0,"enemies":"Hallownest:eliteVengeflyKing","floor":13.0,"turns":9.0},{"damage":12.0,"enemies":"Hallownest:Wandering_and_Horned","floor":14.0,"turns":5.0},{"damage":77.0,"enemies":"Hallownest:BossHornet","floor":16.0,"turns":10.0},{"damage":29.0,"enemies":"Hallownest:2_Mistakes","floor":18.0,"turns":8.0},{"damage":28.0,"enemies":"Hallownest:Guard_and_Sentry","floor":19.0,"turns":7.0},{"damage":33,"enemies":"Hallownest:Warrior_and_Youth","floor":21,"turns":7},{"damage":35,"enemies":"Hallownest:eliteSoulWarrior","floor":24,"turns":10}],"seed_played":"-2934523042617593835","potions_obtained":[{"floor":1.0,"key":"PowerPotion"},{"floor":3.0,"key":"SpeedPotion"},{"floor":4.0,"key":"FearPotion"},{"floor":6.0,"key":"Energy Potion"},{"floor":19.0,"key":"FairyPotion"}],"is_trial":false,"path_per_floor":["M","?","M","M","M","M","?","R","T","E","$","R","E","M","R","B",null,"M","M","?","M","?","?","E"],"character_chosen":"THE_BUGKNIGHT","items_purchased":["testmod-RabbitOfFibonacci"],"campfire_rested":3,"item_purchase_floors":[11],"current_hp_per_floor":[67,67,65,61,26,18,18,40,40,33,33,55,49,43,65,15,75,52,24,24,25,25,25,0,0],"gold":120,"neow_bonus":"THREE_CARDS","is_daily":false,"chose_seed":false,"campfire_upgraded":0,"win_rate":0.0,"timestamp":1608364281,"path_taken":["M","?","?","?","M","M","?","R","T","E","?","R","E","M","R","BOSS","M","M","?","M","?","?","E"],"items_purchased_type":["Card"],"build_version":"2020-12-13","purchased_purges":0,"victory":false,"max_hp_per_floor":[75,75,75,75,75,75,75,75,75,75,75,75,75,75,75,75,75,75,75,75,75,75,75,75,75],"relic_stats":{"Nunchaku":[7],"Happy Flower":[22],"counters":[13,82],"Black Star":0,"obtain_stats":[{"Nunchaku":10,"testmod-TestBox":0,"Happy Flower":9,"HollowMod:VesselMask":0,"Hallownest:DreamNailRelic":2,"Black Star":17,"Red Mask":22,"Toy Ornithopter":13},{"Nunchaku":6,"testmod-TestBox":0,"Happy Flower":5,"HollowMod:VesselMask":0,"Hallownest:DreamNailRelic":1,"Black Star":9,"Red Mask":12,"Toy Ornithopter":7},{"Nunchaku":26,"testmod-TestBox":0,"Happy Flower":16,"HollowMod:VesselMask":0,"Hallownest:DreamNailRelic":2,"Black Star":50,"Red Mask":72,"Toy Ornithopter":35}],"Toy Ornithopter":15},"card_choices":[{"not_picked":["HollowMod:DescendingDark","HollowMod:ShadowDash"],"picked":"HollowMod:InfectedCysts","floor":0.0},{"not_picked":["HollowMod:MonomonsArchive","HollowMod:Grubsong"],"picked":"HollowMod:LifebloodCocoon","floor":1.0},{"not_picked":["HollowMod:MonomonsArchive","HollowMod:VengefulVoid"],"picked":"HollowMod:MothsMistake","floor":3.0},{"not_picked":["HollowMod:InfectedAttack","HollowMod:QuirrelsAssistance"],"picked":"HollowMod:HuntersJournal","floor":4.0},{"not_picked":["HollowMod:GoodIntentions","HollowMod:SiblingsSouls"],"picked":"HollowMod:DoubleDash","floor":5.0},{"not_picked":["HollowMod:CloakDash","HollowMod:HeavyBlow"],"picked":"HollowMod:Weaversong","floor":6.0},{"not_picked":["HollowMod:ShadowDash","HollowMod:SiblingsSouls","HollowMod:VengefulVoid"],"picked":"SKIP","floor":10.0},{"not_picked":["HollowMod:NewLittleFool","HollowMod:SoulEater"],"picked":"HollowMod:DoubleDash","floor":13.0},{"not_picked":["HollowMod:NewLittleFool","HollowMod:HowlingWraiths"],"picked":"HollowMod:DoubleDash","floor":14.0},{"not_picked":["HollowMod:AwokenDreamNail","HollowMod:NewInfectedGuardian"],"picked":"HollowMod:SlysStrikes","floor":16.0},{"not_picked":["HollowMod:GreatSlash","HollowMod:NewLittleFool+1"],"picked":"HollowMod:DashSlash+1","floor":18.0},{"not_picked":["HollowMod:VengefulSpirit+1","HollowMod:NewJinnsSoul"],"picked":"HollowMod:CrystalDash","floor":19.0},{"not_picked":["HollowMod:DungDefenderAura","HollowMod:SiblingsSouls"],"picked":"HollowMod:BrokenVessel","floor":21}],"player_experience":45517,"relics_obtained":[{"floor":9.0,"key":"Happy Flower"},{"floor":10.0,"key":"Nunchaku"},{"floor":13.0,"key":"Toy Ornithopter"}],"event_choices":[],"is_beta":false,"boss_relics":[{"not_picked":["testmod-Nine","testmod-PortableAltar"],"picked":"Black Star"}],"items_purged_floors":[],"is_endless":false,"potions_floor_spawned":[1,3,4,6,19],"killed_by":"Hallownest:eliteSoulWarrior","ascension_level":0}}