{"host":"1z4hbl9vfqrhg136","time":1608339304,"event":{"mods":["BaseMod","Minty Spire (QoL Compilation)"],"gold_per_floor":[118,131,46,60,77,77,107,107,130,143,160,174,251,287,287,370,370,398,24,46,55,76,76,28,28,28],"floor_reached":25,"playtime":2076,"items_purged":["Strike_R"],"score":430,"play_id":"a25a6982-e27d-4a52-a7d3-4c4e0e475e2b","local_time":"20201219005504","is_ascension_mode":true,"campfire_choices":[{"data":"Armaments","floor":6,"key":"SMITH"},{"data":"Seeing Red","floor":8,"key":"SMITH"},{"floor":15,"key":"REST"},{"data":"True Grit","floor":23,"key":"SMITH"}],"circlet_count":0,"master_deck":["AscendersBane","Strike_R","Strike_R","Strike_R","Strike_R","Defend_R","Defend_R","Defend_R","Defend_R","Bash","Iron Wave","Evolve","Feel No Pain","Armaments+1","Battle Trance","Seeing Red+1","Clothesline","Headbutt","Demon Form","True Grit","Corruption","True Grit+1","Immolate","Feel No Pain","Seeing Red+1","Body Slam","Shrug It Off"],"relics":["Burning Blood","Champion Belt","Boot","Smiling Mask","CeramicFish","Coffee Dripper","Lee\u0027s Waffle"],"acts_visited":["Exordium","TheCity"],"potions_floor_usage":[7,7,11,18,22,25],"damage_taken":[{"damage":1,"enemies":"Cultist","floor":1,"turns":4},{"damage":4,"enemies":"Small Slimes","floor":2,"turns":5},{"damage":4,"enemies":"2 Louse","floor":4,"turns":4},{"damage":12,"enemies":"Red Slaver","floor":5,"turns":6},{"damage":13,"enemies":"Lagavulin","floor":7,"turns":8},{"damage":14,"enemies":"Blue Slaver","floor":10,"turns":5},{"damage":7,"enemies":"Exordium Thugs","floor":11,"turns":5},{"damage":10,"enemies":"Gremlin Gang","floor":12,"turns":6},{"damage":37,"enemies":"Gremlin Nob","floor":14,"turns":5},{"damage":21,"enemies":"Slime Boss","floor":16,"turns":6},{"damage":22,"enemies":"Shell Parasite","floor":18,"turns":5},{"damage":28,"enemies":"Spheric Guardian","floor":20,"turns":6},{"damage":41,"enemies":"Shelled Parasite and Fungi","floor":22,"turns":4},{"damage":22,"enemies":"Book of Stabbing","floor":25,"turns":4}],"seed_played":"7058366457058166023","potions_obtained":[{"floor":1,"key":"ColorlessPotion"},{"floor":2,"key":"DuplicationPotion"},{"floor":7,"key":"DuplicationPotion"},{"floor":14,"key":"Swift Potion"},{"floor":18,"key":"Fire Potion"},{"floor":22,"key":"SpeedPotion"}],"is_trial":false,"path_per_floor":["M","M","$","M","M","R","E","R","T","M","M","M","?","E","R","B",null,"M","$","M","?","M","R","$","E"],"character_chosen":"IRONCLAD","items_purchased":["Feel No Pain","Lee\u0027s Waffle","Immolate","Shrug It Off"],"campfire_rested":1,"item_purchase_floors":[3,19,19,24],"current_hp_per_floor":[68,68,68,68,62,62,55,55,55,47,46,42,42,11,31,16,55,39,75,53,53,18,18,18,0,0],"gold":28,"neow_bonus":"ONE_RARE_RELIC","is_daily":false,"chose_seed":false,"campfire_upgraded":3,"win_rate":0.0,"timestamp":1608339304,"path_taken":["M","M","$","M","M","R","E","R","T","M","M","M","?","E","R","BOSS","M","$","M","?","M","R","$","E"],"items_purchased_type":["Card","Relic","Card","Card"],"build_version":"2020-12-13","purchased_purges":1,"victory":false,"max_hp_per_floor":[68,68,68,68,68,68,68,68,68,68,68,68,68,68,68,68,68,68,75,75,75,75,75,75,75,75],"card_choices":[{"not_picked":["Rage","Shrug It Off"],"picked":"Iron Wave","floor":1},{"not_picked":["Warcry","Searing Blow"],"picked":"Evolve","floor":2},{"not_picked":["Flex","Anger"],"picked":"Armaments","floor":4},{"not_picked":["Pummel","Sword Boomerang"],"picked":"Battle Trance","floor":5},{"not_picked":["Clash","Sever Soul"],"picked":"Seeing Red","floor":7},{"not_picked":["Heavy Blade","Flex"],"picked":"Clothesline","floor":10},{"not_picked":["Heavy Blade","Pummel"],"picked":"Headbutt","floor":11},{"not_picked":["True Grit","Reckless Charge"],"picked":"Demon Form","floor":12},{"not_picked":["Pommel Strike","Clash"],"picked":"True Grit","floor":14},{"not_picked":["Bludgeon","Demon Form"],"picked":"Corruption","floor":16},{"not_picked":["Anger","Armaments"],"picked":"True Grit","floor":18},{"not_picked":["Barricade","Perfected Strike"],"picked":"Feel No Pain","floor":20},{"not_picked":["Warcry","Bloodletting"],"picked":"Body Slam","floor":22}],"player_experience":1839660,"relics_obtained":[{"floor":7,"key":"Boot"},{"floor":9,"key":"Smiling Mask"},{"floor":14,"key":"CeramicFish"}],"event_choices":[{"damage_healed":0,"gold_gain":77,"player_choice":"Gained Gold","damage_taken":0,"max_hp_gain":0,"max_hp_loss":0,"event_name":"Golden Wing","floor":13,"gold_loss":0},{"damage_healed":0,"gold_gain":0,"player_choice":"Copied","damage_taken":0,"max_hp_gain":0,"max_hp_loss":0,"event_name":"Duplicator","floor":21,"gold_loss":0,"cards_obtained":["Seeing Red"]}],"is_beta":false,"boss_relics":[{"not_picked":["Empty Cage","Ectoplasm"],"picked":"Coffee Dripper"}],"items_purged_floors":[19],"is_endless":false,"potions_floor_spawned":[1,2,7,14,18,22],"killed_by":"Book of Stabbing","ascension_level":20}}