{"host":"51f0ad793vly1w6u","time":1608371081,"event":{"mods":["BaseMod","Colored Map","DeckTracker","Minty Spire (QoL Compilation)","StSLib","SuperFastMode"],"gold_per_floor":[111,261,261,279,294,328,68,68,93,18,30,30,60,70,70,143,143,160,170,180,180,190,190,208,208,208,208,20,34,49,80,80,158,158,158,158],"floor_reached":35,"playtime":823,"items_purged":["Doubt","Strike_B"],"score":778,"play_id":"4ee6f033-5aec-44ea-8135-fb9bc6c04570","local_time":"20201219184441","is_ascension_mode":true,"campfire_choices":[{"data":"Defragment","floor":8.0,"key":"SMITH"},{"floor":15.0,"key":"REST"},{"data":"Turbo","floor":23.0,"key":"SMITH"},{"data":"Hologram","floor":25.0,"key":"SMITH"},{"data":"Dualcast","floor":27.0,"key":"SMITH"},{"floor":32.0,"key":"REST"}],"circlet_count":0,"master_deck":["AscendersBane","Strike_B","Strike_B","Strike_B","Defend_B","Defend_B","Defend_B","Zap","Dualcast+1","Coolheaded","Compile Driver","Ball Lightning","Glacier","Blizzard","Defragment+1","Rainbow","Hologram+1","Amplify","Defragment+1","Turbo+1","Self Repair","Echo Form"],"relics":["FrozenCore","NeowsBlessing","Bag of Preparation","Runic Capacitor","Ancient Tea Set","Blood Vial","Ornamental Fan","Centennial Puzzle","Sozu"],"acts_visited":["Exordium","TheCity","TheBeyond"],"potions_floor_usage":[],"damage_taken":[{"damage":0.0,"enemies":"Jaw Worm","floor":1.0,"turns":1.0},{"damage":0.0,"enemies":"2 Louse","floor":4.0,"turns":1.0},{"damage":0.0,"enemies":"Cultist","floor":5.0,"turns":1.0},{"damage":19.0,"enemies":"Lagavulin","floor":6.0,"turns":8.0},{"damage":14.0,"enemies":"Red Slaver","floor":11.0,"turns":3.0},{"damage":24.0,"enemies":"Gremlin Nob","floor":13.0,"turns":4.0},{"damage":2.0,"enemies":"2 Fungi Beasts","floor":14.0,"turns":3.0},{"damage":6.0,"enemies":"Slime Boss","floor":16.0,"turns":5.0},{"damage":14.0,"enemies":"2 Thieves","floor":18.0,"turns":4.0},{"damage":10.0,"enemies":"Chosen","floor":19.0,"turns":5.0},{"damage":9.0,"enemies":"Snake Plant","floor":20.0,"turns":5.0},{"damage":3.0,"enemies":"Snecko","floor":22.0,"turns":6.0},{"damage":0.0,"enemies":"Cultist and Chosen","floor":24.0,"turns":6.0},{"damage":4.0,"enemies":"3 Cultists","floor":29.0,"turns":5.0},{"damage":4.0,"enemies":"Shelled Parasite and Fungi","floor":30.0,"turns":6.0},{"damage":41.0,"enemies":"Slavers","floor":31.0,"turns":8.0},{"damage":1.0,"enemies":"Collector","floor":33.0,"turns":16.0},{"damage":72,"enemies":"3 Shapes","floor":35,"turns":3}],"seed_played":"-6823657041181511585","potions_obtained":[{"floor":5.0,"key":"SkillPotion"},{"floor":6.0,"key":"GamblersBrew"},{"floor":11.0,"key":"Strength Potion"},{"floor":14.0,"key":"FocusPotion"},{"floor":19.0,"key":"Dexterity Potion"},{"floor":24.0,"key":"SmokeBomb"},{"floor":29.0,"key":"ColorlessPotion"},{"floor":31.0,"key":"FocusPotion"}],"is_trial":false,"path_per_floor":["M","?","?","M","M","E","$","R","T","$","M","?","E","M","R","B",null,"M","M","M","?","M","R","M","R","T","R","$","M","M","E","R","B",null,"M"],"character_chosen":"DEFECT","items_purchased":["Defragment","Runic Capacitor","Self Repair"],"campfire_rested":2,"item_purchase_floors":[7,7,28],"current_hp_per_floor":[64,64,64,64,64,45,45,45,45,45,31,31,9,9,30,26,60,48,40,33,33,32,32,34,34,34,34,34,39,44,12,33,41,64,0,0],"gold":158,"neow_bonus":"THREE_ENEMY_KILL","is_daily":false,"chose_seed":false,"campfire_upgraded":4,"win_rate":0.0,"timestamp":1608371081,"path_taken":["M","?","?","?","M","E","$","R","T","?","M","?","E","M","R","BOSS","M","M","?","?","M","R","M","R","T","R","$","?","M","E","R","BOSS","M"],"items_purchased_type":["Card","Relic","Card"],"build_version":"2020-12-13","purchased_purges":2,"victory":false,"max_hp_per_floor":[71,71,71,71,71,71,71,71,71,71,71,71,71,71,71,71,71,71,71,71,71,71,71,71,71,71,71,71,71,71,71,71,71,71,71,71],"card_choices":[{"not_picked":["Steam","Genetic Algorithm"],"picked":"Coolheaded","floor":1.0},{"not_picked":["Redo","Stack"],"picked":"Ball Lightning","floor":4.0},{"not_picked":["Go for the Eyes","Rebound"],"picked":"Glacier","floor":5.0},{"not_picked":["Cold Snap","Hello World"],"picked":"Blizzard","floor":6.0},{"not_picked":["Beam Cell","Leap"],"picked":"Rainbow","floor":11.0},{"not_picked":["Chaos","Fusion","Gash"],"picked":"SKIP","floor":13.0},{"not_picked":["Redo","Cold Snap"],"picked":"Hologram","floor":14.0},{"not_picked":["Fission","All For One"],"picked":"Amplify","floor":16.0},{"not_picked":["Double Energy","Lockon","Compile Driver"],"picked":"SKIP","floor":18.0},{"not_picked":["Turbo","Static Discharge"],"picked":"Defragment","floor":19.0},{"not_picked":["FTL","Coolheaded"],"picked":"Turbo","floor":20.0},{"not_picked":["Rip and Tear","Lockon","Steam"],"picked":"SKIP","floor":22.0},{"not_picked":["Coolheaded","Steam","All For One"],"picked":"SKIP","floor":24.0},{"not_picked":["Sweeping Beam","Ball Lightning","Beam Cell"],"picked":"SKIP","floor":29.0},{"not_picked":["Sunder+1","Streamline","Hologram"],"picked":"SKIP","floor":30.0},{"not_picked":["Steam","Stack+1","Rebound"],"picked":"SKIP","floor":31.0},{"not_picked":["Creative AI","Machine Learning"],"picked":"Echo Form","floor":33.0}],"player_experience":1368611,"relics_obtained":[{"floor":6.0,"key":"Bag of Preparation"},{"floor":9.0,"key":"Ancient Tea Set"},{"floor":13.0,"key":"Ornamental Fan"},{"floor":31.0,"key":"Centennial Puzzle"}],"event_choices":[{"damage_healed":0.0,"max_hp_gain":0.0,"max_hp_loss":0.0,"gold_gain":150.0,"event_name":"Liars Game","player_choice":"AGREE","floor":2.0,"gold_loss":0.0,"damage_taken":0.0,"cards_obtained":["Doubt"]},{"damage_healed":0.0,"max_hp_gain":0.0,"max_hp_loss":0.0,"gold_gain":0.0,"cards_transformed":["Defend_B"],"event_name":"Transmorgrifier","player_choice":"Transformed","floor":3.0,"gold_loss":0.0,"damage_taken":0.0,"cards_obtained":["Compile Driver"]},{"damage_healed":0.0,"max_hp_gain":0.0,"max_hp_loss":0.0,"gold_gain":0.0,"event_name":"WeMeetAgain","player_choice":"Gave Potion","floor":12.0,"gold_loss":0.0,"damage_taken":0.0,"relics_obtained":["Blood Vial"]},{"damage_healed":0.0,"max_hp_gain":0.0,"max_hp_loss":0.0,"gold_gain":0.0,"event_name":"Accursed Blacksmith","player_choice":"Forge","floor":21.0,"gold_loss":0.0,"damage_taken":0.0,"cards_upgraded":["Defragment"]}],"is_beta":false,"boss_relics":[{"not_picked":["Pandora\u0027s Box","Inserter"],"picked":"FrozenCore"},{"not_picked":["SlaversCollar","Astrolabe"],"picked":"Sozu"}],"items_purged_floors":[10,28],"is_endless":false,"potions_floor_spawned":[5,6,11,14,19,24,29,31],"killed_by":"3 Shapes","ascension_level":20}}