{"host":"ds28d883r3sz42zs","time":1608345153,"event":{"mods":["2.2 Compatiblity","AchievementEnabler","Act Like it!","Aspiration","BaseMod","Bestiary","Better Match","Better Sensory Stone","Better Silent Start","Better Third Choice","Better-Laid Plans","BetterRewards","Block Reminder","Challenge The Spire","Colored Map","Colored Powertips","Conspire","DeckTracker","Defuse TimeMaze Blight","Disable Question Mark Monsters","Displayed Cursed Tome","Emptier Cage","GifTheSpireLib","Gold Saver","Hubris","Infinite Spire","Minty Spire (QoL Compilation)","Permanent Neow","Practice Mode","Quick Restart","Random Character Button","Rare Cards Sparkle","Relic Filter","Relic Sorter","Relic Stats","Replay The Spire","SacredBarkPlus","StSLib","Stuff the Spire","SuperFastMode","The Jungle","Uncapped","Unknown Chances"],"gold_per_floor":[412,424,28,42,42,75,75,86,110,110,122,122,47,72,72,171,171,190,202,214,139,149,181,181,197,220,251,270,281,281,307,307,383,383,397,414,414,424,438,465,465,483,557,457,457,93,93,120,120,194,194,204,211,211,218,219,219,227,227,253,253,12,32,75,90,90,144,144,143,143,147,71,82,89,89,91,116,126,143,146,165,165,165,224,224,231,240,206,0,17,17,15,15,39,39,39,54,42,42,42,88,88,92,92,92,102,102,102,141,141,141,141,164,167,197,215,215,279,279,279],"floor_reached":119,"playtime":4561,"items_purged":["Defend_R"],"score":4342,"play_id":"f89de885-ffc2-4703-8d2b-20fc36503cb1","local_time":"20201218213233","is_ascension_mode":true,"campfire_choices":[{"data":"Bash","floor":7.0,"key":"SMITH"},{"data":"Spot Weakness","floor":12.0,"key":"SMITH"},{"floor":15.0,"key":"DIG"},{"data":"Feel No Pain","floor":24.0,"key":"SMITH"},{"data":"Battle Trance","floor":32.0,"key":"SMITH"},{"data":"Defend_R","floor":41,"key":"SMITH"},{"data":"Juggernaut","floor":45,"key":"SMITH"},{"data":"Feed","floor":49,"key":"SMITH"},{"data":"1","floor":57,"key":"LIFT"},{"data":"2","floor":59,"key":"LIFT"},{"data":"3","floor":61,"key":"LIFT"},{"data":"Feel No Pain","floor":66,"key":"SMITH"},{"data":"Pot Of Greed","floor":75,"key":"SMITH"},{"data":"Pot Of Greed","floor":83,"key":"SMITH"},{"data":"Pot Of Greed","floor":91,"key":"SMITH"},{"floor":96,"key":"DIG"},{"floor":108,"key":"DIG"},{"floor":110,"key":"DIG"},{"data":"conspire:Banana","floor":117,"key":"SMITH"}],"circlet_count":0,"master_deck":["Strike_R","Strike_R","Strike_R","Strike_R","Strike_R","Defend_R","Bash+1","Perfected Strike+1","Power Through","Battle Trance+1","Spot Weakness+1","Reaper","Feel No Pain+1","Clash","Power Through","Clash","Pommel Strike+1","Juggernaut+1","Perfected Strike","Neutralize+1","Evolve+1","Shrug It Off+1","Feed+1","Exhume","Barricade","Power Through+1","Feel No Pain+1","Shrug It Off","Offering+1","infinitespire:Gouge","Pot Of Greed+1","Pot Of Greed+1","Pot Of Greed+1","Shockwave+1","Poisoned Strike","conspire:Banana+1","conspire:Purge"],"relics":["Burning Blood","Pen Nib","Medical Kit","hubris:Towel","hubris:OldNail","StuffTheSpire:Experiment12","infinitespire:Bottled Soul","Shuriken","StuffTheSpire:HeavyRock","hubris:TerracottaHorce","Eternal Feather","infinitespire:PuzzleCube","infinitespire:Broken Mirror","aspiration:FrozenJewel","Mark of Pain","Bag of Preparation","Kunai","Girya","hubris:ChampionShield","Replay:Grab Bag","Runic Dome","ChewingGum","aspiration:PoetsPen","hubris:ScarierMask","The Courier","Happy Flower","PreservedInsect","StuffTheSpire:Barrel","Toy Ornithopter","hubris:Stopwatch","Nunchaku","Replay:Bottled Eggs","Grinning Jar","Replay:Multitool","Tiny Chest","Bag of Marbles","Anchor","Philosopher\u0027s Stone","Red Mask","Juzu Bracelet","StuffTheSpire:SapphireSignet","hubris:GlazedTorus","conspire:SpecialSausage","Quantum Egg","Golden Idol","Ring of Fury","Potion Belt","hubris:EmptyBottle","StuffTheSpire:CocoNut","Lizard Tail","StuffTheSpire:Expresso","FossilizedHelix","hubris:MedicalManual","Replay:Ringing Soul","Pear","hubris:BlackHole"],"acts_visited":["Exordium","TheCity","TheBeyond","Exordium","TheCity","TheBeyond","Exordium","TheCity"],"potions_floor_usage":[56,58,73],"damage_taken":[{"damage":5.0,"enemies":"Cultist","floor":1.0,"turns":5.0},{"damage":0.0,"enemies":"conspire:RoseBush","floor":2.0,"turns":4.0},{"damage":0.0,"enemies":"Jaw Worm","floor":4.0,"turns":3.0},{"damage":25.0,"enemies":"Replay:BlueRogue","floor":6.0,"turns":6.0},{"damage":0.0,"enemies":"3 Louse","floor":8.0,"turns":3.0},{"damage":0.0,"enemies":"Large Slime","floor":11.0,"turns":8.0},{"damage":12.0,"enemies":"Gremlin Nob","floor":14.0,"turns":3.0},{"damage":34.0,"enemies":"Fading Forest","floor":16.0,"turns":11.0},{"damage":2.0,"enemies":"Chosen","floor":18.0,"turns":6.0},{"damage":9.0,"enemies":"2 Thieves","floor":19.0,"turns":4.0},{"damage":10.0,"enemies":"Snake Plant","floor":20.0,"turns":5.0},{"damage":0.0,"enemies":"Cultist and Chosen","floor":22.0,"turns":5.0},{"damage":31.0,"enemies":"Replay:Snechameleon","floor":23.0,"turns":6.0},{"damage":6.0,"enemies":"Centurion and Healer","floor":25.0,"turns":5.0},{"damage":2.0,"enemies":"Nightmare","floor":27.0,"turns":6.0},{"damage":0.0,"enemies":"conspire:HollyBat","floor":28.0,"turns":7.0},{"damage":0.0,"enemies":"Sentry and Sphere","floor":29.0,"turns":4.0},{"damage":0.0,"enemies":"Replay:Snechameleon","floor":31.0,"turns":3.0},{"damage":15.0,"enemies":"hubris:MusketHawk","floor":33.0,"turns":6.0},{"damage":0.0,"enemies":"Orb Walker","floor":35.0,"turns":2.0},{"damage":2.0,"enemies":"3 Shapes","floor":36.0,"turns":4.0},{"damage":0,"enemies":"Spire Growth","floor":38,"turns":3},{"damage":2,"enemies":"4 Shapes","floor":39,"turns":4},{"damage":12,"enemies":"Reptomancer","floor":40,"turns":5},{"damage":0,"enemies":"Transient","floor":42,"turns":5},{"damage":50,"enemies":"infinitespire:MassOfShapes","floor":50,"turns":7},{"damage":0,"enemies":"2 Louse","floor":52,"turns":1},{"damage":0,"enemies":"Small Slimes","floor":53,"turns":1},{"damage":13,"enemies":"Jaw Worm","floor":54,"turns":2},{"damage":0,"enemies":"Exordium Thugs","floor":55,"turns":1},{"damage":0,"enemies":"2 Fungi Beasts","floor":56,"turns":1},{"damage":5,"enemies":"3 Sentries","floor":58,"turns":3},{"damage":1,"enemies":"Gremlin Nob","floor":63,"turns":2},{"damage":0,"enemies":"3 Sentries","floor":65,"turns":2},{"damage":51,"enemies":"Hexaghost","floor":67,"turns":3},{"damage":10,"enemies":"Shell Parasite","floor":69,"turns":2},{"damage":13,"enemies":"Chosen","floor":71,"turns":2},{"damage":0,"enemies":"Sentry and Sphere","floor":73,"turns":1},{"damage":4,"enemies":"conspire:SneckoGhost","floor":74,"turns":1},{"damage":4,"enemies":"conspire:Head Lice","floor":76,"turns":4},{"damage":4,"enemies":"Snake Plant","floor":78,"turns":1},{"damage":4,"enemies":"Nightmare","floor":79,"turns":1},{"damage":18,"enemies":"Snecko","floor":80,"turns":3},{"damage":0,"enemies":"conspire:Head Lice","floor":81,"turns":1},{"damage":0,"enemies":"Automaton","floor":84,"turns":1},{"damage":4,"enemies":"3 Shapes","floor":86,"turns":1},{"damage":0,"enemies":"3 Darklings","floor":87,"turns":1},{"damage":2,"enemies":"Transient","floor":88,"turns":5},{"damage":13,"enemies":"Maw","floor":90,"turns":2},{"damage":8,"enemies":"4 Shapes","floor":92,"turns":3},{"damage":10,"enemies":"Nightmare","floor":97,"turns":2},{"damage":10,"enemies":"Writhing Mass","floor":98,"turns":2},{"damage":0,"enemies":"hubris:GrandSnecko","floor":101,"turns":3},{"damage":6,"enemies":"Cultist","floor":103,"turns":1},{"damage":4,"enemies":"Jaw Worm","floor":106,"turns":1},{"damage":0,"enemies":"Gremlin Nob","floor":109,"turns":1},{"damage":0,"enemies":"Lagavulin","floor":113,"turns":2},{"damage":0,"enemies":"2 Louse","floor":114,"turns":3},{"damage":0,"enemies":"Gremlin Nob","floor":115,"turns":1},{"damage":0,"enemies":"Large Slime","floor":116,"turns":1},{"damage":0,"enemies":"The Guardian","floor":118,"turns":2}],"seed_played":"-5107448775464274045","potions_obtained":[{"floor":4.0,"key":"Energy Potion"},{"floor":6.0,"key":"Dexterity Potion"},{"floor":16.0,"key":"Swift Potion"},{"floor":18.0,"key":"DistilledChaos"},{"floor":19.0,"key":"ElixirPotion"},{"floor":36.0,"key":"EntropicBrew"},{"floor":54,"key":"Fruit Juice"},{"floor":56,"key":"BloodPotion"},{"floor":58,"key":"Strength Potion"},{"floor":73,"key":"LiquidBronze"},{"floor":81,"key":"GamblersBrew"},{"floor":88,"key":"Adrenaline Potion"},{"floor":101,"key":"Adrenaline Potion"},{"floor":107,"key":"Block Potion"},{"floor":107,"key":"Weak Potion"},{"floor":107,"key":"ColorlessPotion"}],"is_trial":false,"path_per_floor":["M","M","$","M","?","E","R","M","T","?","M","R","$","E","R_BF","B",null,"M","M","M","?","M","E","R","M","T","NM","M","M","?","E","R","B",null,"M","M","?","M","M","E","R","M","T","NS","R","$","?","T","R","B",null,"M","M","M","M","M","R","E","R","T","R","$","E","?","E","R_BF","B",null,"M","?","M","?","M","E","R","E","T","M","NM","M","E","$","R","B",null,"M","M","M","?","M","R","M","R","T","NS","R","NM","M","?","R","B",null,"M","T","?","M","?","R","E","R","T","T","E","M","E","M","R","B",null],"character_chosen":"IRONCLAD","items_purchased":["Perfected Strike+1","Medical Kit","Power Through","Battle Trance","Feel No Pain","Girya","Feed","Barricade","Power Through","Feel No Pain"],"campfire_rested":0,"item_purchase_floors":[3,3,3,3,13,46,46,62,62,62],"current_hp_per_floor":[73,79,79,80,80,61,61,67,67,67,80,80,80,74,74,66,77,80,80,80,80,80,56,65,80,80,80,80,80,80,80,80,71,78,80,80,80,80,80,80,80,80,80,80,80,80,76,76,76,80,80,80,84,81,87,93,93,97,97,97,97,97,97,97,101,101,60,94,94,94,87,87,98,113,113,117,117,117,121,113,123,123,129,133,133,133,133,137,137,137,137,141,141,141,141,141,141,141,141,141,142,142,147,147,111,141,141,155,155,155,155,155,160,162,176,176,176,181,181,181],"gold":279,"neow_bonus":"RANDOM_COMMON_RELIC","is_daily":false,"chose_seed":false,"campfire_upgraded":12,"win_rate":0.0,"timestamp":1608345153,"path_taken":["M","M","$","M","?","E","R","M","T","?","?","R","$","E","R_BF","BOSS","M","M","M","?","M","E","R","M","T","NM","M","M","?","E","R","BOSS","M","M","?","M","M","E","R","?","T","NS","R","$","?","?","R","BOSS","M","M","M","M","M","R","E","R","T","R","$","E","?","E","R_BF","BOSS","M","?","M","?","M","E","R","E","T","?","NM","M","E","$","R","BOSS","M","M","M","?","M","R","M","R","T","NS","R","NM","M","?","R","BOSS","M","?","?","M","?","R","E","R","T","?","E","M","E","M","R","BOSS"],"items_purchased_type":["Card","Relic","Card","Card","Card","Relic","Card","Card","Card","Card"],"build_version":"2020-12-13","purchased_purges":1,"victory":false,"max_hp_per_floor":[80,80,80,80,80,80,80,80,80,80,80,80,80,80,80,80,80,80,80,80,80,80,80,80,80,80,80,80,80,80,80,80,80,80,80,80,80,80,80,80,80,80,80,80,80,80,76,76,76,80,80,80,84,88,88,93,93,97,97,97,97,97,97,97,101,101,105,105,109,109,109,109,109,113,113,117,117,117,121,125,129,129,129,133,133,133,133,137,137,137,137,141,141,141,141,141,141,141,141,141,142,142,147,147,147,148,148,155,155,155,155,155,160,162,176,176,176,181,181,181],"relic_stats":{"Happy Flower":[18],"counters":[61,194],"Golden Idol":53,"Eternal Feather":22,"Pen Nib":[42],"PreservedInsect":606,"Bag of Preparation":[74],"Juzu Bracelet":0,"Medical Kit":[220],"Burning Blood":155,"Nunchaku":[14],"Lizard Tail":0,"Shuriken":[69],"Tiny Chest":1,"Kunai":[43],"obtain_stats":[{"StuffTheSpire:Barrel":64,"hubris:TerracottaHorce":17,"StuffTheSpire:SapphireSignet":96,"Replay:Ringing Soul":113,"Lizard Tail":109,"aspiration:PoetsPen":51,"Philosopher\u0027s Stone":85,"Kunai":43,"Girya":46,"Pear":115,"Happy Flower":60,"Replay:Grab Bag":51,"ReplayTheSpireMod:Ring of Addiction":107,"Eternal Feather":23,"Pen Nib":0,"aspiration:FrozenJewel":31,"Runic Dome":51,"Shuriken":14,"infinitespire:Broken Mirror":27,"Mark of Pain":34,"Grinning Jar":74,"infinitespire:PuzzleCube":26,"conspire:SpecialSausage":102,"Bag of Preparation":40,"Replay:Multitool":76,"Juzu Bracelet":94,"hubris:EmptyBottle":107,"Burning Blood":0,"hubris:BlackHole":119,"StuffTheSpire:Experiment12":9,"Nunchaku":70,"infinitespire:Bottled Soul":10,"StuffTheSpire:HeavyRock":15,"hubris:Stopwatch":68,"hubris:ScarierMask":51,"Tiny Chest":77,"Red Mask":89,"hubris:ChampionShield":48,"Replay:Bottled Eggs":72,"hubris:GlazedTorus":97,"Potion Belt":107,"Golden Idol":105,"Quantum Egg":104,"StuffTheSpire:Expresso":110,"The Courier":58,"PreservedInsect":63,"hubris:MedicalManual":112,"hubris:Towel":5,"Medical Kit":3,"Anchor":81,"ChewingGum":51,"Ring of Fury":107,"StuffTheSpire:CocoNut":108,"Bag of Marbles":79,"hubris:OldNail":6,"Toy Ornithopter":65,"FossilizedHelix":111},{"StuffTheSpire:Barrel":33,"hubris:TerracottaHorce":8,"StuffTheSpire:SapphireSignet":50,"Replay:Ringing Soul":57,"Lizard Tail":56,"aspiration:PoetsPen":26,"Philosopher\u0027s Stone":45,"Kunai":25,"Girya":25,"Pear":59,"Happy Flower":32,"Replay:Grab Bag":26,"ReplayTheSpireMod:Ring of Addiction":55,"Eternal Feather":13,"Pen Nib":0,"aspiration:FrozenJewel":18,"Runic Dome":26,"Shuriken":7,"infinitespire:Broken Mirror":15,"Mark of Pain":19,"Grinning Jar":39,"infinitespire:PuzzleCube":14,"conspire:SpecialSausage":53,"Bag of Preparation":24,"Replay:Multitool":40,"Juzu Bracelet":50,"hubris:EmptyBottle":55,"Burning Blood":0,"hubris:BlackHole":61,"StuffTheSpire:Experiment12":5,"Nunchaku":36,"infinitespire:Bottled Soul":5,"StuffTheSpire:HeavyRock":7,"hubris:Stopwatch":35,"hubris:ScarierMask":26,"Tiny Chest":40,"Red Mask":48,"hubris:ChampionShield":25,"Replay:Bottled Eggs":37,"hubris:GlazedTorus":51,"Potion Belt":55,"Golden Idol":54,"Quantum Egg":54,"StuffTheSpire:Expresso":56,"The Courier":32,"PreservedInsect":33,"hubris:MedicalManual":56,"hubris:Towel":3,"Medical Kit":2,"Anchor":44,"ChewingGum":26,"Ring of Fury":55,"StuffTheSpire:CocoNut":55,"Bag of Marbles":42,"hubris:OldNail":4,"Toy Ornithopter":34,"FossilizedHelix":56},{"StuffTheSpire:Barrel":141,"hubris:TerracottaHorce":43,"StuffTheSpire:SapphireSignet":175,"Replay:Ringing Soul":187,"Lizard Tail":185,"aspiration:PoetsPen":130,"Philosopher\u0027s Stone":163,"Kunai":123,"Girya":123,"Pear":191,"Happy Flower":139,"Replay:Grab Bag":130,"ReplayTheSpireMod:Ring of Addiction":184,"Eternal Feather":69,"Pen Nib":0,"aspiration:FrozenJewel":94,"Runic Dome":130,"Shuriken":32,"infinitespire:Broken Mirror":80,"Mark of Pain":100,"Grinning Jar":152,"infinitespire:PuzzleCube":74,"conspire:SpecialSausage":182,"Bag of Preparation":118,"Replay:Multitool":156,"Juzu Bracelet":175,"hubris:EmptyBottle":184,"Burning Blood":0,"hubris:BlackHole":194,"StuffTheSpire:Experiment12":21,"Nunchaku":148,"infinitespire:Bottled Soul":21,"StuffTheSpire:HeavyRock":32,"hubris:Stopwatch":146,"hubris:ScarierMask":130,"Tiny Chest":156,"Red Mask":170,"hubris:ChampionShield":123,"Replay:Bottled Eggs":150,"hubris:GlazedTorus":177,"Potion Belt":184,"Golden Idol":183,"Quantum Egg":183,"StuffTheSpire:Expresso":185,"The Courier":139,"PreservedInsect":141,"hubris:MedicalManual":185,"hubris:Towel":12,"Medical Kit":9,"Anchor":162,"ChewingGum":130,"Ring of Fury":184,"StuffTheSpire:CocoNut":184,"Bag of Marbles":158,"hubris:OldNail":18,"Toy Ornithopter":143,"FossilizedHelix":185}],"Toy Ornithopter":5},"card_choices":[{"not_picked":["Havoc","Warcry","Dark Embrace"],"picked":"SKIP","floor":1.0},{"not_picked":["Warcry","StuffTheSpire:RockThrow"],"picked":"Cleave","floor":2.0},{"not_picked":["Whirlwind","conspire:ExplosiveBarrier"],"picked":"Spot Weakness","floor":4.0},{"not_picked":["Blood for Blood","Flame Barrier","StuffTheSpire:BloodClot"],"picked":"SKIP","floor":6.0},{"not_picked":["Run Through","ReplayTheSpireMod:Strike From Hell"],"picked":"Reaper","floor":8.0},{"not_picked":["Uppercut","ReplayReversal","Intimidate"],"picked":"SKIP","floor":11.0},{"not_picked":["Intimidate","Fiend Fire","StuffTheSpire:BloodClot"],"picked":"SKIP","floor":14.0},{"not_picked":["Metallicize","Heavy Blade"],"picked":"Clash","floor":18.0},{"not_picked":["hubris:SharpeningStone","Armaments"],"picked":"Power Through","floor":19.0},{"not_picked":["StuffTheSpire:Incineration","Thunderclap","Whirlwind"],"picked":"SKIP","floor":20.0},{"not_picked":["Havoc","Ghostly Armor"],"picked":"Clash","floor":22.0},{"not_picked":["Iron Wave","Rupture"],"picked":"Intimidate+1","floor":23.0},{"not_picked":["StuffTheSpire:Pyroclast","StuffTheSpire:RockThrow","Rage"],"picked":"SKIP","floor":25.0},{"not_picked":["conspire:Charge","Iron Wave","True Grit"],"picked":"SKIP","floor":27.0},{"not_picked":["Blood for Blood","Warcry"],"picked":"Pommel Strike+1","floor":28.0},{"not_picked":["Reaper","StuffTheSpire:Incineration","Sword Boomerang"],"picked":"SKIP","floor":29.0},{"not_picked":["Anger","Metallicize","Dropkick"],"picked":"SKIP","floor":31.0},{"not_picked":["Exhume","Barricade"],"picked":"Juggernaut","floor":33.0},{"not_picked":["Flex","Armaments+1"],"picked":"Perfected Strike","floor":35.0},{"not_picked":["Replay:Many Hands","Wild Strike","Run Through"],"picked":"SKIP","floor":36.0},{"not_picked":["Demon Form","ReplayTheSpireMod:Strike From Hell","Second Wind"],"picked":"SKIP","floor":38},{"not_picked":["Shrug It Off","Clash+1"],"picked":"Evolve","floor":39},{"not_picked":["Armaments","Havoc","Clothesline"],"picked":"SKIP","floor":40},{"not_picked":["Body Slam","Clothesline"],"picked":"Shrug It Off+1","floor":42},{"not_picked":["Replay:Many Hands","Demonic Infusion"],"picked":"Exhume","floor":50},{"not_picked":["ReplayTheSpireMod:Strike From Hell","Twin Strike","Sever Soul"],"picked":"SKIP","floor":52},{"not_picked":["StuffTheSpire:RockThrow","Havoc","Blood for Blood"],"picked":"SKIP","floor":53},{"not_picked":["Infernal Blade","ReplayTheSpireMod:LeadingStrike","Flex"],"picked":"SKIP","floor":54},{"not_picked":["Combust","Body Slam","Demonic Infusion"],"picked":"SKIP","floor":55},{"not_picked":["Perfected Strike","StuffTheSpire:BloodClot","Replay:Undeath\u0027s Touch"],"picked":"SKIP","floor":56},{"not_picked":["Heavy Blade","True Grit","Pummel"],"picked":"SKIP","floor":58},{"not_picked":["Ghostly Armor","Perfected Strike","Iron Wave"],"picked":"SKIP","floor":63},{"not_picked":["StuffTheSpire:Pyroclast","True Grit"],"picked":"Shrug It Off","floor":64},{"not_picked":["Brutality","Dual Wield","Iron Wave"],"picked":"SKIP","floor":65},{"not_picked":["Bludgeon","Eclipse"],"picked":"Offering","floor":67},{"not_picked":["hubris:Fate","hubris:InfiniteBlow+10256"],"picked":"infinitespire:Gouge","floor":68},{"not_picked":["Metallicize","Armaments","Iron Wave"],"picked":"SKIP","floor":69},{"not_picked":["Pommel Strike","Clothesline+1","Eclipse"],"picked":"SKIP","floor":71},{"not_picked":["Combust","Body Slam","Infernal Blade"],"picked":"SKIP","floor":73},{"not_picked":["Warcry","Flex","Sword Boomerang"],"picked":"SKIP","floor":74},{"not_picked":["Pommel Strike","Limit Break","Metallicize"],"picked":"SKIP","floor":76},{"not_picked":["Heavy Blade","Clash","ReplayTheSpireMod:Strike From Hell"],"picked":"SKIP","floor":78},{"not_picked":["Whirlwind","Perfected Strike+1","Clothesline"],"picked":"SKIP","floor":79},{"not_picked":["Whirlwind","Massacre","Body Slam"],"picked":"SKIP","floor":80},{"not_picked":["Defy Death+1","Replay:Undeath\u0027s Touch","Corruption"],"picked":"SKIP","floor":81},{"not_picked":["Clash","StuffTheSpire:Slingshot","Intimidate"],"picked":"SKIP","floor":86},{"not_picked":["Hemogenesis","Fire Breathing"],"picked":"Shockwave+1","floor":87},{"not_picked":["Rupture","Flex+1","Shrug It Off"],"picked":"SKIP","floor":88},{"not_picked":["hubris:ReadiedAction","Twin Strike+1","Body Slam+1"],"picked":"SKIP","floor":90},{"not_picked":["Rage","Hemokinesis","StuffTheSpire:Incineration"],"picked":"SKIP","floor":92},{"not_picked":["hubris:ReadiedAction","Body Slam+1","True Grit"],"picked":"SKIP","floor":97},{"not_picked":["Blood for Blood","Anger","Body Slam"],"picked":"SKIP","floor":98},{"not_picked":["Specialist","ReplayUltimateDefense"],"picked":"Poisoned Strike","floor":100},{"not_picked":["Specialist","Sadistic Nature"],"picked":"conspire:Banana","floor":100},{"not_picked":["Inflame","Havoc","Heavy Blade"],"picked":"SKIP","floor":103},{"not_picked":["Disarm","Feel No Pain","Infernal Blade"],"picked":"SKIP","floor":106},{"not_picked":["Shrug It Off","Pommel Strike","Run Through"],"picked":"SKIP","floor":109},{"not_picked":["Metallicize","Flex","Demonic Infusion"],"picked":"SKIP","floor":113},{"not_picked":["Metallicize","Intimidate","ReplayTheSpireMod:Muscle Training"],"picked":"SKIP","floor":114},{"not_picked":["Second Wind","Clothesline","Demonic Infusion"],"picked":"SKIP","floor":115},{"not_picked":["Reckless Charge","Iron Wave","Rage"],"picked":"SKIP","floor":116},{"not_picked":["Barricade","Replay:Many Hands"],"picked":"conspire:Purge","floor":118}],"player_experience":675081,"relics_obtained":[{"floor":6.0,"key":"hubris:OldNail"},{"floor":9.0,"key":"StuffTheSpire:Experiment12"},{"floor":10.0,"key":"infinitespire:Bottled Soul"},{"floor":14.0,"key":"Shuriken"},{"floor":15.0,"key":"StuffTheSpire:HeavyRock"},{"floor":23.0,"key":"Eternal Feather"},{"floor":26.0,"key":"infinitespire:PuzzleCube"},{"floor":27.0,"key":"infinitespire:Broken Mirror"},{"floor":31.0,"key":"aspiration:FrozenJewel"},{"floor":40,"key":"Bag of Preparation"},{"floor":43,"key":"Kunai"},{"floor":48,"key":"hubris:ChampionShield"},{"floor":58,"key":"The Courier"},{"floor":60,"key":"Happy Flower"},{"floor":63,"key":"PreservedInsect"},{"floor":64,"key":"StuffTheSpire:Barrel"},{"floor":65,"key":"Toy Ornithopter"},{"floor":74,"key":"Grinning Jar"},{"floor":76,"key":"Replay:Multitool"},{"floor":77,"key":"Tiny Chest"},{"floor":79,"key":"Bag of Marbles"},{"floor":81,"key":"Anchor"},{"floor":94,"key":"Juzu Bracelet"},{"floor":96,"key":"StuffTheSpire:SapphireSignet"},{"floor":97,"key":"hubris:GlazedTorus"},{"floor":104,"key":"Quantum Egg"},{"floor":107,"key":"Ring of Fury"},{"floor":107,"key":"ReplayTheSpireMod:Ring of Addiction"},{"floor":107,"key":"Potion Belt"},{"floor":107,"key":"hubris:EmptyBottle"},{"floor":108,"key":"StuffTheSpire:CocoNut"},{"floor":109,"key":"Lizard Tail"},{"floor":110,"key":"StuffTheSpire:Expresso"},{"floor":111,"key":"FossilizedHelix"},{"floor":112,"key":"hubris:MedicalManual"},{"floor":113,"key":"Replay:Ringing Soul"},{"floor":115,"key":"Pear"}],"event_choices":[{"cards_removed":["Defend_R"],"damage_healed":0.0,"max_hp_gain":0.0,"max_hp_loss":0.0,"gold_gain":0.0,"event_name":"Beggar","player_choice":"Gave Gold","floor":21.0,"gold_loss":75.0,"damage_taken":0.0},{"cards_removed":["Cleave"],"damage_healed":0,"gold_gain":0,"player_choice":"Took Card","damage_taken":0,"max_hp_gain":0,"max_hp_loss":0,"event_name":"NoteForYourself","floor":37,"gold_loss":0,"cards_obtained":["Neutralize"]},{"damage_healed":0,"gold_gain":0,"player_choice":"Max HP","damage_taken":0,"max_hp_gain":0,"max_hp_loss":4,"event_name":"Winding Halls","floor":47,"gold_loss":0},{"damage_healed":0,"gold_gain":0,"player_choice":"Opened","damage_taken":0,"relics_obtained":["Nunchaku"],"max_hp_gain":0,"max_hp_loss":0,"event_name":"The Mausoleum","floor":70,"gold_loss":0},{"damage_healed":0,"gold_gain":0,"player_choice":"Paid Gold","damage_taken":0,"relics_obtained":["Replay:Bottled Eggs"],"max_hp_gain":0,"max_hp_loss":0,"event_name":"WeMeetAgain","floor":72,"gold_loss":76},{"damage_healed":0,"gold_gain":0,"player_choice":"Paid","damage_taken":0,"relics_obtained":["Red Mask"],"max_hp_gain":0,"max_hp_loss":0,"event_name":"Tomb of Lord Red Mask","floor":89,"gold_loss":206},{"damage_healed":0,"gold_gain":6,"player_choice":"1","damage_taken":0,"max_hp_gain":0,"max_hp_loss":0,"event_name":"betterStone:BetterStone","floor":100,"gold_loss":0},{"damage_healed":0,"gold_gain":0,"player_choice":"Take Damage","damage_taken":36,"relics_obtained":["Golden Idol"],"max_hp_gain":0,"max_hp_loss":0,"event_name":"Golden Idol","floor":105,"gold_loss":0}],"is_beta":false,"boss_relics":[{"not_picked":["Calling Bell","Pandora\u0027s Box"],"picked":"hubris:TerracottaHorce"},{"not_picked":["Fusion Hammer","conspire:SeveredTorchhead"],"picked":"Mark of Pain"},{"not_picked":["StuffTheSpire:Kangaroo","Abe\u0027s Treasure"],"picked":"Replay:Grab Bag"},{"not_picked":["conspire:RoyalGoblet","Replay:Fungal Core"],"picked":"Runic Dome"},{"not_picked":["hubris:GrandSneckoEye","Ooze Armor"],"picked":"ChewingGum"},{"not_picked":["hubris:Stopwatch","aspiration:SilentSkillbook"],"picked":"aspiration:PoetsPen"},{"not_picked":["aspiration:SecretTechniqueScroll","StuffTheSpire:RunicHypercube"],"picked":"hubris:ScarierMask"},{"not_picked":["hubris:BlackHole","conspire:SeveredTorchhead"],"picked":"hubris:Stopwatch"},{"not_picked":["hubris:HollowSoul","Busted Crown"],"picked":"Philosopher\u0027s Stone"},{"not_picked":["Replay:Fungal Core","StuffTheSpire:ModemDavis"],"picked":"conspire:SpecialSausage"},{"not_picked":["SlaversCollar","Cursed Key"],"picked":"hubris:BlackHole"}],"items_purged_floors":[3],"is_endless":true,"potions_floor_spawned":[4,6,16,18,19,20,23,29,33,36,38,42,54,56,58,67,69,73,78,81,88,90,101,109,116],"ascension_level":9}}