{"host":"3mdjmozz5rahgtdc","time":1608389507,"event":{"mods":["AchievementEnabler","BaseMod","Better Silent Start","Better-Laid Plans","Colored Map","Colored Powertips","Custom Start","DeckTracker","Emptier Cage","KOR Keyword Fix","Keyboard Shortcuts","Minty Spire (QoL Compilation)","Permanent Neow","Quick Restart","StSLib","SuperFastMode"],"gold_per_floor":[110,6,26,44,56,56,56,56,83,100,155,190,206,206,206,310,310,323,19,19,19,37,37,71,71,94,125,137,137,153,153,153,251,251,264,264,264,278,26,53,53,80,133,133,146,173,189,189,189,189,189,189,42,71,71],"floor_reached":56,"playtime":2113,"items_purged":["Strike_G","Strike_G"],"score":1655,"play_id":"8d1d0dbd-62df-40ab-a4a4-ddabc482f05e","local_time":"20201219235147","is_ascension_mode":true,"campfire_choices":[{"data":"Bouncing Flask","floor":6.0,"key":"SMITH"},{"data":"Leg Sweep","floor":8.0,"key":"SMITH"},{"floor":15.0,"key":"REST"},{"data":"Footwork","floor":23.0,"key":"SMITH"},{"data":"Wraith Form v2","floor":29.0,"key":"SMITH"},{"data":"Flechettes","floor":32.0,"key":"SMITH"},{"data":"Crippling Poison","floor":41,"key":"SMITH"},{"data":"Footwork","floor":44,"key":"SMITH"},{"floor":49,"key":"RECALL"},{"data":"Wraith Form v2","floor":52,"key":"SMITH"}],"circlet_count":0,"master_deck":["Defend_G","Defend_G","Defend_G","Defend_G","Survivor","Neutralize","Bouncing Flask+1","Dash","Leg Sweep+1","Flechettes+1","Die Die Die","PiercingWail","Dash","Night Terror","Footwork+1","Crippling Poison+1","Writhe","PiercingWail+1","Wraith Form v2+1","PiercingWail+1","Night Terror","Bullet Time","CurseOfTheBell","Footwork+1","Tactician","Noxious Fumes+1","Crippling Poison+1","Leg Sweep","Wraith Form v2+1"],"relics":["Snecko Eye","Dream Catcher","Tiny Chest","Juzu Bracelet","Sozu","Anchor","Ginger","Snake Skull","HornCleat","Akabeko","Bronze Scales","Calling Bell","Mango","Nunchaku","White Beast Statue","Medical Kit","Pantograph","Omamori","Ancient Tea Set","OrangePellets","Oddly Smooth Stone"],"acts_visited":["Exordium","TheCity","TheBeyond","TheEnding"],"potions_floor_usage":[55,55],"damage_taken":[{"damage":3.0,"enemies":"Cultist","floor":1.0,"turns":5.0},{"damage":0.0,"enemies":"Small Slimes","floor":3.0,"turns":3.0},{"damage":3.0,"enemies":"Jaw Worm","floor":4.0,"turns":4.0},{"damage":2.0,"enemies":"Exordium Wildlife","floor":5.0,"turns":4.0},{"damage":6.0,"enemies":"Red Slaver","floor":10.0,"turns":3.0},{"damage":19.0,"enemies":"Gremlin Nob","floor":11.0,"turns":4.0},{"damage":4.0,"enemies":"Gremlin Nob","floor":12.0,"turns":4.0},{"damage":6.0,"enemies":"Looter","floor":13.0,"turns":2.0},{"damage":12.0,"enemies":"Slime Boss","floor":16.0,"turns":10.0},{"damage":4.0,"enemies":"Shell Parasite","floor":18.0,"turns":5.0},{"damage":0.0,"enemies":"Chosen","floor":22.0,"turns":4.0},{"damage":10.0,"enemies":"Slavers","floor":24.0,"turns":7.0},{"damage":0.0,"enemies":"Gremlin Leader","floor":27.0,"turns":6.0},{"damage":0.0,"enemies":"Snecko","floor":28.0,"turns":5.0},{"damage":0.0,"enemies":"Sentry and Sphere","floor":30.0,"turns":4.0},{"damage":13.0,"enemies":"Automaton","floor":33.0,"turns":9.0},{"damage":0.0,"enemies":"3 Darklings","floor":35.0,"turns":5.0},{"damage":0.0,"enemies":"Orb Walker","floor":38.0,"turns":2.0},{"damage":34,"enemies":"Giant Head","floor":40,"turns":10},{"damage":18,"enemies":"Reptomancer","floor":42,"turns":6},{"damage":1,"enemies":"Transient","floor":45,"turns":5},{"damage":5,"enemies":"4 Shapes","floor":47,"turns":5},{"damage":34,"enemies":"Donu and Deca","floor":50,"turns":13},{"damage":0,"enemies":"Shield and Spear","floor":54,"turns":10},{"damage":70,"enemies":"The Heart","floor":55,"turns":15}],"seed_played":"-3329904424863962295","potions_obtained":[{"floor":3.0,"key":"SpeedPotion"},{"floor":11.0,"key":"SteroidPotion"},{"floor":12.0,"key":"SkillPotion"},{"floor":13.0,"key":"Fire Potion"}],"is_trial":false,"path_per_floor":["M","$","M","M","M","R","$","R","T","M","?","E","M","?","R","B",null,"M","$","?","?","M","R","E","T","T","E","M","R","M","?","R","B",null,"M","?","?","M","$","E","R","E","T","R","M","T","M","?","R","B",null,"R","$","E","B",null],"character_chosen":"THE_SILENT","items_purchased":["Dash","Leg Sweep","Crippling Poison","Anchor","Medical Kit","OrangePellets"],"campfire_rested":1,"item_purchase_floors":[2,2,19,19,39,53],"current_hp_per_floor":[60,60,60,57,55,55,55,55,55,49,30,26,20,13,34,22,58,54,54,54,54,54,54,44,44,44,44,44,44,44,44,44,31,74,74,74,74,74,74,40,40,22,22,22,21,21,16,16,16,7,62,62,62,62,10],"gold":71,"neow_bonus":"BOSS_RELIC","is_daily":false,"chose_seed":false,"campfire_upgraded":8,"win_rate":0.0,"timestamp":1608389507,"path_taken":["M","$","M","?","M","R","$","R","T","M","?","E","M","?","R","BOSS","M","$","?","?","M","R","E","?","T","E","M","R","M","?","R","BOSS","M","?","?","M","$","E","R","E","T","R","M","?","M","?","R","BOSS","R","$","E","BOSS"],"items_purchased_type":["Card","Card","Card","Relic","Relic","Relic"],"build_version":"2020-12-13","purchased_purges":2,"victory":true,"max_hp_per_floor":[70,70,70,70,70,70,70,70,70,70,70,70,70,70,70,70,70,70,70,70,70,70,70,70,70,70,70,70,70,70,70,70,70,84,84,84,84,84,84,84,84,84,84,84,84,84,84,80,80,80,80,80,80,80,80],"card_choices":[{"not_picked":["Dagger Throw","Catalyst"],"picked":"Bouncing Flask","floor":1.0},{"not_picked":["Prepared","Flying Knee","Cloak And Dagger"],"picked":"SKIP","floor":3.0},{"not_picked":["Caltrops","Outmaneuver"],"picked":"Flechettes","floor":4.0},{"not_picked":["Skewer","Flying Knee","Backstab"],"picked":"SKIP","floor":5.0},{"not_picked":["Calculated Gamble","Dagger Throw","Slice"],"picked":"SKIP","floor":10.0},{"not_picked":["PiercingWail","Caltrops"],"picked":"Die Die Die","floor":11.0},{"not_picked":["Acrobatics","All Out Attack"],"picked":"PiercingWail","floor":12.0},{"not_picked":["Quick Slash","Underhanded Strike"],"picked":"Dash","floor":13.0},{"not_picked":["Doppelganger","Malaise"],"picked":"Night Terror","floor":16.0},{"not_picked":["Poisoned Stab","Backstab"],"picked":"Footwork","floor":18.0},{"not_picked":["Underhanded Strike","Dagger Spray","Infinite Blades"],"picked":"SKIP","floor":22.0},{"not_picked":["Quick Slash","Dodge and Roll"],"picked":"PiercingWail+1","floor":24.0},{"not_picked":["Deadly Poison","Masterful Stab"],"picked":"Wraith Form v2","floor":27.0},{"not_picked":["Sucker Punch","Dodge and Roll"],"picked":"PiercingWail+1","floor":28.0},{"not_picked":["Flechettes","Dagger Throw","Slice+1"],"picked":"SKIP","floor":30.0},{"not_picked":["Venomology","Unload"],"picked":"Bullet Time","floor":33.0},{"not_picked":["Underhanded Strike","Cloak And Dagger"],"picked":"Footwork","floor":35.0},{"not_picked":["Poisoned Stab+1","Dagger Throw+1"],"picked":"Noxious Fumes+1","floor":38.0},{"not_picked":["Endless Agony","Backstab+1"],"picked":"Crippling Poison","floor":40},{"not_picked":["Dodge and Roll+1","Storm of Steel"],"picked":"Leg Sweep","floor":42},{"not_picked":["Dodge and Roll+1","Sucker Punch","Finisher+1"],"picked":"SKIP","floor":45},{"not_picked":["Deadly Poison+1","Underhanded Strike+1"],"picked":"Wraith Form v2","floor":47},{"not_picked":["Footwork+1","Flying Knee+1","Blade Dance"],"picked":"SKIP","floor":54}],"player_experience":308155,"relics_obtained":[{"floor":9.0,"key":"Dream Catcher"},{"floor":11.0,"key":"Tiny Chest"},{"floor":12.0,"key":"Juzu Bracelet"},{"floor":24.0,"key":"Snake Skull"},{"floor":25.0,"key":"HornCleat"},{"floor":26.0,"key":"Akabeko"},{"floor":27.0,"key":"Bronze Scales"},{"floor":34.0,"key":"Mango"},{"floor":34.0,"key":"Nunchaku"},{"floor":34.0,"key":"White Beast Statue"},{"floor":40,"key":"Pantograph"},{"floor":42,"key":"Omamori"},{"floor":46,"key":"Ancient Tea Set"},{"floor":54,"key":"Oddly Smooth Stone"}],"event_choices":[{"damage_healed":0.0,"max_hp_gain":0.0,"max_hp_loss":0.0,"gold_gain":0.0,"event_name":"Dead Adventurer","player_choice":"Searched \u00271\u0027 times","floor":11.0,"gold_loss":0.0,"damage_taken":0.0},{"cards_removed":["Strike_G"],"damage_healed":0.0,"max_hp_gain":0.0,"max_hp_loss":0.0,"gold_gain":0.0,"event_name":"Golden Wing","player_choice":"Card Removal","floor":14.0,"gold_loss":0.0,"damage_taken":7.0},{"damage_healed":0.0,"max_hp_gain":0.0,"max_hp_loss":0.0,"gold_gain":0.0,"event_name":"Upgrade Shrine","player_choice":"Upgraded","floor":20.0,"gold_loss":0.0,"damage_taken":0.0,"cards_upgraded":["Crippling Poison"]},{"damage_healed":0.0,"max_hp_gain":0.0,"max_hp_loss":0.0,"gold_gain":0.0,"event_name":"The Mausoleum","player_choice":"Opened","floor":21.0,"gold_loss":0.0,"damage_taken":0.0,"relics_obtained":["Ginger"],"cards_obtained":["Writhe"]},{"damage_healed":0.0,"max_hp_gain":0.0,"max_hp_loss":0.0,"gold_gain":0.0,"event_name":"The Library","player_choice":"Read","floor":31.0,"gold_loss":0.0,"damage_taken":0.0,"cards_obtained":["Night Terror"]},{"damage_healed":0.0,"max_hp_gain":0.0,"max_hp_loss":0.0,"gold_gain":0.0,"cards_transformed":["Strike_G"],"event_name":"Transmorgrifier","player_choice":"Transformed","floor":36.0,"gold_loss":0.0,"damage_taken":0.0,"cards_obtained":["Tactician"]},{"damage_healed":0.0,"max_hp_gain":0.0,"max_hp_loss":0.0,"gold_gain":0.0,"event_name":"Tomb of Lord Red Mask","player_choice":"Ignored","floor":37.0,"gold_loss":0.0,"damage_taken":0.0},{"damage_healed":0,"gold_gain":0,"player_choice":"Max HP","damage_taken":0,"max_hp_gain":0,"max_hp_loss":4,"event_name":"Winding Halls","floor":48,"gold_loss":0}],"is_beta":false,"boss_relics":[{"not_picked":["Runic Pyramid","SacredBark"],"picked":"Sozu"},{"not_picked":["SlaversCollar","Runic Dome"],"picked":"Calling Bell"}],"items_purged_floors":[19,39],"is_endless":false,"potions_floor_spawned":[3,11,12,13,18,24,28,35,38,40,42,45,47,54],"ascension_level":8}}