{"host":"brnfk772nsb90w3t","time":1608378175,"event":{"mods":["AchievementEnabler","BaseMod","Colored Powertips","Downfall","Highlight Path","Minty Spire (QoL Compilation)","Quick Restart","Shop Mod","StSLib","SuperFastMode"],"gold_per_floor":[99,124,124,143,175,625,672,690,690,690,690,703,723,139,159,259,259,259,278,278,288,316,316,316,345,357,357,457,457,480,510,532,640,652,664,696,708,732,744,790,802,814,814],"floor_reached":42,"playtime":2897,"items_purged":["Slimebound:Icky"],"score":499,"play_id":"73ce6184-3237-4df0-b242-1d2d376dff1b","local_time":"20201219194255","is_ascension_mode":false,"campfire_choices":[{"data":"Guardian:TwinSlam","floor":1.0,"key":"SMITH"},{"data":"Guardian:PiercingHide","floor":3.0,"key":"SMITH"},{"data":"Guardian:RollAttack","floor":9.0,"key":"SMITH"},{"floor":10.0,"key":"REST"},{"data":"Guardian:GuardianWhirl","floor":18.0,"key":"SMITH"},{"data":"Guardian:ArmoredProtocol","floor":20.0,"key":"SMITH"},{"data":"Guardian:PiercingHide","floor":23.0,"key":"SMITH"},{"floor":27.0,"key":"REST"},{"data":"Guardian:AncientConstruct","floor":35,"key":"SMITH"},{"data":"Guardian:CurlUp","floor":37,"key":"SMITH"}],"circlet_count":0,"master_deck":["Guardian:Strike_Guardian","Guardian:Strike_Guardian","Guardian:Strike_Guardian","Guardian:Strike_Guardian","Guardian:Defend_Guardian","Guardian:Defend_Guardian","Guardian:Defend_Guardian","Guardian:Defend_Guardian","Guardian:CurlUp+1","Guardian:TwinSlam+1","Guardian:PiercingHide+1","Guardian:RollAttack+1","Guardian:ChargeUp+1","Guardian:GuardianWhirl+1","Guardian:PiercingHide+1","Metamorphosis+1","Guardian:ShieldCharger+1","Guardian:AncientConstruct+1","Guardian:ArmoredProtocol+1","Guardian:ArmoredProtocol+1","Guardian:Suspension+1","Guardian:TimeBomb+1","Guardian:SphericShield+1","Guardian:Aged"],"relics":["Guardian:ModeShifter","Centennial Puzzle","WingedGreaves","Lizard Tail","Strawberry","Toxic Egg 2","Empty Cage","White Beast Statue","Gambling Chip","Juzu Bracelet","Toy Ornithopter","downfall:KnowingSkull","MawBank","Guardian:StasisSlotReductionRelic","Guardian:StasisEgg","StrikeDummy","HornCleat"],"acts_visited":["Exordium","TheCity","TheBeyond"],"potions_floor_usage":[40,40,40],"damage_taken":[{"damage":31.0,"enemies":"Gremlin Nob","floor":2.0,"turns":5.0},{"damage":6.0,"enemies":"2 Louse","floor":4.0,"turns":3.0},{"damage":26.0,"enemies":"Lagavulin","floor":5.0,"turns":7.0},{"damage":6.0,"enemies":"Small Slimes","floor":8.0,"turns":3.0},{"damage":0.0,"enemies":"Cultist","floor":12.0,"turns":3.0},{"damage":8.0,"enemies":"Lots of Slimes","floor":13.0,"turns":3.0},{"damage":0.0,"enemies":"downfall:FleeingMerchant","floor":14.0,"turns":4.0},{"damage":2.0,"enemies":"Exordium Thugs","floor":15.0,"turns":3.0},{"damage":25.0,"enemies":"downfall:Watcher","floor":16.0,"turns":8.0},{"damage":13.0,"enemies":"Shell Parasite","floor":19.0,"turns":5.0},{"damage":5.0,"enemies":"Snake Plant","floor":21.0,"turns":5.0},{"damage":15.0,"enemies":"Slavers","floor":22.0,"turns":4.0},{"damage":33.0,"enemies":"Book of Stabbing","floor":25.0,"turns":7.0},{"damage":22.0,"enemies":"Centurion and Healer","floor":26.0,"turns":6.0},{"damage":3.0,"enemies":"downfall:LadyInBlue","floor":28.0,"turns":9.0},{"damage":13.0,"enemies":"Sentry and Sphere","floor":31.0,"turns":6.0},{"damage":12.0,"enemies":"Chosen and Byrds","floor":32.0,"turns":7.0},{"damage":23.0,"enemies":"downfall:Silent","floor":33.0,"turns":8.0},{"damage":15,"enemies":"3 Darklings","floor":36,"turns":5},{"damage":7,"enemies":"3 Shapes","floor":38,"turns":6},{"damage":72,"enemies":"Giant Head","floor":40,"turns":11},{"damage":24,"enemies":"Writhing Mass","floor":42,"turns":5}],"seed_played":"-7900083389487531331","potions_obtained":[{"floor":2.0,"key":"CultistPotion"},{"floor":4.0,"key":"Fruit Juice"},{"floor":5.0,"key":"champ:CounterPotion"},{"floor":8.0,"key":"SpeedPotion"},{"floor":21.0,"key":"Explosive Potion"},{"floor":22.0,"key":"LiquidBronze"},{"floor":25.0,"key":"Strength Potion"},{"floor":28.0,"key":"DuplicationPotion"},{"floor":28.0,"key":"DistilledChaos"},{"floor":31.0,"key":"Swift Potion"},{"floor":32.0,"key":"LiquidBronze"},{"floor":33.0,"key":"Guardian:DefensiveModePotion"},{"floor":36,"key":"BlessingOfTheForge"},{"floor":38,"key":"Swift Potion"},{"floor":40,"key":"BlessingOfTheForge"}],"is_trial":false,"path_per_floor":["R","E","R","M","E","?","T","M","R","R","?","M","M","$","M","B",null,"R","M","R","M","E","R","T","E","M","R","?","?","T","M","M","B",null,"R","M","R","M","?","E","T","M"],"character_chosen":"GUARDIAN","items_purchased":["Toxic Egg 2","Metamorphosis+1","Guardian:ShieldCharger+1"],"campfire_rested":2,"item_purchase_floors":[14,14,14],"current_hp_per_floor":[80,49,49,48,22,22,29,23,23,50,50,50,42,42,40,15,92,92,79,79,74,59,59,59,26,4,31,28,20,20,12,10,44,92,92,77,77,70,70,13,13,0,0],"gold":814,"neow_bonus":"RANDOM_COMMON_RELIC","is_daily":false,"chose_seed":false,"campfire_upgraded":8,"win_rate":0.0,"timestamp":1608378175,"path_taken":["R","E","R","M","E","?","T","M","R","R","?","M","?","$","M","BOSS","R","M","R","M","E","R","T","E","M","R","?","?","?","M","M","BOSS","R","M","R","M","?","E","T","M"],"items_purchased_type":["Relic","Card","Card"],"build_version":"2020-12-13","purchased_purges":1,"victory":false,"max_hp_per_floor":[80,80,80,85,85,85,92,92,92,92,92,92,92,92,92,92,92,92,92,92,92,92,92,92,92,92,92,92,92,92,92,92,92,92,92,92,92,92,92,92,92,92,92],"card_choices":[{"not_picked":["Guardian:BronzeArmor","Guardian:ConstructionForm"],"picked":"Guardian:PiercingHide","floor":2.0},{"not_picked":["Guardian:Repulse","Guardian:Gem_White"],"picked":"Guardian:RollAttack","floor":4.0},{"not_picked":["Guardian:TemporalStrike","Guardian:Incinerate"],"picked":"Guardian:ChargeUp","floor":5.0},{"not_picked":["Guardian:TemporalStrike","Guardian:Planning"],"picked":"Guardian:Gem_Red","floor":8.0},{"not_picked":["Guardian:TemporalShield","Guardian:Recover"],"picked":"Guardian:GuardianWhirl","floor":12.0},{"not_picked":["Guardian:TemporalStrike","Guardian:Emergency"],"picked":"Guardian:PiercingHide","floor":13.0},{"not_picked":["Guardian:Repulse","Guardian:HyperBeam_Guardian"],"picked":"Guardian:Gem_Green","floor":14.0},{"not_picked":["Guardian:VentSteam+1","Guardian:ShieldCharger+1"],"picked":"Guardian:Gem_Blue","floor":15.0},{"not_picked":["Guardian:ConstructionForm","Guardian:FastForward+1"],"picked":"Guardian:AncientConstruct","floor":16.0},{"not_picked":["Guardian:TemporalStrike","Guardian:Recover+1"],"picked":"Guardian:ArmoredProtocol","floor":19.0},{"not_picked":["Guardian:TemporalStrike","Guardian:WalkerClaw+1"],"picked":"Guardian:Gem_White","floor":21.0},{"not_picked":["Guardian:ChargeUp+1","Guardian:HyperBeam_Guardian"],"picked":"Guardian:ArmoredProtocol+1","floor":22.0},{"not_picked":["Guardian:CrystalBeam+1","Guardian:Recover+1","Guardian:TemporalStrike"],"picked":"SKIP","floor":25.0},{"not_picked":["Guardian:TemporalShield+1","Guardian:MultiBeam","Guardian:TemporalStrike"],"picked":"SKIP","floor":26.0},{"not_picked":["Guardian:CrystalBeam+1","Guardian:PiercingHide+1"],"picked":"Guardian:Suspension+1","floor":28.0},{"not_picked":["Guardian:RefractedBeam","Guardian:VentSteam+1"],"picked":"Guardian:Gem_Blue","floor":31.0},{"not_picked":["Guardian:TemporalShield+1","Guardian:Clone+1"],"picked":"Guardian:TimeBomb+1","floor":32.0},{"not_picked":["Guardian:AncientConstruct","Guardian:StasisStrike"],"picked":"Guardian:SphericShield+1","floor":33.0},{"not_picked":["Guardian:GuardianWhirl","Guardian:Harden+1","Guardian:Reroute+1"],"picked":"SKIP","floor":36},{"not_picked":["Guardian:BronzeOrb","Guardian:ChargeCore+1","Guardian:Emergency+1"],"picked":"SKIP","floor":38},{"not_picked":["Guardian:VentSteam+1","Guardian:ExploitGems+1","Guardian:WalkerClaw+1"],"picked":"SKIP","floor":40}],"player_experience":611825,"relics_obtained":[{"floor":2.0,"key":"WingedGreaves"},{"floor":5.0,"key":"Lizard Tail"},{"floor":7.0,"key":"Strawberry"},{"floor":22.0,"key":"White Beast Statue"},{"floor":24.0,"key":"Gambling Chip"},{"floor":25.0,"key":"Juzu Bracelet"},{"floor":28.0,"key":"Toy Ornithopter"},{"floor":30.0,"key":"MawBank"},{"floor":40,"key":"StrikeDummy"},{"floor":41,"key":"HornCleat"}],"event_choices":[{"damage_healed":0.0,"max_hp_gain":0.0,"max_hp_loss":0.0,"gold_gain":0.0,"event_name":"Upgrade Shrine","player_choice":"Upgraded","floor":11.0,"gold_loss":0.0,"damage_taken":0.0,"cards_upgraded":["Guardian:ChargeUp"]}],"is_beta":false,"boss_relics":[{"not_picked":["Ectoplasm","Coffee Dripper"],"picked":"Empty Cage"},{"not_picked":["Busted Crown","Sozu"],"picked":"Guardian:StasisSlotReductionRelic"}],"items_purged_floors":[14],"is_endless":false,"potions_floor_spawned":[2,4,5,8,21,22,25,26,31,32,33,36,38,40],"killed_by":"Writhing Mass","ascension_level":0}}