{"host":"mqhvlr3kpxebko0t","time":1608373529,"event":{"mods":["AchievementEnabler","BaseMod","Colored Map","Colored Powertips","Keyboard Shortcuts","Minty Spire (QoL Compilation)","StSLib","SuperFastMode"],"gold_per_floor":[111,111,128,2,177,177,190,190,190,221,221,121,136,152,152,152,152],"floor_reached":16,"playtime":217,"items_purged":["Strike_G","Doubt"],"score":165,"play_id":"e75869ea-ec8f-4a31-a8b8-aedd6af53756","local_time":"20201219192529","is_ascension_mode":true,"campfire_choices":[{"data":"Prepared","floor":6,"key":"SMITH"},{"data":"Calculated Gamble","floor":11,"key":"SMITH"},{"data":"Catalyst","floor":15,"key":"SMITH"}],"circlet_count":0,"master_deck":["AscendersBane","Strike_G","Strike_G","Strike_G","Defend_G","Defend_G","Defend_G","Defend_G","Defend_G","Survivor","Neutralize","Dash","Reflex","Prepared+1","Calculated Gamble+1","Catalyst+1","Bouncing Flask"],"relics":["Ring of the Snake","NeowsBlessing","Golden Idol","Mercury Hourglass","Snake Skull"],"acts_visited":["Exordium"],"potions_floor_usage":[16],"damage_taken":[{"damage":0,"enemies":"Jaw Worm","floor":1,"turns":1},{"damage":0,"enemies":"Cultist","floor":3,"turns":1},{"damage":0,"enemies":"2 Louse","floor":7,"turns":1},{"damage":42,"enemies":"Lagavulin","floor":10,"turns":11},{"damage":4,"enemies":"Blue Slaver","floor":13,"turns":3},{"damage":5,"enemies":"Large Slime","floor":14,"turns":5},{"damage":12,"enemies":"Hexaghost","floor":16,"turns":4}],"seed_played":"8088380648916143120","potions_obtained":[{"floor":3,"key":"FearPotion"},{"floor":10,"key":"Poison Potion"},{"floor":14,"key":"CunningPotion"}],"is_trial":false,"path_per_floor":["M","?","M","$","?","R","M","?","T","E","R","$","M","M","R","B"],"character_chosen":"THE_SILENT","items_purchased":["Prepared"],"campfire_rested":0,"item_purchase_floors":[4],"current_hp_per_floor":[63,63,63,63,63,63,63,63,63,21,21,21,17,12,12,0,0],"gold":152,"neow_bonus":"THREE_ENEMY_KILL","is_daily":false,"chose_seed":false,"campfire_upgraded":3,"win_rate":0.0,"timestamp":1608373529,"path_taken":["M","?","?","$","?","R","M","?","T","E","R","?","M","M","R","BOSS"],"items_purchased_type":["Card"],"build_version":"2020-12-13","purchased_purges":2,"victory":false,"max_hp_per_floor":[70,70,70,70,70,70,70,65,65,65,65,65,65,65,65,65,65],"card_choices":[{"not_picked":["Deadly Poison","Sucker Punch"],"picked":"Dash","floor":1},{"not_picked":["Catalyst","Prepared"],"picked":"Reflex","floor":3},{"not_picked":["Backflip","Flying Knee"],"picked":"Calculated Gamble","floor":7},{"not_picked":["Acrobatics","Well Laid Plans"],"picked":"Catalyst","floor":10},{"not_picked":["Setup","Slice"],"picked":"Bouncing Flask","floor":13},{"not_picked":["Masterful Stab","Underhanded Strike","Caltrops"],"picked":"SKIP","floor":14}],"player_experience":649659,"relics_obtained":[{"floor":9,"key":"Mercury Hourglass"},{"floor":10,"key":"Snake Skull"}],"event_choices":[{"cards_removed":["Strike_G"],"damage_healed":0,"gold_gain":0,"player_choice":"Purged","damage_taken":0,"max_hp_gain":0,"max_hp_loss":0,"event_name":"Purifier","floor":2,"gold_loss":0},{"damage_healed":0,"gold_gain":175,"player_choice":"AGREE","damage_taken":0,"max_hp_gain":0,"max_hp_loss":0,"event_name":"Liars Game","floor":5,"gold_loss":0,"cards_obtained":["Doubt"]},{"damage_healed":0,"gold_gain":0,"player_choice":"Lose Max HP","damage_taken":0,"relics_obtained":["Golden Idol"],"max_hp_gain":0,"max_hp_loss":5,"event_name":"Golden Idol","floor":8,"gold_loss":0}],"is_beta":false,"boss_relics":[],"items_purged_floors":[4,12],"is_endless":false,"potions_floor_spawned":[3,10,14],"killed_by":"Hexaghost","ascension_level":13}}