{"host":"bp6b47iftb3mluh0","time":1608391683,"event":{"mods":["ATMod(阿瑾Mod)","Act Like it!","Alarm Clock","Aspiration","Astrologer","BaseMod","Bestiary","Better Third Choice","Better Vampires","Challenge The Spire","Colored Powertips","Conspire","Curses Come First","Dota2Spire","Downfall","Friendly Minions","Gensokyo","Hallownest","Hermit","Kiyohime（清姬）","Lobotomy","LobotomyExtend","Marisa（F雨　魔理沙）","Marked Mod","Minty Spire (QoL Compilation)","Quick Restart","Rare Cards Sparkle","Red Circlet Mod","Relic Stats","Remilia（蕾米莉亚）","Replay The Spire","Reworked Bosses","Ryuuou龙王","Shop Mod","Spicy Shops","StSLib","The Bug Knight","Uncapped","Waifu the Spire","Youmu（魂魄妖梦）","[地精首领爬塔]The Maniac","vexMod","【东方二次创作】八云紫mod","【遗物卡牌】REMEMod"],"gold_per_floor":[114,130,130,143,143,143,143,156,156,190,203,203,203,235,235,338,338,354,369,66,79,79,104,104,115,115,115,115,115,138,138,138,244,244,277,277,295,295,339,339,384,413,438,438,438,50,67,208,227,227,227,333,333],"floor_reached":54,"playtime":2636,"items_purged":["Strike_P"],"score":1050,"play_id":"4d80e08e-1581-4234-9c4a-90ab2875ed1b","local_time":"20201219232802","is_ascension_mode":false,"campfire_choices":[{"data":"AT_Dispersion","floor":6.0,"key":"SMITH"},{"data":"WindmillStrike","floor":12.0,"key":"SMITH"},{"data":"maniac:Simulacrum","floor":15.0,"key":"SMITH"},{"data":"Replay:DivineShield","floor":24.0,"key":"SMITH"},{"data":"Vigilance","floor":28.0,"key":"SMITH"},{"data":"EmptyBody","floor":32.0,"key":"SMITH"},{"data":"AT_EmpoweredMortalDraw","floor":40,"key":"SMITH"},{"floor":51,"key":"RECALL"}],"circlet_count":0,"master_deck":["Strike_P+2","Defend_P+2","Defend_P+1","Defend_P+1","Vigilance+1","AT_Dispersion+1","maniac:Simulacrum+1","WindmillStrike+1","Replay:DivineShield+1","EmptyBody+1","REME_Repentance+1","AT_ChampionKick+1","Replay:Hum+1","AT_EmpoweredMortalDraw+1","Delirium","Madness+1","Madness+1","Redo+1"],"relics":["PureWater","REME_ComplimentaryCards","AT_ATBox","LetterFromLob","Dota2Spire:Dagon","REME_PuzzleBoxRelic","vexMod:BarristanHead","Prayer Wheel","SlaversCollar","Coffee Dripper","AT_MortalBlade","aspiration:DefectSkillbook","RedMistMask","MerchantsRug","Vajra","Replay:Bandana","Ring of Fury","Ring of Panic","MutagenicStrength","aspiration:Stellarator","ReplayFunnel","Dota2Spire:Mjollnir","Juzu Bracelet","Anchor","AT_TheCollector","Dota2Spire:BattleFury","Bronze Scales","Mark of the Bloom"],"acts_visited":["Exordium","TheCity","TheBeyond"],"potions_floor_usage":[39,52],"damage_taken":[{"damage":1.0,"enemies":"2 Louse","floor":1.0,"turns":2.0},{"damage":0.0,"enemies":"Small Slimes","floor":2.0,"turns":4.0},{"damage":0.0,"enemies":"Cultist","floor":4.0,"turns":5.0},{"damage":0.0,"enemies":"Exordium Wildlife","floor":8.0,"turns":7.0},{"damage":1.0,"enemies":"Lagavulin","floor":10.0,"turns":7.0},{"damage":0.0,"enemies":"Exordium Thugs","floor":11.0,"turns":4.0},{"damage":1.0,"enemies":"3 Sentries","floor":14.0,"turns":3.0},{"damage":0.0,"enemies":"Fading Forest","floor":16.0,"turns":11.0},{"damage":1.0,"enemies":"Chosen","floor":18.0,"turns":3.0},{"damage":0.0,"enemies":"Shell Parasite","floor":19.0,"turns":3.0},{"damage":0.0,"enemies":"3 Cultists","floor":21.0,"turns":2.0},{"damage":10.0,"enemies":"HollowMod:Nosk","floor":23.0,"turns":5.0},{"damage":11.0,"enemies":"Snake Plant","floor":25.0,"turns":2.0},{"damage":0.0,"enemies":"Centurion and Healer","floor":30.0,"turns":2.0},{"damage":0.0,"enemies":"bossMod:newChamp","floor":33.0,"turns":6.0},{"damage":2.0,"enemies":"3 Darklings","floor":35.0,"turns":3.0},{"damage":0,"enemies":"Orb Walker","floor":37,"turns":2},{"damage":12,"enemies":"conspire:MimicChest","floor":39,"turns":3},{"damage":0,"enemies":"HollowMod:StalkingDevout","floor":41,"turns":3},{"damage":0,"enemies":"Transient","floor":42,"turns":5},{"damage":0,"enemies":"3 Darklings","floor":47,"turns":2},{"damage":0,"enemies":"R_Hoarder","floor":48,"turns":4},{"damage":0,"enemies":"Writhing Mass","floor":49,"turns":3},{"damage":14,"enemies":"Time Eater","floor":52,"turns":6}],"seed_played":"3086807752610805498","potions_obtained":[{"floor":4.0,"key":"Ancient Potion"},{"floor":10.0,"key":"DistilledChaos"},{"floor":11.0,"key":"Swift Potion"},{"floor":14.0,"key":"Dota2Spire:Clarity"},{"floor":18.0,"key":"StancePotion"},{"floor":25.0,"key":"PowerPotion"},{"floor":30.0,"key":"ColorlessPotion"},{"floor":33.0,"key":"Adrenaline Potion"},{"floor":42,"key":"champ:CounterPotion"},{"floor":47,"key":"EssenceOfSteel"},{"floor":48,"key":"DistilledChaos"}],"is_trial":false,"path_per_floor":["M","M","?","M","?","R","?","M","T","E","M","R","?","E","R","B",null,"M","M","$","M","?","E","R","M","T","?","R","?","M","?","R","B",null,"M","?","M","?","?","R","E","M","T","PTL","PTL","$","M","E","M","?","R","B",null,null],"character_chosen":"WATCHER","items_purchased":["MerchantsRug","Vajra","AT_TheCollector","Dota2Spire:BattleFury"],"campfire_rested":0,"item_purchase_floors":[20,20,46,46],"current_hp_per_floor":[71,71,71,71,71,71,71,71,71,70,70,70,70,69,69,69,72,71,71,71,71,71,61,61,61,61,69,69,69,69,69,69,69,72,70,70,70,61,49,49,49,49,49,49,49,49,49,49,49,49,49,35,35],"gold":333,"neow_bonus":"TRANSFORM_CARD","is_daily":false,"chose_seed":false,"campfire_upgraded":7,"win_rate":0.0,"timestamp":1608391682,"path_taken":["M","M","?","M","?","R","?","M","T","E","?","R","?","E","R","BOSS","M","M","$","M","?","E","R","M","T","?","R","?","M","?","R","BOSS","M","?","?","?","?","R","E","M","T","PTL","PTL","?","M","E","M","?","R","BOSS"],"items_purchased_type":["Relic","Relic","Relic","Relic"],"build_version":"2020-12-13","purchased_purges":1,"victory":true,"max_hp_per_floor":[72,72,72,72,72,72,72,72,72,72,72,72,72,72,72,72,72,72,72,72,72,72,72,72,72,72,72,72,72,72,72,72,72,72,72,72,72,72,72,72,72,72,72,72,72,72,72,72,72,72,72,72,72],"relic_stats":{"Mark of the Bloom":0,"counters":[24,96],"Bronze Scales":[30],"Prayer Wheel":11,"Juzu Bracelet":1,"obtain_stats":[{"ReplayFunnel":36,"Mark of the Bloom":50,"AT_ATBox":0,"aspiration:Stellarator":34,"Vajra":20,"Juzu Bracelet":41,"Replay:Bandana":26,"aspiration:DefectSkillbook":17,"Prayer Wheel":16,"Dota2Spire:Mjollnir":39,"Ring of Panic":29,"MerchantsRug":20,"Dota2Spire:Dagon":9,"Replay:Grab Bag":17,"AT_MortalBlade":17,"Dota2Spire:BattleFury":46,"SlaversCollar":17,"Anchor":43,"vexMod:BarristanHead":14,"AT_TheCollector":46,"MutagenicStrength":31,"Bronze Scales":48,"Simple Rune":23,"Ring of Fury":29,"RedMistMask":18,"LetterFromLob":1,"Coffee Dripper":17,"PureWater":0,"REME_PuzzleBoxRelic":10,"REME_ComplimentaryCards":0},{"ReplayFunnel":16,"Mark of the Bloom":23,"AT_ATBox":0,"aspiration:Stellarator":15,"Vajra":10,"Juzu Bracelet":19,"Replay:Bandana":13,"aspiration:DefectSkillbook":8,"Prayer Wheel":8,"Dota2Spire:Mjollnir":18,"Ring of Panic":13,"MerchantsRug":10,"Dota2Spire:Dagon":4,"Replay:Grab Bag":8,"AT_MortalBlade":8,"Dota2Spire:BattleFury":20,"SlaversCollar":8,"Anchor":20,"vexMod:BarristanHead":7,"AT_TheCollector":20,"MutagenicStrength":14,"Bronze Scales":22,"Simple Rune":12,"Ring of Fury":13,"RedMistMask":9,"LetterFromLob":1,"Coffee Dripper":8,"PureWater":0,"REME_PuzzleBoxRelic":5,"REME_ComplimentaryCards":0},{"ReplayFunnel":68,"Mark of the Bloom":90,"AT_ATBox":0,"aspiration:Stellarator":65,"Vajra":49,"Juzu Bracelet":76,"Replay:Bandana":58,"aspiration:DefectSkillbook":43,"Prayer Wheel":34,"Dota2Spire:Mjollnir":73,"Ring of Panic":58,"MerchantsRug":49,"Dota2Spire:Dagon":18,"Replay:Grab Bag":43,"AT_MortalBlade":43,"Dota2Spire:BattleFury":81,"SlaversCollar":43,"Anchor":81,"vexMod:BarristanHead":32,"AT_TheCollector":81,"MutagenicStrength":60,"Bronze Scales":87,"Simple Rune":56,"Ring of Fury":58,"RedMistMask":46,"LetterFromLob":2,"Coffee Dripper":43,"PureWater":0,"REME_PuzzleBoxRelic":25,"REME_ComplimentaryCards":0}]},"card_choices":[{"not_picked":["Meditate","MarkedMod:Acupuncture"],"picked":"Replay:DivineShield","floor":1.0},{"not_picked":["Sanctity","Protect"],"picked":"EmptyBody","floor":2.0},{"not_picked":["Crescendo","MarkedMod:Acupuncture","BowlingBash"],"picked":"SKIP","floor":4.0},{"not_picked":["EmptyFist","CutThroughFate"],"picked":"AT_ChampionKick","floor":8.0},{"not_picked":["Sanctity","CarveReality"],"picked":"Replay:Hum","floor":10.0},{"not_picked":["Sanctity","EmptyBody","AT_RealFormLess"],"picked":"SKIP","floor":11.0},{"not_picked":["WindmillStrike","ThirdEye","Sanctity"],"picked":"SKIP","floor":14.0},{"not_picked":["Compile Driver","Cold Snap","Evaluate","Leap"],"picked":"SKIP","floor":18.0},{"not_picked":["Evaluate","Leap","Heatsinks","Compile Driver"],"picked":"SKIP","floor":18.0},{"not_picked":["AT_StudyProgram","MarkedMod:FirstStrike","Stack","Fasting2"],"picked":"SKIP","floor":19.0},{"not_picked":["White Noise","FollowUp+1","AT_StudyProgram","Consecrate"],"picked":"SKIP","floor":19.0},{"not_picked":["Stack","MarkedMod:FirstStrike+1","Capacitor+1","conspire:Rain"],"picked":"SKIP","floor":21.0},{"not_picked":["Protect+1","AT_DivineConfetti+1","Cold Snap","Panic Button"],"picked":"SKIP","floor":21.0},{"not_picked":["Coolheaded","ThirdEye","Conserve Battery","Reprogram"],"picked":"SKIP","floor":23.0},{"not_picked":["SashWhip","Fasting2","MarkedMod:OneThousandNeedles","MarkedMod:GentlePulse+1"],"picked":"SKIP","floor":25.0},{"not_picked":["Hologram+1","Sanctity+1","ReplayTheSpireMod:Dual Polarity","Conserve Battery"],"picked":"SKIP","floor":25.0},{"not_picked":["Scrape","ReplayTheSpireMod:Dual Polarity","MarkedMod:FirstStrike","Ball Lightning"],"picked":"SKIP","floor":30.0},{"not_picked":["AT_EMC2","Replay:AtTheReady+1","Streamline","Beam Cell"],"picked":"SKIP","floor":30.0},{"not_picked":["Steam+1","FTL","Worship+1","Nirvana+1"],"picked":"SKIP","floor":35},{"not_picked":["BasicCrystalCard+1","Gash+1","Hologram","Replay:ManipulateFuture+1"],"picked":"SKIP","floor":35},{"not_picked":["BowlingBash","Genetic Algorithm","Consecrate","Perseverance"],"picked":"SKIP","floor":37},{"not_picked":["REME_Repentance","MarkedMod:FirstStrike+1","FollowUp+1","MarkedMod:GracefulMovements"],"picked":"SKIP","floor":37},{"not_picked":["Cold Snap","Establishment","Coolheaded","AT_WarpDrive"],"picked":"SKIP","floor":41},{"not_picked":["REME_Compress","DevaForm","Streamline+1"],"picked":"Redo+1","floor":42},{"not_picked":["Vengeance","Redo","BasicCrystalCard+1","Beam Cell"],"picked":"SKIP","floor":42},{"not_picked":["Ball Lightning","conspire:SharedLibrary+1","Crescendo","Leap+1"],"picked":"SKIP","floor":47},{"not_picked":["Tantrum+1","Replay:AtTheReady","Aggregate+1","Consecrate"],"picked":"SKIP","floor":47},{"not_picked":["Redo","Reinforced Body+1","Gash","Halt+1"],"picked":"SKIP","floor":48},{"not_picked":["Sanctity+1","Rebound","JustLucky","REME_Compress+1"],"picked":"SKIP","floor":49},{"not_picked":["Gash","Melter+1","Recycle+1","Fasting2+1"],"picked":"SKIP","floor":49}],"player_experience":196148,"relics_obtained":[{"floor":1.0,"key":"LetterFromLob"},{"floor":9.0,"key":"Dota2Spire:Dagon"},{"floor":10.0,"key":"REME_PuzzleBoxRelic"},{"floor":14.0,"key":"vexMod:BarristanHead"},{"floor":18.0,"key":"RedMistMask"},{"floor":23.0,"key":"Simple Rune"},{"floor":26.0,"key":"Replay:Bandana"},{"floor":29.0,"key":"Ring of Fury"},{"floor":29.0,"key":"Ring of Panic"},{"floor":39,"key":"Dota2Spire:Mjollnir"},{"floor":41,"key":"Juzu Bracelet"},{"floor":43,"key":"Anchor"},{"floor":48,"key":"Bronze Scales"}],"event_choices":[{"damage_healed":0.0,"max_hp_gain":0.0,"max_hp_loss":0.0,"gold_gain":0.0,"event_name":"conspire:Investor","player_choice":"Leave","floor":3.0,"gold_loss":0.0,"damage_taken":0.0},{"cards_removed":["Defend_P"],"damage_healed":0.0,"max_hp_gain":0.0,"max_hp_loss":0.0,"gold_gain":0.0,"event_name":"Purifier","player_choice":"Purged","floor":7.0,"gold_loss":0.0,"damage_taken":0.0},{"cards_removed":["Strike_P"],"damage_healed":0.0,"max_hp_gain":0.0,"max_hp_loss":0.0,"gold_gain":0.0,"event_name":"Purifier","player_choice":"Purged","floor":13.0,"gold_loss":0.0,"damage_taken":0.0},{"damage_healed":0.0,"max_hp_gain":0.0,"max_hp_loss":0.0,"gold_gain":0.0,"event_name":"Vampires","player_choice":"Ignored","floor":22.0,"gold_loss":0.0,"damage_taken":0.0},{"damage_healed":0.0,"max_hp_gain":0.0,"max_hp_loss":0.0,"gold_gain":0.0,"event_name":"Drug Dealer","player_choice":"Inject Mutagens","floor":31.0,"gold_loss":0.0,"damage_taken":0.0,"relics_obtained":["MutagenicStrength"]},{"damage_healed":0,"gold_gain":0,"player_choice":"Gave Potion","damage_taken":0,"relics_obtained":["ReplayFunnel"],"max_hp_gain":0,"max_hp_loss":0,"event_name":"WeMeetAgain","floor":36,"gold_loss":0},{"damage_healed":0,"gold_gain":0,"player_choice":"Embrace Madness","damage_taken":9,"max_hp_gain":0,"max_hp_loss":0,"event_name":"Winding Halls","floor":38,"gold_loss":0,"cards_obtained":["Madness","Madness"]},{"damage_healed":0,"gold_gain":0,"player_choice":"Upgrade","damage_taken":0,"relics_obtained":["Mark of the Bloom"],"max_hp_gain":0,"max_hp_loss":0,"event_name":"MindBloom","floor":50,"gold_loss":0,"cards_upgraded":["Strike_P","Defend_P","Defend_P","Defend_P","AT_ChampionKick","Replay:Hum","Madness","Madness"]}],"is_beta":false,"boss_relics":[{"not_picked":["REME_DuelDisc","aspiration:FutureDiary"],"picked":"Replay:Grab Bag"},{"not_picked":["Velvet Choker","vexMod:RockOfEvil"],"picked":"SlaversCollar"},{"not_picked":["vexMod:FluxCapacitor","vexMod:EndlessSickness"],"picked":"Coffee Dripper"},{"not_picked":["aspiration:RunicSpoon","vexMod:BigBerry"],"picked":"AT_MortalBlade"},{"not_picked":["Tiny House","Kintsugi"],"picked":"aspiration:DefectSkillbook"},{"not_picked":["VioletLotus","Replay:Bronze Core"],"picked":"aspiration:Stellarator"}],"items_purged_floors":[20],"is_endless":false,"potions_floor_spawned":[4,10,11,14,18,25,30,33,42,47,48],"ascension_level":0}}