{"host":"nh1tx9wty0m9wedw","time":1608419807,"event":{"mods":["BaseMod","Colored Map","Colored Powertips","Minty Spire (QoL Compilation)"],"gold_per_floor":[115,65,77,252,262,262,288,29,29,59,69,101,116,136,136,238,238,252,265,281,20,38,38,38],"floor_reached":23,"playtime":2393,"items_purged":[],"score":237,"play_id":"55009fd8-efe1-4794-8422-a83ec668d32d","local_time":"20201220001647","is_ascension_mode":true,"campfire_choices":[{"data":"Metallicize","floor":6,"key":"SMITH"},{"data":"Inflame","floor":15,"key":"SMITH"}],"circlet_count":0,"master_deck":["Strike_R","Strike_R","Strike_R","Strike_R","Defend_R","Defend_R","Defend_R","Defend_R","Bash","Metallicize+1","Anger","Doubt","Rage","Inflame","Fire Breathing","Inflame+1","Reckless Charge","Wild Strike","Cleave","Limit Break","Heavy Blade","Wild Strike","Dark Embrace+1","Cleave+1"],"relics":["Burning Blood","NeowsBlessing","White Beast Statue","Kunai","Red Skull","Calipers","Blood Vial","Mark of Pain","Molten Egg 2"],"acts_visited":["Exordium","TheCity"],"potions_floor_usage":[10,11,13,14,14,14,16,18,20,22,23],"damage_taken":[{"damage":0,"enemies":"Cultist","floor":1,"turns":1},{"damage":1,"enemies":"Small Slimes","floor":3,"turns":2},{"damage":0,"enemies":"2 Louse","floor":5,"turns":1},{"damage":25,"enemies":"3 Sentries","floor":7,"turns":12},{"damage":12,"enemies":"Gremlin Nob","floor":10,"turns":5},{"damage":0,"enemies":"Exordium Wildlife","floor":11,"turns":5},{"damage":15,"enemies":"3 Sentries","floor":12,"turns":6},{"damage":0,"enemies":"Blue Slaver","floor":13,"turns":2},{"damage":12,"enemies":"Exordium Thugs","floor":14,"turns":3},{"damage":40,"enemies":"The Guardian","floor":16,"turns":11},{"damage":11,"enemies":"Spheric Guardian","floor":18,"turns":5},{"damage":35,"enemies":"2 Thieves","floor":19,"turns":4},{"damage":28,"enemies":"Snake Plant","floor":20,"turns":5},{"damage":0,"enemies":"3 Cultists","floor":22,"turns":2},{"damage":40,"enemies":"Book of Stabbing","floor":23,"turns":4}],"seed_played":"8077988783646899582","potions_obtained":[{"floor":1,"key":"Weak Potion"},{"floor":7,"key":"LiquidMemories"},{"floor":10,"key":"DuplicationPotion"},{"floor":11,"key":"Weak Potion"},{"floor":12,"key":"DistilledChaos"},{"floor":13,"key":"SkillPotion"},{"floor":14,"key":"LiquidBronze"},{"floor":16,"key":"Block Potion"},{"floor":18,"key":"Ancient Potion"},{"floor":19,"key":"Block Potion"},{"floor":20,"key":"DuplicationPotion"},{"floor":22,"key":"PowerPotion"}],"is_trial":false,"path_per_floor":["M","?","M","?","M","R","E","$","T","E","M","E","M","M","R","B",null,"M","M","M","$","M","E"],"character_chosen":"IRONCLAD","items_purchased":["Kunai","Molten Egg 2"],"campfire_rested":0,"item_purchase_floors":[8,21],"current_hp_per_floor":[80,80,80,80,80,80,61,61,61,55,61,52,60,56,56,24,80,75,48,28,28,36,0,0],"gold":38,"neow_bonus":"THREE_ENEMY_KILL","is_daily":false,"chose_seed":false,"campfire_upgraded":2,"win_rate":0.0,"timestamp":1608419807,"path_taken":["M","?","M","?","M","R","E","$","T","E","M","E","M","M","R","BOSS","M","M","M","$","M","E"],"items_purchased_type":["Relic","Relic"],"build_version":"2020-12-13","purchased_purges":0,"victory":false,"max_hp_per_floor":[80,80,80,80,80,80,80,80,80,80,80,80,80,80,80,80,80,80,80,80,80,80,80,80],"card_choices":[{"not_picked":["Clothesline","Searing Blow"],"picked":"Metallicize","floor":1},{"not_picked":["Sentinel","Warcry"],"picked":"Anger","floor":3},{"not_picked":["Flex","Headbutt"],"picked":"Rage","floor":5},{"not_picked":["Clothesline","Havoc"],"picked":"Inflame","floor":7},{"not_picked":["Cleave","Hemokinesis"],"picked":"Fire Breathing","floor":10},{"not_picked":["Pommel Strike","Iron Wave"],"picked":"Inflame","floor":11},{"not_picked":["Searing Blow","Combust"],"picked":"Reckless Charge","floor":12},{"not_picked":["Spot Weakness","Flame Barrier"],"picked":"Wild Strike","floor":13},{"not_picked":["Bloodletting","Rupture"],"picked":"Cleave","floor":14},{"not_picked":["Immolate","Bludgeon"],"picked":"Limit Break","floor":16},{"not_picked":["Dropkick","Bloodletting"],"picked":"Heavy Blade","floor":18},{"not_picked":["Perfected Strike+1","Combust"],"picked":"Wild Strike","floor":19},{"not_picked":["Twin Strike","Fire Breathing"],"picked":"Dark Embrace+1","floor":20},{"not_picked":["Clash+1","Perfected Strike+1"],"picked":"Cleave+1","floor":22}],"player_experience":566542,"relics_obtained":[{"floor":7,"key":"White Beast Statue"},{"floor":9,"key":"Red Skull"},{"floor":10,"key":"Calipers"},{"floor":12,"key":"Blood Vial"}],"event_choices":[{"cards_removed":["Strike_R"],"damage_healed":0,"gold_gain":0,"player_choice":"Card Removal","damage_taken":0,"max_hp_gain":0,"max_hp_loss":0,"event_name":"The Cleric","floor":2,"gold_loss":50},{"damage_healed":0,"gold_gain":175,"player_choice":"AGREE","damage_taken":0,"max_hp_gain":0,"max_hp_loss":0,"event_name":"Liars Game","floor":4,"gold_loss":0,"cards_obtained":["Doubt"]}],"is_beta":false,"boss_relics":[{"not_picked":["Black Star","Fusion Hammer"],"picked":"Mark of Pain"}],"items_purged_floors":[],"is_endless":false,"potions_floor_spawned":[1,7,10,11,12,13,14,16,18,19,20,22],"killed_by":"Book of Stabbing","ascension_level":2}}