{"host":"sav7uxregyirlf69","time":1608341972,"event":{"mods":["AchievementEnabler","BaseMod","Colored Map","DeckTracker","Keyboard Shortcuts","Minty Spire (QoL Compilation)","READ ME - Guardian Mod","StSLib","SuperFastMode"],"gold_per_floor":[114,289,214,229,244,244,287,287,287,302,332,195,225,240,240,340,340,355,205,220,235,250,250,280,379,379,409,424,424,454,469,469,569,569,584,599,599,599,614,614,644,659,659,689,716,38,68,83,83,83],"floor_reached":51,"playtime":1509,"items_purged":["Doubt","Blood for Blood","Rampage"],"score":1132,"play_id":"7860e3ed-29ae-4ac8-bcfe-c8d675b33859","local_time":"20201219103932","daily_mods":["Draft","Uncertain Future","Elite Swarm"],"is_ascension_mode":false,"campfire_choices":[{"data":"Body Slam","floor":6.0,"key":"SMITH"},{"data":"Armaments","floor":8.0,"key":"SMITH"},{"data":"Barricade","floor":15,"key":"SMITH"},{"data":"Evolve","floor":23,"key":"SMITH"},{"data":"Entrench","floor":29,"key":"SMITH"},{"data":"Shockwave","floor":32,"key":"SMITH"},{"data":"Offering","floor":40,"key":"SMITH"},{"data":"Body Slam","floor":49,"key":"SMITH"}],"circlet_count":0,"master_deck":["Body Slam+1","Shrug It Off","Power Through","Wild Strike","Iron Wave","Evolve+1","Headbutt","Pommel Strike","Shockwave+1","Power Through","Armaments+1","Warcry+1","Shrug It Off","Barricade+1","Entrench+1","Feed","Metallicize","Seeing Red","Shrug It Off+1","Impervious+1","Offering+1","Disarm+1","Sever Soul+1","Fiend Fire","Battle Trance+1","Body Slam+1","Juggernaut+1"],"relics":["Burning Blood","Calipers","Incense Burner","Vajra","SlaversCollar","Happy Flower","Potion Belt","Shuriken","War Paint","Oddly Smooth Stone","Black Star","White Beast Statue","InkBottle","Frozen Egg 2","Turnip","Bird Faced Urn","StoneCalendar","Lizard Tail","Blood Vial","The Courier","Du-Vu Doll"],"acts_visited":["Exordium","TheCity","TheBeyond"],"potions_floor_usage":[18,24,45,45,50,50],"damage_taken":[{"damage":0.0,"enemies":"Small Slimes","floor":1.0,"turns":3.0},{"damage":0.0,"enemies":"2 Louse","floor":4.0,"turns":2.0},{"damage":0.0,"enemies":"Jaw Worm","floor":5.0,"turns":4.0},{"damage":6.0,"enemies":"Lagavulin Event","floor":7.0,"turns":5.0},{"damage":0.0,"enemies":"Gremlin Gang","floor":10.0,"turns":10.0},{"damage":0.0,"enemies":"Gremlin Nob","floor":11.0,"turns":4.0},{"damage":1.0,"enemies":"3 Sentries","floor":13.0,"turns":7.0},{"damage":0,"enemies":"Blue Slaver","floor":14,"turns":2},{"damage":24,"enemies":"Slime Boss","floor":16,"turns":8},{"damage":10,"enemies":"Spheric Guardian","floor":18,"turns":9},{"damage":5,"enemies":"2 Thieves","floor":20,"turns":5},{"damage":0,"enemies":"Snake Plant","floor":21,"turns":4},{"damage":0,"enemies":"Centurion and Healer","floor":22,"turns":12},{"damage":21,"enemies":"Slavers","floor":24,"turns":6},{"damage":0,"enemies":"Gremlin Leader","floor":27,"turns":4},{"damage":0,"enemies":"3 Cultists","floor":28,"turns":9},{"damage":7,"enemies":"Slavers","floor":30,"turns":6},{"damage":0,"enemies":"Sentry and Sphere","floor":31,"turns":7},{"damage":0,"enemies":"Champ","floor":33,"turns":6},{"damage":1,"enemies":"3 Shapes","floor":35,"turns":4},{"damage":0,"enemies":"Orb Walker","floor":36,"turns":3},{"damage":6,"enemies":"4 Shapes","floor":39,"turns":6},{"damage":6,"enemies":"Giant Head","floor":41,"turns":6},{"damage":6,"enemies":"Maw","floor":42,"turns":5},{"damage":6,"enemies":"Reptomancer","floor":44,"turns":5},{"damage":25,"enemies":"2 Orb Walkers","floor":45,"turns":6},{"damage":0,"enemies":"Giant Head","floor":47,"turns":7},{"damage":6,"enemies":"Spire Growth","floor":48,"turns":2},{"damage":6,"enemies":"Awakened One","floor":50,"turns":8}],"seed_played":"-2908382401684788831","potions_obtained":[{"floor":4.0,"key":"Explosive Potion"},{"floor":10.0,"key":"SmokeBomb"},{"floor":13,"key":"Swift Potion"},{"floor":14,"key":"Explosive Potion"},{"floor":20,"key":"ElixirPotion"},{"floor":21,"key":"FairyPotion"},{"floor":30,"key":"BloodPotion"},{"floor":33,"key":"EssenceOfSteel"},{"floor":41,"key":"ElixirPotion"},{"floor":42,"key":"Weak Potion"},{"floor":45,"key":"ColorlessPotion"}],"is_trial":false,"path_per_floor":["M","?","$","M","M","R","?","R","T","M","E","$","E","M","R","B",null,"M","$","M","M","M","R","E","?","T","E","M","R","E","M","R","B",null,"M","M","?","?","M","R","E","M","T","E","?","$","E","M","R","B",null],"character_chosen":"IRONCLAD","items_purchased":["Entrench","Happy Flower","Body Slam","BlessingOfTheForge","Lizard Tail","Blood Vial"],"campfire_rested":0,"item_purchase_floors":[12,19,46,46,46,46],"current_hp_per_floor":[80,80,80,80,80,80,80,80,80,80,80,80,80,80,80,62,80,79,79,84,87,91,91,79,79,79,85,94,94,97,104,104,104,104,104,104,104,104,108,108,108,108,108,108,91,91,108,111,111,111],"gold":83,"neow_bonus":"","is_daily":true,"chose_seed":false,"campfire_upgraded":8,"win_rate":0.0,"timestamp":1608341972,"path_taken":["M","?","$","M","M","R","?","R","T","M","E","?","E","M","R","BOSS","M","$","?","?","M","R","E","?","T","E","M","R","E","M","R","BOSS","M","M","?","?","M","R","E","M","T","E","?","$","E","M","R","BOSS"],"items_purchased_type":["Card","Relic","Card","Potion","Relic","Relic"],"build_version":"2020-12-13","purchased_purges":3,"victory":true,"max_hp_per_floor":[80,80,80,80,80,80,80,80,80,80,80,80,80,80,80,80,80,83,83,87,87,91,91,94,94,94,94,97,97,101,104,104,104,104,104,104,104,104,108,108,108,108,108,108,108,108,111,111,111,111],"card_choices":[{"not_picked":["Havoc","Sword Boomerang"],"picked":"Body Slam","floor":0.0},{"not_picked":["Sword Boomerang","Havoc"],"picked":"Shrug It Off","floor":0.0},{"not_picked":["Flex","Combust"],"picked":"Rampage","floor":0.0},{"not_picked":["Cleave","Sword Boomerang"],"picked":"Power Through","floor":0.0},{"not_picked":["Flex","Thunderclap"],"picked":"Wild Strike","floor":0.0},{"not_picked":["Clash","Cleave"],"picked":"Iron Wave","floor":0.0},{"not_picked":["Clothesline","Thunderclap"],"picked":"Power Through","floor":0.0},{"not_picked":["Cleave","Pommel Strike"],"picked":"Evolve","floor":0.0},{"not_picked":["Clash","Twin Strike"],"picked":"Headbutt","floor":0.0},{"not_picked":["Headbutt","Pummel"],"picked":"Pommel Strike","floor":0.0},{"not_picked":["Sword Boomerang","Warcry"],"picked":"Shockwave","floor":0.0},{"not_picked":["Whirlwind","Clash"],"picked":"Blood for Blood","floor":0.0},{"not_picked":["Clothesline","Battle Trance"],"picked":"Power Through","floor":0.0},{"not_picked":["Shrug It Off","Ghostly Armor"],"picked":"Armaments","floor":0.0},{"not_picked":["Armaments","Pommel Strike"],"picked":"Warcry","floor":0.0},{"not_picked":["Iron Wave","Blood for Blood","Anger"],"picked":"SKIP","floor":1.0},{"not_picked":["Blood for Blood","Sword Boomerang","Cleave"],"picked":"SKIP","floor":4.0},{"not_picked":["Sentinel","Clothesline"],"picked":"Shrug It Off","floor":5.0},{"not_picked":["Sentinel","Perfected Strike","Armaments"],"picked":"SKIP","floor":10.0},{"not_picked":["Double Tap","Berserk"],"picked":"Barricade","floor":11.0},{"not_picked":["Berserk","Immolate"],"picked":"Feed","floor":13},{"not_picked":["Uppercut","Sword Boomerang"],"picked":"Metallicize","floor":14},{"not_picked":["Iron Wave+1","Perfected Strike+1","Sever Soul+1"],"picked":"SKIP","floor":18},{"not_picked":["Clothesline","Hemokinesis","Rupture"],"picked":"SKIP","floor":20},{"not_picked":["Wild Strike","Pommel Strike"],"picked":"Seeing Red","floor":21},{"not_picked":["Flex","Evolve"],"picked":"Shrug It Off+1","floor":22},{"not_picked":["Reaper","Demon Form","Double Tap"],"picked":"SKIP","floor":24},{"not_picked":["Limit Break","Berserk"],"picked":"Impervious","floor":27},{"not_picked":["Headbutt+1","Rupture","Wild Strike"],"picked":"SKIP","floor":28},{"not_picked":["Double Tap","Berserk","Corruption"],"picked":"SKIP","floor":30},{"not_picked":["Iron Wave","Metallicize","Pommel Strike"],"picked":"SKIP","floor":31},{"not_picked":["Demon Form","Corruption"],"picked":"Offering","floor":33},{"not_picked":["Cleave+1","Armaments+1"],"picked":"Disarm+1","floor":35},{"not_picked":["Clothesline+1","Evolve+1"],"picked":"Sever Soul+1","floor":36},{"not_picked":["Rupture","Clothesline","Blood for Blood"],"picked":"SKIP","floor":39},{"not_picked":["Brutality","Bludgeon"],"picked":"Fiend Fire","floor":41},{"not_picked":["Perfected Strike","Cleave"],"picked":"Battle Trance+1","floor":42},{"not_picked":["Brutality+1","Barricade+1","Limit Break"],"picked":"SKIP","floor":44},{"not_picked":["Fiend Fire","Barricade+1"],"picked":"Juggernaut+1","floor":47},{"not_picked":["Perfected Strike+1","Heavy Blade+1","Headbutt"],"picked":"SKIP","floor":48}],"player_experience":947136,"relics_obtained":[{"floor":7.0,"key":"Calipers"},{"floor":9.0,"key":"Incense Burner"},{"floor":11.0,"key":"Vajra"},{"floor":24,"key":"Potion Belt"},{"floor":26,"key":"Shuriken"},{"floor":27,"key":"War Paint"},{"floor":30,"key":"Oddly Smooth Stone"},{"floor":41,"key":"White Beast Statue"},{"floor":41,"key":"InkBottle"},{"floor":43,"key":"Frozen Egg 2"},{"floor":44,"key":"Turnip"},{"floor":44,"key":"Bird Faced Urn"},{"floor":45,"key":"StoneCalendar"},{"floor":47,"key":"The Courier"},{"floor":47,"key":"Du-Vu Doll"}],"event_choices":[{"damage_healed":0.0,"max_hp_gain":0.0,"max_hp_loss":0.0,"gold_gain":175.0,"event_name":"Liars Game","player_choice":"AGREE","floor":2.0,"gold_loss":0.0,"damage_taken":0.0,"cards_obtained":["Doubt"]},{"damage_healed":0.0,"max_hp_gain":0.0,"max_hp_loss":0.0,"gold_gain":0.0,"event_name":"Dead Adventurer","player_choice":"Searched \u00272\u0027 times","floor":7.0,"gold_loss":0.0,"damage_taken":0.0},{"damage_healed":0,"gold_gain":99,"player_choice":"Stole From Cult","damage_taken":0,"max_hp_gain":0,"max_hp_loss":0,"event_name":"Nest","floor":25,"gold_loss":0},{"cards_removed":["Power Through"],"damage_healed":0,"gold_gain":0,"player_choice":"Removed Skill","damage_taken":0,"max_hp_gain":0,"max_hp_loss":0,"event_name":"Falling","floor":37,"gold_loss":0},{"damage_healed":0,"gold_gain":0,"player_choice":"Ignored","damage_taken":0,"max_hp_gain":0,"max_hp_loss":0,"event_name":"Tomb of Lord Red Mask","floor":38,"gold_loss":0},{"damage_healed":0,"gold_gain":0,"player_choice":"Fight","damage_taken":0,"max_hp_gain":0,"max_hp_loss":0,"event_name":"Mysterious Sphere","floor":45,"gold_loss":0}],"is_beta":false,"boss_relics":[{"not_picked":["Snecko Eye","Velvet Choker"],"picked":"SlaversCollar"},{"not_picked":["Black Blood","Calling Bell"],"picked":"Black Star"}],"items_purged_floors":[3,12,46],"is_endless":false,"potions_floor_spawned":[4,10,13,14,20,21,30,33,41,42,44,45,47,48],"ascension_level":0}}