{"host":"lg1piimdyocafd6j","time":1608391298,"event":{"mods":["AchievementEnabler","BaseMod","Better Third Choice","BetterRewards","Colored Map","Colored Powertips","Downfall","Minty Spire (QoL Compilation)","Quick Restart","Rare Cards Sparkle","StSLib","SuperFastMode"],"gold_per_floor":[111,111,122,141,158,185,185,215,215,246,246,16,16,33,33,132,132,142,162,162,162,37,37,52,68,93,103,103,113,148,166,166,261,261,280,53,1,13,13,13,26,26,26,38,38,48,63,12,12,12],"floor_reached":51,"playtime":2959,"items_purged":["Dualcast"],"score":799,"play_id":"197c6322-df35-4bbb-9b33-bd629487f70e","local_time":"20201219162138","is_ascension_mode":true,"campfire_choices":[{"floor":7,"key":"REST"},{"floor":15,"key":"REST"},{"data":"White Noise","floor":23,"key":"SMITH"},{"floor":32,"key":"REST"},{"floor":40,"key":"REST"},{"floor":42,"key":"REST"},{"floor":45,"key":"REST"},{"floor":49,"key":"REST"}],"circlet_count":0,"master_deck":["Strike_B","Strike_B","Strike_B+1","Defend_B","Defend_B","Defend_B","Defend_B","Zap+1","Gash","Tempest","Beam Cell","Gash","Ball Lightning","Conserve Battery","All For One+1","White Noise+1","Ball Lightning","All For One","Ball Lightning","Steam","Turbo","Steam+1","All For One","Beam Cell","Ball Lightning","Go for the Eyes","Creative AI","Go for the Eyes+1","Self Repair","Auto Shields+1","Steam+1","Beam Cell+1","Streamline","Ball Lightning","Turbo+1","Gash+1","Reboot","Redo+1","FTL+1","Go for the Eyes+1","Conserve Battery","White Noise","Steam","Redo+1"],"relics":["Cracked Core","Unceasing Top","Du-Vu Doll","Cables","Blue Candle","Vajra","Whetstone","Runic Pyramid","Dream Catcher","Omamori","Inserter","Orrery","Gremlin Horn","Ice Cream"],"acts_visited":["Exordium","TheCity","TheBeyond"],"potions_floor_usage":[4,6,8,24,29,29,29,33,50],"damage_taken":[{"damage":0,"enemies":"2 Louse","floor":1,"turns":2},{"damage":6,"enemies":"Cultist","floor":3,"turns":3},{"damage":6,"enemies":"Jaw Worm","floor":4,"turns":2},{"damage":8,"enemies":"3 Louse","floor":5,"turns":3},{"damage":36,"enemies":"3 Sentries","floor":6,"turns":6},{"damage":16,"enemies":"Lagavulin","floor":8,"turns":4},{"damage":18,"enemies":"Gremlin Nob","floor":10,"turns":3},{"damage":0,"enemies":"Looter","floor":14,"turns":1},{"damage":24,"enemies":"Hexaghost","floor":16,"turns":6},{"damage":23,"enemies":"Shell Parasite","floor":18,"turns":4},{"damage":0,"enemies":"Chosen","floor":19,"turns":4},{"damage":9,"enemies":"Centurion and Healer","floor":24,"turns":6},{"damage":15,"enemies":"Snake Plant","floor":25,"turns":4},{"damage":0,"enemies":"3 Cultists","floor":27,"turns":4},{"damage":0,"enemies":"Colosseum Slavers","floor":28,"turns":1},{"damage":15,"enemies":"Centurion and Healer","floor":29,"turns":2},{"damage":6,"enemies":"Gremlin Leader","floor":30,"turns":4},{"damage":0,"enemies":"Chosen and Byrds","floor":31,"turns":2},{"damage":33,"enemies":"Collector","floor":33,"turns":7},{"damage":65,"enemies":"3 Darklings","floor":35,"turns":6},{"damage":0,"enemies":"Orb Walker","floor":38,"turns":3},{"damage":13,"enemies":"Sphere and 2 Shapes","floor":41,"turns":4},{"damage":15,"enemies":"Spire Growth","floor":44,"turns":4},{"damage":15,"enemies":"Writhing Mass","floor":46,"turns":4},{"damage":17,"enemies":"Jaw Worm Horde","floor":47,"turns":4},{"damage":47,"enemies":"Awakened One","floor":50,"turns":7}],"seed_played":"-492098811055162707","potions_obtained":[{"floor":4,"key":"Fruit Juice"},{"floor":5,"key":"LiquidBronze"},{"floor":6,"key":"PowerPotion"},{"floor":16,"key":"PowerPotion"},{"floor":18,"key":"Energy Potion"},{"floor":24,"key":"Energy Potion"},{"floor":25,"key":"EssenceOfDarkness"},{"floor":30,"key":"EssenceOfSteel"},{"floor":46,"key":"GamblersBrew"}],"is_trial":false,"path_per_floor":["M","?","M","M","M","E","R","E","T","E","?","$","?","M","R","B",null,"M","M","?","?","$","R","M","M","T","M","?","M","E","M","R","B",null,"M","$","?","M","?","R","M","R","T","M","R","M","M","$","R","B",null],"character_chosen":"DEFECT","items_purchased":["White Noise","Whetstone","Turbo","Self Repair","Orrery","Steam"],"campfire_rested":7,"item_purchase_floors":[12,12,22,36,36,48],"current_hp_per_floor":[75,75,69,68,60,24,48,32,32,14,14,14,40,40,64,40,80,57,57,57,57,57,57,48,33,33,33,33,18,12,12,36,3,80,15,15,15,15,15,39,26,50,50,35,59,51,34,34,58,18],"gold":12,"neow_bonus":"REMOVE_CARD","is_daily":false,"chose_seed":false,"campfire_upgraded":1,"win_rate":0.0,"timestamp":1608391298,"path_taken":["M","?","M","M","?","E","R","E","T","E","?","$","?","M","R","BOSS","M","M","?","?","?","R","M","M","T","?","?","M","E","M","R","BOSS","M","$","?","?","?","R","M","R","T","M","R","M","M","?","R","BOSS"],"items_purchased_type":["Card","Relic","Card","Card","Relic","Card"],"build_version":"2020-12-13","purchased_purges":1,"victory":true,"max_hp_per_floor":[75,75,75,80,80,80,80,80,80,80,80,80,80,80,80,80,80,80,80,80,80,80,80,80,80,80,80,80,80,80,80,80,80,80,80,80,80,80,80,80,80,80,80,80,80,80,80,80,80,80],"card_choices":[{"not_picked":["Redo","Rebound"],"picked":"Gash","floor":1},{"not_picked":["Turbo","Stack"],"picked":"Tempest","floor":3},{"not_picked":["Sweeping Beam","Stack"],"picked":"Beam Cell","floor":4},{"not_picked":["Hello World","Double Energy"],"picked":"Gash","floor":5},{"not_picked":["Heatsinks","Sweeping Beam"],"picked":"Ball Lightning","floor":6},{"not_picked":["Reinforced Body","Consume"],"picked":"Conserve Battery","floor":8},{"not_picked":["Leap","Chill"],"picked":"All For One","floor":10},{"not_picked":["Heatsinks","Scrape"],"picked":"Ball Lightning","floor":14},{"not_picked":["Buffer","Echo Form"],"picked":"All For One","floor":16},{"not_picked":["Sweeping Beam+1","Double Energy","Fusion"],"picked":"SKIP","floor":18},{"not_picked":["Go for the Eyes","Lockon"],"picked":"Ball Lightning","floor":19},{"not_picked":["Compile Driver","Recycle","Skim+1"],"picked":"SKIP","floor":24},{"not_picked":["Go for the Eyes","Sunder+1"],"picked":"Steam+1","floor":25},{"not_picked":["Glacier","Steam"],"picked":"All For One","floor":27},{"not_picked":["Melter","Scrape","Sweeping Beam"],"picked":"SKIP","floor":29},{"not_picked":["Force Field","Darkness"],"picked":"Beam Cell","floor":30},{"not_picked":["Coolheaded","Sweeping Beam"],"picked":"Ball Lightning","floor":31},{"not_picked":["Redo","Cold Snap"],"picked":"Go for the Eyes","floor":32},{"not_picked":["Amplify","Thunder Strike"],"picked":"Creative AI","floor":33},{"not_picked":["Redo","Defragment"],"picked":"Go for the Eyes+1","floor":35},{"not_picked":["Buffer","Ball Lightning"],"picked":"Auto Shields+1","floor":36},{"not_picked":["Double Energy","Barrage+1"],"picked":"Steam+1","floor":36},{"not_picked":["Ball Lightning+1","Cold Snap"],"picked":"Beam Cell+1","floor":36},{"not_picked":["Chill+1","Compile Driver+1"],"picked":"Streamline","floor":36},{"not_picked":["Hello World","Fission"],"picked":"Ball Lightning","floor":36},{"not_picked":["Glacier","Storm+1"],"picked":"Turbo+1","floor":38},{"not_picked":["Hologram","Rebound+1"],"picked":"Gash+1","floor":40},{"not_picked":["Storm","Stack+1"],"picked":"Reboot","floor":41},{"not_picked":["Self Repair","Hologram+1"],"picked":"Redo+1","floor":42},{"not_picked":["Glacier","Barrage+1"],"picked":"FTL+1","floor":44},{"not_picked":["Barrage","Leap"],"picked":"Go for the Eyes+1","floor":45},{"not_picked":["Steam Power+1","Leap+1"],"picked":"Conserve Battery","floor":46},{"not_picked":["Doom and Gloom","Reinforced Body"],"picked":"White Noise","floor":47},{"not_picked":["Hologram+1","Darkness+1"],"picked":"Redo+1","floor":49}],"player_experience":197998,"relics_obtained":[{"floor":6,"key":"Unceasing Top"},{"floor":8,"key":"Du-Vu Doll"},{"floor":9,"key":"Cables"},{"floor":10,"key":"Blue Candle"},{"floor":26,"key":"Dream Catcher"},{"floor":30,"key":"Omamori"},{"floor":43,"key":"Ice Cream"}],"event_choices":[{"damage_healed":0,"gold_gain":0,"player_choice":"Upgraded","damage_taken":0,"max_hp_gain":0,"max_hp_loss":0,"event_name":"Upgrade Shrine","floor":2,"gold_loss":0,"cards_upgraded":["Zap"]},{"damage_healed":0,"gold_gain":0,"player_choice":"Searched \u00271\u0027 times","damage_taken":0,"relics_obtained":["Vajra"],"max_hp_gain":0,"max_hp_loss":0,"event_name":"Dead Adventurer","floor":11,"gold_loss":0},{"damage_healed":26,"gold_gain":0,"player_choice":"Banana","damage_taken":0,"max_hp_gain":0,"max_hp_loss":0,"event_name":"Big Fish","floor":13,"gold_loss":0},{"damage_healed":0,"gold_gain":0,"player_choice":"Ignored","damage_taken":0,"max_hp_gain":0,"max_hp_loss":0,"event_name":"The Mausoleum","floor":20,"gold_loss":0},{"damage_healed":0,"gold_gain":0,"player_choice":"Read","damage_taken":0,"max_hp_gain":0,"max_hp_loss":0,"event_name":"The Library","floor":21,"gold_loss":0,"cards_obtained":["Steam"]},{"damage_healed":0,"gold_gain":0,"player_choice":"Fight","damage_taken":0,"max_hp_gain":0,"max_hp_loss":0,"event_name":"Colosseum","floor":28,"gold_loss":0},{"damage_healed":0,"gold_gain":0,"player_choice":"Fled From Nobs","damage_taken":0,"max_hp_gain":0,"max_hp_loss":0,"event_name":"Colosseum","floor":28,"gold_loss":0},{"damage_healed":0,"gold_gain":0,"player_choice":"Paid Gold","damage_taken":0,"relics_obtained":["Gremlin Horn"],"max_hp_gain":0,"max_hp_loss":0,"event_name":"WeMeetAgain","floor":37,"gold_loss":52},{"damage_healed":0,"gold_gain":0,"player_choice":"Ignored","damage_taken":0,"max_hp_gain":0,"max_hp_loss":0,"event_name":"NoteForYourself","floor":39,"gold_loss":0}],"is_beta":false,"boss_relics":[{"not_picked":["Fusion Hammer","Cursed Key"],"picked":"Runic Pyramid"},{"not_picked":["FrozenCore","Busted Crown"],"picked":"Inserter"}],"items_purged_floors":[22],"is_endless":false,"potions_floor_spawned":[4,5,6,16,18,24,25,30,46],"ascension_level":1}}