{"host":"llpusn9usp8rznkj","time":1608344835,"event":{"mods":["2.2 Compatiblity","BaseMod","Colored Map","Colored Powertips","Conspire","Downfall","Hubris","Minty Spire (QoL Compilation)","Rare Cards Sparkle","Replay The Spire","StSLib","The Cursed"],"gold_per_floor":[11,21,21,21,21,55,55,70,70,70,170,170,182,182,182,261,261,280,293,293,293,310,310,235,367,394,394,394,394,444,456,456,529,529,547,547,547],"floor_reached":36,"playtime":1998,"items_purged":["Tempest"],"score":760,"play_id":"faaac6cb-552e-41a6-a1bd-87698ccb72f6","local_time":"20201218212715","is_ascension_mode":true,"campfire_choices":[{"data":"Creative AI","floor":7.0,"key":"SMITH"},{"data":"Crystallizer","floor":10.0,"key":"SMITH"},{"data":"ReplayTheSpireMod:Dual Polarity","floor":12.0,"key":"SMITH"},{"floor":15.0,"key":"REST"},{"data":"White Noise","floor":27.0,"key":"SMITH"},{"floor":29.0,"key":"REST"},{"floor":32.0,"key":"REST"}],"circlet_count":0,"master_deck":["AscendersBane","Defend_B","Defend_B+1","Defend_B","Defend_B","Zap","Dualcast","Creative AI+1","Crystallizer+1","ReplayTheSpireMod:Dual Polarity+1","Ball Lightning","White Noise+1","Steam","Auto Shields","Buffer+1","Ball Lightning","Reinforced Body+1","Loop","White Noise+1","Writhe","Steam","Coolheaded","hubris:PowerSurge","Creative AI"],"relics":["Cracked Core","hubris:Icosahedron","Bottled Lightning","Garlic","Dream Catcher","Empty Cage","ReplayTheSpireMod:TigerMarble","War Paint","Du-Vu Doll","Coffee Dripper"],"acts_visited":["Exordium","TheCity","TheBeyond"],"potions_floor_usage":[],"damage_taken":[{"damage":1.0,"enemies":"Cultist","floor":1.0,"turns":3.0},{"damage":4.0,"enemies":"2 Louse","floor":2.0,"turns":3.0},{"damage":44.0,"enemies":"3 Sentries","floor":6.0,"turns":7.0},{"damage":10.0,"enemies":"Small Slimes","floor":8.0,"turns":3.0},{"damage":0.0,"enemies":"Looter","floor":11.0,"turns":1.0},{"damage":4.0,"enemies":"Exordium Thugs","floor":13.0,"turns":3.0},{"damage":7.0,"enemies":"Hexaghost","floor":16.0,"turns":12.0},{"damage":20.0,"enemies":"3 Byrds","floor":18.0,"turns":6.0},{"damage":21.0,"enemies":"Shell Parasite","floor":19.0,"turns":7.0},{"damage":13.0,"enemies":"Sentry and Sphere","floor":22.0,"turns":7.0},{"damage":57.0,"enemies":"Gremlin Leader","floor":25.0,"turns":10.0},{"damage":8.0,"enemies":"Snake Plant","floor":31.0,"turns":6.0},{"damage":32,"enemies":"Automaton","floor":33,"turns":11},{"damage":9,"enemies":"Orb Walker","floor":35,"turns":4},{"damage":47,"enemies":"2 Orb Walkers","floor":36,"turns":4}],"seed_played":"-1196890636766899397","potions_obtained":[{"floor":1.0,"key":"Dexterity Potion"},{"floor":5.0,"key":"Energy Potion"},{"floor":5.0,"key":"SmokeBomb"},{"floor":8.0,"key":"Elixir"},{"floor":16.0,"key":"Milkshake"},{"floor":19.0,"key":"FocusPotion"},{"floor":22.0,"key":"PowerPotion"},{"floor":25.0,"key":"Dexterity Potion"}],"is_trial":false,"path_per_floor":["M","M","?","?","?","E","R","M","T","R","M","R","M","T","R","B",null,"M","M","?","?","M","?","$","E","T","R","?","R","?","M","R","B",null,"M","?"],"character_chosen":"DEFECT","items_purchased":[],"campfire_rested":3,"item_purchase_floors":[],"current_hp_per_floor":[63,59,59,59,59,15,15,5,5,5,5,5,1,1,22,15,57,37,16,16,71,58,58,58,1,1,1,1,22,22,14,35,3,54,45,0,0],"gold":547,"neow_bonus":"TRANSFORM_TWO_CARDS","is_daily":false,"chose_seed":false,"campfire_upgraded":4,"win_rate":0.0,"timestamp":1608344835,"path_taken":["M","?","?","?","?","E","R","M","T","R","M","R","?","?","R","BOSS","M","M","?","?","?","?","$","E","T","R","?","R","?","M","R","BOSS","M","?"],"items_purchased_type":[],"build_version":"2020-12-13","purchased_purges":1,"victory":false,"max_hp_per_floor":[71,71,71,71,71,71,71,71,71,71,71,71,71,71,71,71,71,71,71,71,71,71,71,71,71,71,71,71,71,71,71,71,71,71,71,71,71],"card_choices":[{"not_picked":["Compile Driver","Barrage"],"picked":"Crystallizer","floor":1.0},{"not_picked":["Redo","Streamline"],"picked":"ReplayTheSpireMod:Dual Polarity","floor":2.0},{"not_picked":["Leap","ReplayTheSpireMod:System Scan"],"picked":"Ball Lightning","floor":6.0},{"not_picked":["Tempest","Meteor Strike"],"picked":"White Noise","floor":8.0},{"not_picked":["Leap","Cold Snap"],"picked":"Steam","floor":13.0},{"not_picked":["Lockon","Hologram"],"picked":"Auto Shields","floor":15.0},{"not_picked":["Core Surge","All For One"],"picked":"Buffer","floor":16.0},{"not_picked":["Leap","ReplaySort"],"picked":"Ball Lightning","floor":18.0},{"not_picked":["Aggregate","Sweeping Beam"],"picked":"Reinforced Body","floor":19.0},{"not_picked":["Scrape","Hello World"],"picked":"Loop","floor":22.0},{"not_picked":["Undo","Conserve Battery"],"picked":"White Noise","floor":25.0},{"not_picked":["Stack","BootSequence"],"picked":"Steam","floor":29.0},{"not_picked":["Consume","hubris:DoWhile"],"picked":"Coolheaded","floor":31.0},{"not_picked":["Auto Shields","Coolheaded"],"picked":"hubris:PowerSurge","floor":32.0},{"not_picked":["hubris:DoWhile","Mirror Shield"],"picked":"Creative AI","floor":33},{"not_picked":["Compile Driver","Beam Cell","Ball Lightning"],"picked":"SKIP","floor":35}],"player_experience":1085277,"relics_obtained":[{"floor":6.0,"key":"Bottled Lightning"},{"floor":9.0,"key":"Garlic"},{"floor":14.0,"key":"Dream Catcher"},{"floor":25.0,"key":"ReplayTheSpireMod:TigerMarble"},{"floor":26.0,"key":"War Paint"}],"event_choices":[{"damage_healed":0.0,"max_hp_gain":0.0,"max_hp_loss":0.0,"gold_gain":0.0,"event_name":"Lab","player_choice":"Got Potions","floor":5.0,"gold_loss":0.0,"damage_taken":0.0},{"damage_healed":55.0,"max_hp_gain":0.0,"max_hp_loss":0.0,"gold_gain":0.0,"event_name":"Wheel of Change","player_choice":"Full Heal","floor":21.0,"gold_loss":0.0,"damage_taken":0.0},{"damage_healed":0.0,"max_hp_gain":0.0,"max_hp_loss":0.0,"gold_gain":0.0,"event_name":"Vampires","player_choice":"Ignored","floor":23.0,"gold_loss":0.0,"damage_taken":0.0},{"damage_healed":0.0,"max_hp_gain":0.0,"max_hp_loss":0.0,"gold_gain":0.0,"event_name":"The Mausoleum","player_choice":"Opened","floor":28.0,"gold_loss":0.0,"damage_taken":0.0,"relics_obtained":["Du-Vu Doll"],"cards_obtained":["Writhe"]},{"damage_healed":0.0,"max_hp_gain":0.0,"max_hp_loss":0.0,"gold_gain":50.0,"event_name":"Nest","player_choice":"Stole From Cult","floor":30.0,"gold_loss":0.0,"damage_taken":0.0},{"damage_healed":0,"gold_gain":0,"player_choice":"Fight","damage_taken":0,"max_hp_gain":0,"max_hp_loss":0,"event_name":"Mysterious Sphere","floor":36,"gold_loss":0}],"is_beta":false,"boss_relics":[{"not_picked":["Ring of Chaos","Abe\u0027s Treasure"],"picked":"Empty Cage"},{"not_picked":["Black Star","FrozenCore"],"picked":"Coffee Dripper"}],"items_purged_floors":[24],"is_endless":false,"potions_floor_spawned":[1,8,11,16,19,22,25,31],"killed_by":"2 Orb Walkers","ascension_level":20}}