{"host":"2lo6hma6kymb0g9i","time":1608368647,"event":{"mods":["BaseMod","Colored Map","DeckTracker","Minty Spire (QoL Compilation)"],"gold_per_floor":[114,114,114,131,131,150,176,191,259,259,259,284,284,298,298,371,371,387,387,405,405,417,417,85,85,108,128,148,148,158,58,58,133,133,152,27,37,55,66,66,66,81,81,81,91,104,104,121,121,121,121],"floor_reached":50,"playtime":3590,"items_purged":["Strike_G","Strike_G","Strike_G"],"score":802,"play_id":"9f864893-9741-40b1-9b91-a3ee2bfd65aa","local_time":"20201219180407","is_ascension_mode":true,"campfire_choices":[{"data":"Neutralize","floor":10,"key":"SMITH"},{"data":"Bouncing Flask","floor":13,"key":"SMITH"},{"data":"Poisoned Stab","floor":15,"key":"SMITH"},{"data":"Finisher","floor":23,"key":"SMITH"},{"data":"Backflip","floor":25,"key":"SMITH"},{"data":"Noxious Fumes","floor":29,"key":"SMITH"},{"floor":32,"key":"REST"},{"floor":40,"key":"REST"},{"floor":44,"key":"REST"},{"floor":47,"key":"REST"},{"floor":49,"key":"REST"}],"circlet_count":0,"master_deck":["AscendersBane","Strike_G","Strike_G","Defend_G","Defend_G","Defend_G","Defend_G","Defend_G","Survivor","Neutralize+1","Poisoned Stab+1","Bouncing Flask+1","Quick Slash","Deflect","Noxious Fumes+1","Cloak And Dagger","Wraith Form v2","PiercingWail","RitualDagger","Dagger Throw","Dagger Spray","Finisher+1","Backflip+1","Malaise","Distraction"],"relics":["Ring of the Snake","Orichalcum","Turnip","Ninja Scroll","Blood Vial","Busted Crown","Letter Opener","Snake Skull","Sozu","Pear"],"acts_visited":["Exordium","TheCity","TheBeyond"],"potions_floor_usage":[7,27,33,33],"damage_taken":[{"damage":0,"enemies":"2 Louse","floor":1,"turns":4},{"damage":2,"enemies":"Small Slimes","floor":4,"turns":3},{"damage":1,"enemies":"Jaw Worm","floor":6,"turns":5},{"damage":20,"enemies":"Gremlin Nob","floor":7,"turns":4},{"damage":0,"enemies":"Large Slime","floor":8,"turns":7},{"damage":11,"enemies":"Lagavulin","floor":12,"turns":5},{"damage":0,"enemies":"Exordium Thugs","floor":14,"turns":5},{"damage":9,"enemies":"The Guardian","floor":16,"turns":11},{"damage":0,"enemies":"Chosen","floor":18,"turns":4},{"damage":9,"enemies":"Shell Parasite","floor":20,"turns":5},{"damage":11,"enemies":"3 Cultists","floor":22,"turns":6},{"damage":1,"enemies":"Shelled Parasite and Fungi","floor":27,"turns":6},{"damage":0,"enemies":"Sentry and Sphere","floor":28,"turns":3},{"damage":3,"enemies":"Centurion and Healer","floor":30,"turns":3},{"damage":32,"enemies":"Automaton","floor":33,"turns":11},{"damage":0,"enemies":"Orb Walker","floor":35,"turns":3},{"damage":0,"enemies":"3 Shapes","floor":37,"turns":4},{"damage":21,"enemies":"3 Darklings","floor":38,"turns":4},{"damage":39,"enemies":"Spire Growth","floor":39,"turns":5},{"damage":23,"enemies":"Jaw Worm Horde","floor":42,"turns":4},{"damage":16,"enemies":"3 Darklings","floor":45,"turns":4},{"damage":4,"enemies":"4 Shapes","floor":46,"turns":4},{"damage":17,"enemies":"Spire Growth","floor":48,"turns":4},{"damage":70,"enemies":"Time Eater","floor":50,"turns":7}],"seed_played":"6604141309582324116","potions_obtained":[{"floor":6,"key":"SteroidPotion"},{"floor":8,"key":"Poison Potion"},{"floor":16,"key":"Dexterity Potion"},{"floor":27,"key":"BlessingOfTheForge"}],"is_trial":false,"path_per_floor":["M","?","?","M","?","M","E","M","T","R","?","E","R","M","R","B",null,"M","?","M","?","M","R","$","R","T","M","M","R","M","$","R","B",null,"M","$","M","M","M","R","?","M","T","R","M","M","R","M","R","B"],"character_chosen":"THE_SILENT","items_purchased":["Letter Opener"],"campfire_rested":5,"item_purchase_floors":[24],"current_hp_per_floor":[59,59,59,57,57,56,36,36,36,36,36,25,25,27,27,20,55,57,51,44,44,35,35,35,35,35,36,38,38,37,37,56,26,56,58,58,60,41,4,23,23,2,12,34,20,18,40,25,47,0,0],"gold":121,"neow_bonus":"RANDOM_COMMON_RELIC","is_daily":false,"chose_seed":false,"campfire_upgraded":6,"win_rate":0.0,"timestamp":1608368647,"path_taken":["M","?","?","M","?","M","E","M","T","R","?","E","R","M","R","BOSS","M","?","M","?","M","R","$","R","T","M","?","R","M","$","R","BOSS","M","$","?","M","M","R","?","?","T","R","M","M","R","M","R","BOSS"],"items_purchased_type":["Relic"],"build_version":"2020-12-13","purchased_purges":3,"victory":false,"max_hp_per_floor":[66,66,66,66,66,66,66,66,66,66,66,66,66,66,66,66,66,66,66,66,66,66,66,66,66,66,66,66,66,66,66,66,66,66,66,66,66,66,66,66,66,66,76,76,76,76,76,76,76,76,76],"card_choices":[{"not_picked":["Slice","PiercingWail"],"picked":"Poisoned Stab","floor":1},{"not_picked":["Deflect","Expertise"],"picked":"Bouncing Flask","floor":4},{"not_picked":["Cloak And Dagger","Infinite Blades"],"picked":"Quick Slash","floor":6},{"not_picked":["Predator","Caltrops"],"picked":"Deflect","floor":7},{"not_picked":["PiercingWail","Skewer"],"picked":"Noxious Fumes","floor":8},{"not_picked":["Storm of Steel","Poisoned Stab"],"picked":"Cloak And Dagger","floor":12},{"not_picked":["Acrobatics","Reflex","Deadly Poison"],"picked":"SKIP","floor":14},{"not_picked":["Adrenaline","Die Die Die"],"picked":"Wraith Form v2","floor":16},{"not_picked":[],"picked":"PiercingWail","floor":18},{"not_picked":[],"picked":"Dagger Throw","floor":20},{"not_picked":[],"picked":"Backflip","floor":22},{"not_picked":["Noxious Fumes"],"picked":"SKIP","floor":27},{"not_picked":["Dagger Throw"],"picked":"SKIP","floor":28},{"not_picked":["Slice"],"picked":"SKIP","floor":30},{"not_picked":[],"picked":"Malaise","floor":33},{"not_picked":["Acrobatics"],"picked":"SKIP","floor":35},{"not_picked":["Sucker Punch"],"picked":"SKIP","floor":37},{"not_picked":["Sucker Punch"],"picked":"SKIP","floor":38},{"not_picked":["Underhanded Strike"],"picked":"SKIP","floor":39},{"not_picked":["Masterful Stab"],"picked":"SKIP","floor":42},{"not_picked":["Concentrate"],"picked":"SKIP","floor":45},{"not_picked":["Deadly Poison"],"picked":"SKIP","floor":46},{"not_picked":["Deadly Poison"],"picked":"SKIP","floor":46},{"not_picked":["Dodge and Roll"],"picked":"SKIP","floor":48}],"player_experience":827602,"relics_obtained":[{"floor":7,"key":"Turnip"},{"floor":9,"key":"Ninja Scroll"},{"floor":12,"key":"Blood Vial"},{"floor":26,"key":"Snake Skull"},{"floor":43,"key":"Pear"}],"event_choices":[{"damage_healed":0,"gold_gain":0,"player_choice":"Ignored","damage_taken":0,"max_hp_gain":0,"max_hp_loss":0,"event_name":"Shining Light","floor":2,"gold_loss":0},{"damage_healed":0,"gold_gain":0,"player_choice":"Ignored","damage_taken":0,"max_hp_gain":0,"max_hp_loss":0,"event_name":"Liars Game","floor":3,"gold_loss":0},{"damage_healed":0,"gold_gain":0,"player_choice":"Ignored","damage_taken":0,"max_hp_gain":0,"max_hp_loss":0,"event_name":"Golden Idol","floor":5,"gold_loss":0},{"damage_healed":0,"gold_gain":0,"player_choice":"Fled","damage_taken":0,"max_hp_gain":0,"max_hp_loss":0,"event_name":"Scrap Ooze","floor":11,"gold_loss":0},{"damage_healed":0,"gold_gain":0,"player_choice":"Joined the Cult","damage_taken":6,"max_hp_gain":0,"max_hp_loss":0,"event_name":"Nest","floor":19,"gold_loss":0,"cards_obtained":["RitualDagger"]},{"damage_healed":0,"gold_gain":0,"player_choice":"2 cards matched","damage_taken":0,"max_hp_gain":0,"max_hp_loss":0,"event_name":"Match and Keep!","floor":21,"gold_loss":0,"cards_obtained":["Dagger Spray","Finisher"]},{"damage_healed":0,"gold_gain":0,"player_choice":"1 cards matched","damage_taken":0,"max_hp_gain":0,"max_hp_loss":0,"event_name":"Match and Keep!","floor":41,"gold_loss":0,"cards_obtained":["Distraction"]}],"is_beta":false,"boss_relics":[{"not_picked":["Velvet Choker","Black Star"],"picked":"Busted Crown"},{"not_picked":["Astrolabe","Philosopher\u0027s Stone"],"picked":"Sozu"}],"items_purged_floors":[24,31,36],"is_endless":false,"potions_floor_spawned":[6,8,16,20,22,27,30,37,39,45,46],"killed_by":"Time Eater","ascension_level":15}}