{"host":"c12dw8t2fgmwtthz","time":1608397905,"event":{"mods":["AchievementEnabler","BaseMod","Colored Map","DeckTracker","Minty Spire (QoL Compilation)","StSLib","SuperFastMode"],"gold_per_floor":[109,126,51,66,80,80,94,106,106,106,118,135,135,37,37,37,37],"floor_reached":16,"playtime":504,"items_purged":[],"score":192,"play_id":"c692b71f-c29d-4766-bb8d-856f053b5177","local_time":"20201220021145","is_ascension_mode":true,"campfire_choices":[{"data":"Zap","floor":6.0,"key":"SMITH"},{"floor":10.0,"key":"REST"},{"floor":15,"key":"REST"}],"circlet_count":0,"master_deck":["AscendersBane","Strike_B","Strike_B","Strike_B","Defend_B","Defend_B","Defend_B","Defend_B","Zap+1","Dualcast","All For One","Ball Lightning","Turbo","Gash","Undo","Chill","Go for the Eyes","Deep Breath"],"relics":["Cracked Core","Tiny Chest"],"acts_visited":["Exordium"],"potions_floor_usage":[16],"damage_taken":[{"damage":10.0,"enemies":"Small Slimes","floor":1.0,"turns":3.0},{"damage":0.0,"enemies":"2 Louse","floor":2.0,"turns":3.0},{"damage":4.0,"enemies":"Jaw Worm","floor":4.0,"turns":4.0},{"damage":11.0,"enemies":"Lots of Slimes","floor":5.0,"turns":4.0},{"damage":18.0,"enemies":"3 Louse","floor":7.0,"turns":2.0},{"damage":3.0,"enemies":"Blue Slaver","floor":8.0,"turns":2.0},{"damage":10.0,"enemies":"Gremlin Gang","floor":11.0,"turns":4.0},{"damage":2,"enemies":"Large Slime","floor":12,"turns":5},{"damage":52,"enemies":"Slime Boss","floor":16,"turns":7}],"seed_played":"5336579637538074898","potions_obtained":[{"floor":1.0,"key":"SteroidPotion"},{"floor":2.0,"key":"DuplicationPotion"},{"floor":11.0,"key":"Explosive Potion"}],"is_trial":false,"path_per_floor":["M","M","?","M","M","R","M","M","T","R","M","M","?","$","R","B"],"character_chosen":"DEFECT","items_purchased":["Deep Breath"],"campfire_rested":2,"item_purchase_floors":[14],"current_hp_per_floor":[54,54,54,50,39,39,21,18,18,37,27,25,25,25,44,0,0],"gold":37,"neow_bonus":"THREE_RARE_CARDS","is_daily":false,"chose_seed":false,"campfire_upgraded":1,"win_rate":0.0,"timestamp":1608397905,"path_taken":["M","M","?","M","M","R","M","M","T","R","M","M","?","?","R","BOSS"],"items_purchased_type":["Card"],"build_version":"2020-12-13","purchased_purges":0,"victory":false,"max_hp_per_floor":[64,64,64,64,64,64,64,64,64,64,64,64,64,64,64,64,64],"card_choices":[{"not_picked":["Buffer","Multi-Cast"],"picked":"All For One","floor":0.0},{"not_picked":["Steam Power","Redo"],"picked":"Ball Lightning","floor":1.0},{"not_picked":["Sunder","Force Field"],"picked":"Turbo","floor":2.0},{"not_picked":["Ball Lightning","Self Repair","Lockon"],"picked":"SKIP","floor":4.0},{"not_picked":["Reinforced Body","Heatsinks","Double Energy"],"picked":"SKIP","floor":5.0},{"not_picked":["Sunder","Sweeping Beam"],"picked":"Gash","floor":7.0},{"not_picked":["Rebound","Turbo"],"picked":"Undo","floor":8.0},{"not_picked":["Conserve Battery","Chaos"],"picked":"Chill","floor":11.0},{"not_picked":["BootSequence","Aggregate"],"picked":"Go for the Eyes","floor":12}],"player_experience":772955,"relics_obtained":[{"floor":9.0,"key":"Tiny Chest"}],"event_choices":[{"cards_removed":["Strike_B"],"damage_healed":0.0,"max_hp_gain":0.0,"max_hp_loss":0.0,"gold_gain":0.0,"event_name":"The Cleric","player_choice":"Card Removal","floor":3.0,"gold_loss":75.0,"damage_taken":0.0},{"damage_healed":0,"gold_gain":0,"player_choice":"Ignored","damage_taken":0,"max_hp_gain":0,"max_hp_loss":0,"event_name":"Liars Game","floor":13,"gold_loss":0}],"is_beta":false,"boss_relics":[],"items_purged_floors":[],"is_endless":false,"potions_floor_spawned":[1,2,11,12],"killed_by":"Slime Boss","ascension_level":20}}