{"host":"d0verjtbj2sjunpo","time":1608340306,"event":{"mods":["AchievementEnabler","Aspiration","BaseMod","Better Altar","Better Third Choice","BetterRewards","Downfall","Marisa????????","Minty Spire (QoL Compilation)","Replay The Spire","StSLib","The Cursed","The Servant 0.9.4"],"gold_per_floor":[114,128,144,159,172,172,202,220,220,220,248,248,248,268,268,268,268],"floor_reached":16,"playtime":1032,"items_purged":[],"score":120,"play_id":"4cc144dc-c325-48ef-a3c8-05013ad4b81d","local_time":"20201218191146","is_ascension_mode":true,"campfire_choices":[{"floor":6,"key":"REST"},{"floor":10,"key":"REST"},{"floor":12,"key":"REST"},{"floor":15,"key":"REST"}],"circlet_count":0,"master_deck":["Strike_R","Strike_R","Strike_R","Strike_R","Strike_R","Defend_R","Defend_R","Defend_R","Defend_R","Bash","Armaments","Heavy Blade","Thunderclap","Flex","Rupture","Hemogenesis","Heavy Blade","Whirlwind","Parasite","Inflame"],"relics":["Burning Blood","aspiration:DSix","Paper Frog","Divine Protection"],"acts_visited":["Exordium"],"potions_floor_usage":[11,16,16],"damage_taken":[{"damage":6,"enemies":"2 Louse","floor":1,"turns":2},{"damage":6,"enemies":"Jaw Worm","floor":2,"turns":5},{"damage":5,"enemies":"Cultist","floor":3,"turns":4},{"damage":6,"enemies":"Blue Slaver","floor":4,"turns":4},{"damage":21,"enemies":"Lots of Slimes","floor":5,"turns":5},{"damage":60,"enemies":"3 Sentries","floor":7,"turns":13},{"damage":13,"enemies":"Exordium Thugs","floor":8,"turns":4},{"damage":29,"enemies":"Gremlin Nob","floor":11,"turns":5},{"damage":19,"enemies":"Exordium Wildlife","floor":14,"turns":7},{"damage":89,"enemies":"Hexaghost","floor":16,"turns":13}],"seed_played":"-4424273508239149861","potions_obtained":[{"floor":2,"key":"Doom Potion"},{"floor":7,"key":"FearPotion"},{"floor":8,"key":"FearPotion"},{"floor":11,"key":"champ:CounterPotion"},{"floor":14,"key":"DuplicationPotion"}],"is_trial":false,"path_per_floor":["M","M","M","M","M","R","E","M","T","R","E","R","?","M","R","B"],"character_chosen":"IRONCLAD","items_purchased":[],"campfire_rested":4,"item_purchase_floors":[],"current_hp_per_floor":[80,80,80,80,65,80,26,19,19,43,25,49,69,61,80,0,0],"gold":268,"neow_bonus":"DSIX","is_daily":false,"chose_seed":false,"campfire_upgraded":0,"win_rate":0.0,"timestamp":1608340306,"path_taken":["M","M","M","M","M","R","E","M","T","R","E","R","?","M","R","BOSS"],"items_purchased_type":[],"build_version":"2020-12-13","purchased_purges":0,"victory":false,"max_hp_per_floor":[80,80,80,80,80,80,80,80,80,80,80,80,80,80,80,80,80],"card_choices":[{"not_picked":["ReplayTheSpireMod:Strike From Hell","Wild Strike"],"picked":"Armaments","floor":1},{"not_picked":["Shockwave","Defy Death"],"picked":"Heavy Blade","floor":2},{"not_picked":["Fiend Fire","Twin Strike"],"picked":"Thunderclap","floor":3},{"not_picked":["Sword Boomerang","Clash"],"picked":"Flex","floor":4},{"not_picked":["Clothesline","Warcry"],"picked":"Rupture","floor":5},{"not_picked":["True Grit","Second Wind"],"picked":"Hemogenesis","floor":7},{"not_picked":["Perfected Strike","ReplayTheSpireMod:Strike From Hell"],"picked":"Heavy Blade","floor":8},{"not_picked":["Perfected Strike","Sever Soul"],"picked":"Whirlwind","floor":11},{"not_picked":["ReplayTheSpireMod:Stacked","Sword Boomerang"],"picked":"Inflame","floor":14}],"player_experience":176281,"relics_obtained":[{"floor":7,"key":"Paper Frog"},{"floor":11,"key":"Divine Protection"}],"event_choices":[{"damage_healed":20,"gold_gain":0,"player_choice":"Healed and dodged fight","damage_taken":0,"max_hp_gain":0,"max_hp_loss":0,"event_name":"Mushrooms","floor":13,"gold_loss":0,"cards_obtained":["Parasite"]}],"is_beta":false,"boss_relics":[],"items_purged_floors":[],"is_endless":false,"potions_floor_spawned":[2,7,8,11,14],"killed_by":"Hexaghost","ascension_level":1}}