{"host":"ggy1mjjy92c62u6a","time":1608350147,"event":{"mods":["ATMod(°¢èªMod)","BaseMod","Colored Powertips","Minty Spire (QoL Compilation)","Quick Restart","Shop Mod","Spicy Shops","StSLib"],"gold_per_floor":[118,118,134,134,134,167,167,202,202,220,259,279,279,297,297,428,428,441,454,473,473,492,492,492,492],"floor_reached":24,"playtime":961,"items_purged":[],"score":275,"play_id":"1bd5d5df-52cd-4255-9bb3-86d0cff4bde3","local_time":"20201219115547","is_ascension_mode":true,"campfire_choices":[{"data":"AT_RealFormLess","floor":7.0,"key":"SMITH"},{"floor":13.0,"key":"REST"},{"data":"Deep Breath","floor":15.0,"key":"SMITH"},{"data":"Prepared","floor":23.0,"key":"SMITH"}],"circlet_count":0,"master_deck":["Strike_G","Strike_G","Strike_G","Strike_G","Strike_G","Defend_G","Defend_G","Defend_G","Defend_G","Defend_G","Survivor","Neutralize","AT_RealFormLess+1","AT_WomanClash","Neutralize","Deep Breath+1","AT_WomanClash","Prepared+1","Distraction"],"relics":["Ring of the Snake","AT_ATBox","NeowsBlessing","Golden Idol","Oddly Smooth Stone","Snake Skull","Odd Mushroom","Shuriken","AT_TrinityForce"],"acts_visited":["Exordium","TheCity"],"potions_floor_usage":[24],"damage_taken":[{"damage":0.0,"enemies":"Small Slimes","floor":1.0,"turns":1.0},{"damage":0.0,"enemies":"Cultist","floor":3.0,"turns":1.0},{"damage":0.0,"enemies":"Lagavulin","floor":6.0,"turns":1.0},{"damage":16.0,"enemies":"The Mushroom Lair","floor":8.0,"turns":4.0},{"damage":0.0,"enemies":"2 Louse","floor":10.0,"turns":2.0},{"damage":0.0,"enemies":"Exordium Wildlife","floor":11.0,"turns":2.0},{"damage":13.0,"enemies":"Red Slaver","floor":12.0,"turns":3.0},{"damage":6.0,"enemies":"3 Louse","floor":14.0,"turns":2.0},{"damage":27.0,"enemies":"Hexaghost","floor":16.0,"turns":8.0},{"damage":12.0,"enemies":"2 Thieves","floor":18.0,"turns":3.0},{"damage":0.0,"enemies":"3 Byrds","floor":19.0,"turns":5.0},{"damage":8.0,"enemies":"Shelled Parasite and Fungi","floor":20.0,"turns":3.0},{"damage":6.0,"enemies":"Snake Plant","floor":22.0,"turns":2.0},{"damage":39,"enemies":"Slavers","floor":24,"turns":3}],"seed_played":"1067074809451000771","potions_obtained":[{"floor":1.0,"key":"AttackPotion"},{"floor":3.0,"key":"GamblersBrew"},{"floor":6.0,"key":"Fire Potion"},{"floor":14.0,"key":"Fire Potion"},{"floor":19.0,"key":"ColorlessPotion"},{"floor":22.0,"key":"Block Potion"}],"is_trial":false,"path_per_floor":["M","?","M","?","?","E","R","?","T","M","M","M","R","M","R","B",null,"M","M","M","?","M","R","E"],"character_chosen":"THE_SILENT","items_purchased":[],"campfire_rested":1,"item_purchase_floors":[],"current_hp_per_floor":[70,70,70,53,50,50,50,34,34,34,34,21,42,36,36,9,70,58,58,50,50,44,44,5,5],"gold":492,"neow_bonus":"THREE_ENEMY_KILL","is_daily":false,"chose_seed":false,"campfire_upgraded":3,"win_rate":0.0,"timestamp":1608350147,"path_taken":["M","?","?","?","?","E","R","?","T","M","M","M","R","M","R","BOSS","M","M","M","?","?","R","E"],"items_purchased_type":[],"build_version":"2020-12-13","purchased_purges":0,"victory":false,"max_hp_per_floor":[70,70,70,70,70,70,70,70,70,70,70,70,70,70,70,70,70,70,70,70,70,70,70,70,70],"card_choices":[{"not_picked":["PiercingWail","Prepared"],"picked":"AT_WomanClash","floor":1.0},{"not_picked":["Quick Slash","Dagger Spray"],"picked":"AT_WomanClash","floor":3.0},{"not_picked":["Dash","Underhanded Strike"],"picked":"Prepared","floor":6.0},{"not_picked":["Cloak And Dagger","Flying Knee"],"picked":"Distraction","floor":10.0},{"not_picked":["Bouncing Flask","AT_FocusSwordFire","Backflip"],"picked":"SKIP","floor":11.0},{"not_picked":["Terror","Sucker Punch","Eviscerate"],"picked":"SKIP","floor":12.0},{"not_picked":["Sucker Punch","Underhanded Strike","Flying Knee"],"picked":"SKIP","floor":14.0},{"not_picked":["PiercingWail","AT_ThistleTea","Crippling Poison"],"picked":"SKIP","floor":18.0},{"not_picked":["Blade Dance","Deadly Poison","Underhanded Strike"],"picked":"SKIP","floor":19.0},{"not_picked":["Bane","Accuracy","Deflect"],"picked":"SKIP","floor":20.0},{"not_picked":["AT_WindFlip+1","Accuracy","Sucker Punch+1"],"picked":"SKIP","floor":22.0}],"player_experience":30755,"relics_obtained":[{"floor":6.0,"key":"Snake Skull"},{"floor":8.0,"key":"Odd Mushroom"},{"floor":9.0,"key":"Shuriken"}],"event_choices":[{"damage_healed":0.0,"max_hp_gain":0.0,"max_hp_loss":0.0,"gold_gain":0.0,"event_name":"Match and Keep!","player_choice":"2 cards matched","floor":2.0,"gold_loss":0.0,"damage_taken":0.0,"cards_obtained":["Neutralize","Deep Breath"]},{"damage_healed":0.0,"max_hp_gain":0.0,"max_hp_loss":0.0,"gold_gain":0.0,"event_name":"Golden Idol","player_choice":"Take Damage","floor":4.0,"gold_loss":0.0,"damage_taken":17.0,"relics_obtained":["Golden Idol"]},{"damage_healed":0.0,"max_hp_gain":0.0,"max_hp_loss":0.0,"gold_gain":0.0,"event_name":"Scrap Ooze","player_choice":"Success","floor":5.0,"gold_loss":0.0,"damage_taken":3.0,"relics_obtained":["Oddly Smooth Stone"]},{"damage_healed":0.0,"max_hp_gain":0.0,"max_hp_loss":0.0,"gold_gain":0.0,"event_name":"Mushrooms","player_choice":"Fought Mushrooms","floor":8.0,"gold_loss":0.0,"damage_taken":0.0},{"damage_healed":0.0,"max_hp_gain":0.0,"max_hp_loss":0.0,"gold_gain":0.0,"event_name":"N\u0027loth","player_choice":"Ignored","floor":21.0,"gold_loss":0.0,"damage_taken":0.0}],"is_beta":false,"boss_relics":[{"not_picked":["SlaversCollar","Ring of the Serpent"],"picked":"AT_TrinityForce"}],"items_purged_floors":[],"is_endless":false,"potions_floor_spawned":[1,3,6,14,19,22],"killed_by":"Slavers","ascension_level":2}}