{"host":"npubv26u89aif4fa","time":1608365065,"event":{"mods":["Astrologer","BaseMod","Better Vampires","Colored Powertips","GifTheSpireLib","GungeonMod","HornydragonMod","Hubris","Jedi Mod","Minty Spire (QoL Compilation)","Nova Terra(诺娃・泰拉)","Quick Restart","Remilia（蕾米莉亚）","Replay The Spire","StSLib","Td1madao Mod","The Administrix","The Alterego","The Bug Knight","The Cursed","The Dragon Tamer","The Hayseed","The Runesmith","TheWitcher","Yuri Mod","Yuyuko","【东方二次创作】八云紫mod"],"gold_per_floor":[118,43,54,66,66,91,102,121,176,351,368,398,398,71,71,174,174,193,193,193,207,220,249,249,260,287,287,302,335,345,220,220,323,323,338,338,349,368,379,413,413,428,428,448,153,170,224,49,49,49,49,49,25,50,50,50,50],"floor_reached":55,"playtime":6581,"items_purged":["DTMod:Strike","DTMod:Strike","DTMod:Strike","Doubt","DTMod:TargetDefense"],"score":878,"play_id":"22358dfa-6f82-4d13-9b9e-b3d4e83b4c1d","local_time":"20201219160425","is_ascension_mode":false,"metric_token":1751,"campfire_choices":[{"floor":13.0,"key":"REST"},{"floor":15.0,"key":"RECALL"},{"data":"DTMod:HeadStart","floor":24.0,"key":"SMITH"},{"data":"DTMod:MagicField","floor":27.0,"key":"SMITH"},{"data":"DTMod:Observe","floor":32.0,"key":"SMITH"},{"data":"DTMod:EchoTactic","floor":41,"key":"SMITH"},{"data":"DTMod:Training","floor":49,"key":"SMITH"},{"data":"DTMod:RecklessFlurry","floor":52,"key":"SMITH"}],"dtmod_dragon_data":[12,50,1,1,12,8],"circlet_count":0,"master_deck":["DTMod:Strike+1","DTMod:DoubleHit","DTMod:TargetDefense","DTMod:TargetDefense","DTMod:TargetDefense","DTMod:SwitchingTactic","DTMod:PurifyingFlame","DTMod:Observe+1","DTMod:MaximumCharge","DTMod:HeadStart+1","DTMod:MagicField+1","DTMod:BlazingStrike","DTMod:BurningForce+1","DTMod:QuickFly","DTMod:DragonDance","DTMod:OpeningTactic","DTMod:BlazingStrike","DTMod:Feint","DTMod:BalancedStrike+1","DTMod:Shift+1","DTMod:GearUp","DTMod:BlazingStrike+1","DTMod:LightShield","DTMod:MaximumCharge","DTMod:EchoTactic+1","DTMod:Weaken+1","DTMod:GhostSkin+1","DTMod:Hide+1","DTMod:TagTeam","DTMod:RecklessFlurry+1","DTMod:ShieldDrain","DTMod:BuildUp+1","DTMod:Training+1","DTMod:BlazingStrike","Pot Of Greed","Pot Of Greed","Pot Of Greed","DTMod:Multitask"],"relics":["DTMod:PactStone","NeowsBlessing","Dream Catcher","DemoMod:ClearGuonStone","Honey Jar","Nloth\u0027s Gift","Tiny Chest","hubris:TenFootPole","hubris:ToyBattleship","Painkiller Herb","Replay:Baseball","Replay:Bottled Snecko","Oddly Smooth Stone","Replay:Wax Seal","Grinning Jar"],"acts_visited":["Exordium","TheCity","TheBeyond","TheEnding"],"potions_floor_usage":[50,50,55,55],"damage_taken":[{"damage":0.0,"enemies":"Cultist","floor":1.0,"turns":1.0},{"damage":0.0,"enemies":"Jaw Worm","floor":3.0,"turns":1.0},{"damage":0.0,"enemies":"2 Louse","floor":4.0,"turns":1.0},{"damage":0.0,"enemies":"Gremlin Nob","floor":6.0,"turns":6.0},{"damage":0.0,"enemies":"Exordium Wildlife","floor":7.0,"turns":2.0},{"damage":0.0,"enemies":"Large Slime","floor":8.0,"turns":7.0},{"damage":0.0,"enemies":"Blue Slaver","floor":11.0,"turns":3.0},{"damage":8.0,"enemies":"3 Sentries","floor":12.0,"turns":8.0},{"damage":21.0,"enemies":"Fading Forest","floor":16.0,"turns":11.0},{"damage":0.0,"enemies":"Spheric Guardian","floor":18.0,"turns":3.0},{"damage":5.0,"enemies":"2 Thieves","floor":21.0,"turns":4.0},{"damage":0.0,"enemies":"3 Cultists","floor":22.0,"turns":5.0},{"damage":0.0,"enemies":"Book of Stabbing","floor":23.0,"turns":3.0},{"damage":0.0,"enemies":"Snecko","floor":25.0,"turns":2.0},{"damage":0.0,"enemies":"Centurion and Healer","floor":28.0,"turns":4.0},{"damage":7.0,"enemies":"Gremlin Leader","floor":29.0,"turns":5.0},{"damage":0.0,"enemies":"Cultist and Chosen","floor":30.0,"turns":4.0},{"damage":30.0,"enemies":"hubris:MusketHawk","floor":33.0,"turns":9.0},{"damage":0.0,"enemies":"3 Darklings","floor":35.0,"turns":5.0},{"damage":0.0,"enemies":"Orb Walker","floor":37.0,"turns":2.0},{"damage":0.0,"enemies":"Transient","floor":38.0,"turns":5.0},{"damage":0.0,"enemies":"Spire Growth","floor":39.0,"turns":4.0},{"damage":0.0,"enemies":"Nemesis","floor":40.0,"turns":5.0},{"damage":0,"enemies":"4 Shapes","floor":42,"turns":3},{"damage":0,"enemies":"Transient","floor":44,"turns":5},{"damage":0,"enemies":"3 Darklings","floor":46,"turns":3},{"damage":8,"enemies":"Donu and Deca","floor":50,"turns":7},{"damage":0,"enemies":"Shield and Spear","floor":54,"turns":6},{"damage":49,"enemies":"The Heart","floor":55,"turns":9}],"seed_played":"-7399277054725413887","potions_obtained":[{"floor":1.0,"key":"Energy Potion"},{"floor":7.0,"key":"Energy Potion"},{"floor":8.0,"key":"Strength Potion"},{"floor":18.0,"key":"SteroidPotion"},{"floor":22.0,"key":"Ancient Potion"},{"floor":25.0,"key":"SkillPotion"},{"floor":29.0,"key":"Toxic Potion"},{"floor":37.0,"key":"LiquidBronze"},{"floor":42,"key":"SpeedPotion"},{"floor":46,"key":"Adrenaline Potion"}],"is_trial":false,"path_per_floor":["M","$","M","M","?","E","M","M","T","?","M","E","R","$","R","B",null,"M","?","?","M","M","E","R","M","T","R","M","E","M","$","R","B",null,"?","?","?","?","?","E","T","?","T","?","T","?","T","T","T","B",null,"T","T","E","B"],"character_chosen":"THE_DT","items_purchased":["DemoMod:ClearGuonStone","DTMod:DragonDance","Oddly Smooth Stone","DTMod:BlazingStrike"],"campfire_rested":1,"item_purchase_floors":[14,14,45,53],"current_hp_per_floor":[45,45,45,45,45,45,45,45,45,45,45,37,45,45,45,40,45,45,45,45,40,40,40,40,40,40,40,40,33,33,33,33,3,45,45,45,45,45,45,45,45,45,45,45,45,45,45,45,45,37,45,45,45,45,0,0,0],"gold":50,"neow_bonus":"THREE_ENEMY_KILL","is_daily":false,"chose_seed":false,"campfire_upgraded":6,"win_rate":0.0,"timestamp":1608365065,"path_taken":["M","$","M","?","?","E","?","M","T","?","M","E","R","$","R","BOSS","M","?","?","?","M","E","R","M","T","R","M","E","M","$","R","BOSS","?","?","?","?","?","E","T","?","T","?","T","?","?","?","T","BOSS","T","T","E","BOSS"],"items_purchased_type":["Relic","Card","Relic","Card"],"build_version":"2020-12-13","purchased_purges":5,"victory":false,"max_hp_per_floor":[45,45,45,45,45,45,45,45,45,45,45,45,45,45,45,45,45,45,45,45,45,45,45,45,45,45,45,45,45,45,45,45,45,45,45,45,45,45,45,45,45,45,45,45,45,45,45,45,45,45,45,45,45,45,45,45,45],"card_choices":[{"not_picked":["DTMod:BlueScale","DTMod:CrossStep"],"picked":"DTMod:PurifyingFlame","floor":1.0},{"not_picked":["DTMod:BuildUp","DTMod:Safeguard"],"picked":"DTMod:Observe","floor":3.0},{"not_picked":["DTMod:Threaten","DTMod:Overwhelm"],"picked":"DTMod:MaximumCharge","floor":4.0},{"not_picked":["DTMod:Feint","DTMod:QuickFly"],"picked":"DTMod:HeadStart","floor":6.0},{"not_picked":["DTMod:BizarreTactic","DTMod:MagiciansMark"],"picked":"DTMod:MagicField","floor":7.0},{"not_picked":["DTMod:TagTeam","DTMod:Cover"],"picked":"DTMod:BlazingStrike","floor":8.0},{"not_picked":["DTMod:WarmUp","DTMod:MasterPlan"],"picked":"DTMod:BurningForce","floor":11.0},{"not_picked":["DTMod:Feint","DTMod:ResonanceForm","DTMod:EchoTactic"],"picked":"SKIP","floor":12.0},{"not_picked":["DTMod:BreakAttack","DTMod:GhostSkin"],"picked":"DTMod:QuickFly","floor":13.0},{"not_picked":["DTMod:LightShield","DTMod:StunTrap"],"picked":"DTMod:OpeningTactic","floor":16.0},{"not_picked":["DTMod:HeatWave","DTMod:FlameSlash+1","DTMod:Punisher"],"picked":"DTMod:BlazingStrike","floor":18.0},{"not_picked":["DTMod:MasterPlan","DTMod:BreakAttack","DTMod:Training"],"picked":"DTMod:Feint","floor":21.0},{"not_picked":["DTMod:Dissolve","DTMod:StarRain","DTMod:InvisibleFlame"],"picked":"DTMod:BalancedStrike+1","floor":22.0},{"not_picked":["DTMod:WarmUp+1","DTMod:RepeatStrike","DTMod:DragonDance"],"picked":"DTMod:Shift+1","floor":23.0},{"not_picked":["DTMod:Coolant","DTMod:Punisher","DTMod:Inferno"],"picked":"DTMod:GearUp","floor":25.0},{"not_picked":["DTMod:ComboAttack","DTMod:OpeningTactic","DTMod:GhostSkin"],"picked":"DTMod:BlazingStrike+1","floor":28.0},{"not_picked":["DTMod:Harmonize","DTMod:ShadowImage","DTMod:BlazingStrike"],"picked":"DTMod:LightShield","floor":29.0},{"not_picked":["DTMod:Punisher","DTMod:TagTeam","DTMod:StarRain"],"picked":"DTMod:MaximumCharge","floor":30.0},{"not_picked":["DTMod:Prediction","DTMod:Inferno","DTMod:Harmonize"],"picked":"DTMod:EchoTactic","floor":33.0},{"not_picked":["DTMod:MagiciansMark+1","DTMod:Threaten+1","DTMod:CleansingStrike"],"picked":"DTMod:Weaken+1","floor":35.0},{"not_picked":["DTMod:Cover+1","DTMod:Threaten+1","DTMod:Observe"],"picked":"DTMod:GhostSkin+1","floor":37.0},{"not_picked":["DTMod:Training+1","DTMod:MasterPlan+1","DTMod:BizarreTactic+1"],"picked":"DTMod:Hide+1","floor":38.0},{"not_picked":["DTMod:CleansingStrike","DTMod:CalculatedDefense+1","DTMod:MagicField+1"],"picked":"DTMod:TagTeam","floor":39.0},{"not_picked":["DTMod:Overwhelm+1","DTMod:GhostSkin+1","DTMod:FlameSlash+1"],"picked":"DTMod:RecklessFlurry","floor":40},{"not_picked":["DTMod:FlameSlash","DTMod:Adaptation","DTMod:TagTeam+1"],"picked":"DTMod:ShieldDrain","floor":42},{"not_picked":["DTMod:MaximumCharge","DTMod:BlueScale+1","DTMod:MasterPlan"],"picked":"DTMod:BuildUp+1","floor":44},{"not_picked":["DTMod:SneakAttack","DTMod:LowKick+1","DTMod:Punisher+1"],"picked":"DTMod:Training","floor":46},{"not_picked":["DTMod:Adaptation","DTMod:Dissolve+1","DTMod:DragonDance"],"picked":"DTMod:Multitask","floor":54}],"player_experience":115007,"relics_obtained":[{"floor":6.0,"key":"Dream Catcher"},{"floor":12.0,"key":"Whetstone"},{"floor":23.0,"key":"Tiny Chest"},{"floor":26.0,"key":"hubris:TenFootPole"},{"floor":29.0,"key":"hubris:ToyBattleship"},{"floor":40,"key":"Replay:Baseball"},{"floor":43,"key":"Replay:Bottled Snecko"},{"floor":47,"key":"Replay:Wax Seal"},{"floor":54,"key":"Grinning Jar"}],"event_choices":[{"damage_healed":0.0,"max_hp_gain":0.0,"max_hp_loss":0.0,"gold_gain":0.0,"event_name":"Wheel of Change","player_choice":"Full Heal","floor":5.0,"gold_loss":0.0,"damage_taken":0.0},{"damage_healed":0.0,"max_hp_gain":0.0,"max_hp_loss":0.0,"gold_gain":175.0,"event_name":"Liars Game","player_choice":"AGREE","floor":10.0,"gold_loss":0.0,"damage_taken":0.0,"cards_obtained":["Doubt"]},{"damage_healed":0.0,"max_hp_gain":0.0,"max_hp_loss":0.0,"gold_gain":0.0,"event_name":"The Mausoleum","player_choice":"Ignored","floor":19.0,"gold_loss":0.0,"damage_taken":0.0},{"damage_healed":0.0,"max_hp_gain":0.0,"max_hp_loss":0.0,"gold_gain":0.0,"event_name":"N\u0027loth","player_choice":"Traded Relic","floor":20.0,"relics_lost":["Whetstone"],"gold_loss":0.0,"damage_taken":0.0,"relics_obtained":["Nloth\u0027s Gift"]},{"damage_healed":0.0,"max_hp_gain":0.0,"max_hp_loss":0.0,"gold_gain":0.0,"event_name":"Wheel of Change","player_choice":"Full Heal","floor":36.0,"gold_loss":0.0,"damage_taken":0.0}],"is_beta":false,"boss_relics":[{"not_picked":["Replay:Wanted Poster","Cursed Key"],"picked":"Honey Jar"},{"not_picked":["Ring of Chaos","Snecko Eye"],"picked":"Painkiller Herb"}],"items_purged_floors":[2,14,31,45,48],"is_endless":false,"potions_floor_spawned":[1,7,8,12,18,22,25,29,37,42,46],"killed_by":"The Heart","ascension_level":0}}