{"host":"t0dvtgwziqfh5pc4","time":1608391945,"event":{"mods":["BaseMod","Colored Powertips","Downfall","Googly Eyes","Hermit","Infinite Spire","Lobotomy","Minty Spire (QoL Compilation)","Quick Restart","Replay The Spire","SIMod","Shop Mod","StSLib","The Bug Knight","The Cursed","The Hierophant","The Jungle","[IsaacMod]ÒÔÈö¼âËþ"],"gold_per_floor":[110,410,410,424,7,42,42,42],"floor_reached":7,"playtime":242,"items_purged":[],"score":98,"play_id":"3ac1b032-6f59-4ac3-9092-bb19dd386219","local_time":"20201219233225","daily_mods":["Heirloom","Flight"],"is_ascension_mode":true,"campfire_choices":[],"circlet_count":0,"master_deck":["AscendersBane","Strike_R","Strike_R","Strike_R","Strike_R","Strike_R","Defend_R","Defend_R","Defend_R","Defend_R","Bash","SuicideKing","Burning Pact","Feel No Pain"],"relics":["Burning Blood","HushsDoor","GuppysTail","infinitespire:Joker Card","Old Coin","Ornamental Fan","SteamSale","BelialBook","AnarchistCookbook","Toxic Egg 2"],"acts_visited":["Exordium"],"potions_floor_usage":[],"damage_taken":[{"damage":10,"enemies":"Small Slimes","floor":1,"turns":3},{"damage":11,"enemies":"2 Louse","floor":4,"turns":3},{"damage":15,"enemies":"3 Sentries","floor":6,"turns":3},{"damage":32,"enemies":"Lagavulin","floor":7,"turns":5}],"seed_played":"321270462036192385","potions_obtained":[{"floor":1,"key":"FearPotion"}],"is_trial":true,"path_per_floor":["M","WH","?","M","$","E","E"],"character_chosen":"IRONCLAD","items_purchased":["SteamSale","BelialBook","AnarchistCookbook","Burning Pact"],"campfire_rested":0,"item_purchase_floors":[5,5,5,5],"current_hp_per_floor":[64,46,35,30,30,21,0,0],"gold":42,"neow_bonus":"ONE_RARE_RELIC","is_daily":false,"chose_seed":false,"campfire_upgraded":0,"win_rate":0.0,"timestamp":1608391945,"path_taken":["M","WH","?","M","$","E","E"],"items_purchased_type":["Relic","Relic","Relic","Card"],"build_version":"2020-12-13","purchased_purges":0,"victory":false,"max_hp_per_floor":[75,75,75,75,75,75,75,75],"card_choices":[{"not_picked":[],"picked":"SuicideKing","floor":0},{"not_picked":["Spot Weakness","Cleave","Anger"],"picked":"SKIP","floor":1},{"not_picked":["Headbutt","Replay:Undeath\u0027s Touch"],"picked":"Bomb","floor":4},{"not_picked":["Infernal Blade+1","Thunderclap"],"picked":"Feel No Pain","floor":6}],"player_experience":106117,"relics_obtained":[{"floor":6,"key":"Toxic Egg 2"}],"event_choices":[{"damage_healed":0,"gold_gain":0,"player_choice":"Success","damage_taken":11,"relics_obtained":["Ornamental Fan"],"max_hp_gain":0,"max_hp_loss":0,"event_name":"Scrap Ooze","floor":3,"gold_loss":0}],"is_beta":false,"boss_relics":[],"items_purged_floors":[],"is_endless":false,"potions_floor_spawned":[1],"killed_by":"Lagavulin","ascension_level":20}}