{"host":"w97dq1whmpm6b2tc","time":1608418526,"event":{"mods":["BaseMod","Challenge The Spire","Downfall","Minty Spire (QoL Compilation)","Replay The Spire","StSLib"],"gold_per_floor":[99,134,59,59,91,107,131,148,148,176,276,276,39,51,67,163,163,163,180,196,230,230,260,260,287,306,331,331,344,344,152,165,269,269,419,444,528,543,569,588,615,615,641,641,654,366,366,443,463,463,463,492,10,10,10],"floor_reached":56,"playtime":5792,"items_purged":["champ:Strike","champ:Defend","champ:Execute","champ:CrookedStrike","champ:DeathBlow"],"score":2770,"play_id":"b077a858-b886-4228-8398-1e0882651e08","local_time":"20201220005526","is_ascension_mode":true,"campfire_choices":[{"floor":1.0,"key":"RECALL"},{"data":"champ:FalseCounter","floor":3.0,"key":"SMITH"},{"data":"champ:Taunt","floor":9.0,"key":"SMITH"},{"data":"champ:HoldFirm","floor":18,"key":"SMITH"},{"data":"champ:SkillfulDodge","floor":22,"key":"SMITH"},{"data":"champ:HoldFirm","floor":35,"key":"SMITH"},{"data":"Pot Of Greed","floor":42,"key":"SMITH"},{"data":"champ:EnGarde","floor":44,"key":"SMITH"},{"data":"champ:StanceDance","floor":54,"key":"SMITH"}],"circlet_count":0,"master_deck":["champ:Taunt+1","champ:FalseCounter+1","champ:Duel","champ:EnGarde+1","Pot Of Greed+1","Pot Of Greed+1","champ:StanceDance+1","champ:DefensiveShout","champ:FalseCounter+1","champ:SkillfulDodge+1","champ:HoldFirm+1","champ:BringItOn","champ:TornadoPunch","champ:Circumvent+1","champ:Circumvent","champ:Circumvent","Pot Of Greed","champ:Circumvent+1","champ:ShieldWall","champ:ShieldThrow+1","champ:HoldFirm+1","champ:RecklessLeap","champ:DeathBlow","champ:HeavySlash","champ:ShieldSlam+1","champ:DefensiveShout+1","champ:DefensiveStyle","champ:DefensiveStyle+1","Pot Of Greed+1","champ:HoldFirm+1","champ:ShieldWall+1"],"relics":["champ:ChampionCrown","downfall:HeartsMalice","Juzu Bracelet","downfall:HeartBlessingRed","Replay:Rubber Ducky","Grinning Jar","Letter Opener","downfall:GremlinWheel","DollysMirror","Velvet Choker","Toy Ornithopter","Centennial Puzzle","ReplayFunnel","Pandora\u0027s Box","downfall:HeartBlessingGreen","downfall:HeartBlessingBlue","Toxic Egg 2","Nunchaku","Bronze Scales","Guardian:PocketSentry","Pen Nib","Guide Book","Mirror","Replay:Baseball","champ:BerserkersGuideToSlaughter"],"acts_visited":["Exordium","TheCity","TheBeyond","TheEnding"],"potions_floor_usage":[10,10,16,23,27,33,36,40,46,46,55],"damage_taken":[{"damage":0.0,"enemies":"3 Sentries","floor":2.0,"turns":1.0},{"damage":0.0,"enemies":"2 Louse","floor":4.0,"turns":1.0},{"damage":0.0,"enemies":"Gremlin Nob","floor":5.0,"turns":1.0},{"damage":0.0,"enemies":"Cultist","floor":6.0,"turns":3.0},{"damage":1.0,"enemies":"Small Slimes","floor":8.0,"turns":4.0},{"damage":10,"enemies":"Lagavulin","floor":10,"turns":6},{"damage":36,"enemies":"Lagavulin","floor":11,"turns":5},{"damage":0,"enemies":"downfall:FleeingMerchant","floor":13,"turns":4},{"damage":3,"enemies":"Exordium Wildlife","floor":14,"turns":4},{"damage":15,"enemies":"Large Slime","floor":15,"turns":6},{"damage":24,"enemies":"downfall:Ironclad","floor":16,"turns":6},{"damage":0,"enemies":"Chosen","floor":19,"turns":3},{"damage":5,"enemies":"Spheric Guardian","floor":20,"turns":4},{"damage":5,"enemies":"Replay:Snechameleon","floor":21,"turns":5},{"damage":28,"enemies":"Gremlin Leader","floor":23,"turns":12},{"damage":13,"enemies":"Slavers","floor":25,"turns":3},{"damage":5,"enemies":"Snecko","floor":26,"turns":4},{"damage":0,"enemies":"Gremlin Leader","floor":27,"turns":9},{"damage":0,"enemies":"Snake Plant","floor":29,"turns":2},{"damage":5,"enemies":"downfall:FleeingMerchant","floor":31,"turns":4},{"damage":0,"enemies":"Chosen and Byrds","floor":32,"turns":4},{"damage":9,"enemies":"downfall:Watcher","floor":33,"turns":8},{"damage":40,"enemies":"Giant Head","floor":36,"turns":9},{"damage":46,"enemies":"3 Darklings","floor":38,"turns":4},{"damage":55,"enemies":"Nemesis","floor":39,"turns":9},{"damage":20,"enemies":"3 Shapes","floor":40,"turns":5},{"damage":25,"enemies":"R_Hoarder","floor":43,"turns":7},{"damage":20,"enemies":"Jaw Worm Horde","floor":45,"turns":4},{"damage":35,"enemies":"downfall:FleeingMerchant","floor":46,"turns":4},{"damage":0,"enemies":"downfall:FleeingMerchant","floor":48,"turns":1},{"damage":0,"enemies":"Maw","floor":49,"turns":5},{"damage":0,"enemies":"downfall:Silent","floor":50,"turns":7},{"damage":22,"enemies":"downfall:CharBossMerchant","floor":52,"turns":6},{"damage":5,"enemies":"downfall:NeowBoss","floor":55,"turns":22}],"seed_played":"-8298924153866106819","potions_obtained":[{"floor":2.0,"key":"SkillPotion"},{"floor":5.0,"key":"Weak Potion"},{"floor":6.0,"key":"SkillPotion"},{"floor":11,"key":"SkillPotion"},{"floor":23,"key":"Doom Potion"},{"floor":25,"key":"Elixir"},{"floor":26,"key":"Languid Potion"},{"floor":28,"key":"LiquidMemories"},{"floor":28,"key":"SpeedPotion"},{"floor":29,"key":"BlessingOfTheForge"},{"floor":32,"key":"SkillPotion"},{"floor":37,"key":"Fire Potion"},{"floor":37,"key":"EntropicBrew"},{"floor":49,"key":"EssenceOfSteel"}],"is_trial":false,"path_per_floor":["R","E","R","M","E","M","T","M","R","E","?","?","$","M","M","B",null,"R","M","M","E","R","E","T","E","M","E","?","M","?","$","M","B",null,"R","E","?","M","E","M","T","R","E","R","M","$","?","$","M","B",null,"E","$","R","B",null],"character_chosen":"THE_CHAMP","items_purchased":["DollysMirror","champ:ShieldWall","Guide Book","champ:HoldFirm+1","Replay:Baseball","champ:BerserkersGuideToSlaughter"],"campfire_rested":0,"item_purchase_floors":[13,31,46,48,53,53],"current_hp_per_floor":[90,90,90,90,90,90,90,89,89,84,48,48,48,45,35,11,90,90,90,90,85,85,72,72,59,59,64,64,64,64,64,64,65,90,100,100,75,64,64,69,69,69,69,69,69,79,79,79,79,79,100,93,93,93,100],"gold":10,"neow_bonus":"THREE_ENEMY_KILL","is_daily":false,"chose_seed":false,"campfire_upgraded":8,"win_rate":0.0,"timestamp":1608418526,"path_taken":["R","E","R","M","E","M","T","M","R","E","?","?","$","M","M","BOSS","R","M","M","E","R","E","T","E","M","E","?","M","?","$","M","BOSS","R","E","?","M","E","M","T","R","E","R","M","$","?","$","M","BOSS","E","$","R","BOSS"],"items_purchased_type":["Relic","Card","Relic","Card","Relic","Relic"],"build_version":"2020-12-13","purchased_purges":5,"victory":true,"max_hp_per_floor":[90,90,90,90,90,90,90,90,90,90,90,90,90,90,90,90,90,90,90,90,90,90,90,90,90,90,90,90,90,90,90,90,90,90,100,100,100,100,100,100,100,100,100,100,100,100,100,100,100,100,100,100,100,100,100],"card_choices":[{"not_picked":["champ:DeathBlow","champ:Duel"],"picked":"champ:FalseCounter","floor":2.0},{"not_picked":["champ:CrookedStrike","champ:EndlessRage"],"picked":"champ:Duel","floor":4.0},{"not_picked":["champ:Shatter","champ:Haymaker","champ:FocusedBerserking"],"picked":"SKIP","floor":5.0},{"not_picked":["champ:BringItOn","champ:CrookedStrike"],"picked":"champ:EnGarde","floor":6.0},{"not_picked":["champ:BladeFlurry","champ:AdrenalArmor"],"picked":"champ:CrookedStrike","floor":8.0},{"not_picked":["champ:CalledShot","champ:DancingMaster"],"picked":"champ:StanceDance","floor":10},{"not_picked":["champ:Backstep","champ:CrookedStrike"],"picked":"champ:DefensiveShout","floor":13},{"not_picked":["champ:FlashCut","champ:TornadoPunch"],"picked":"champ:SkillfulDodge","floor":14},{"not_picked":["champ:DefensiveShout","champ:Encircle","champ:PerfectedStrike"],"picked":"SKIP","floor":15},{"not_picked":["champ:ShieldSlam","champ:VampiricStrike"],"picked":"champ:HoldFirm","floor":16},{"not_picked":["champ:ShieldWall","champ:FocusedGladiator"],"picked":"champ:BringItOn","floor":19},{"not_picked":["champ:AdrenalArmor+1","champ:GladiatorsShout+1"],"picked":"champ:TornadoPunch","floor":20},{"not_picked":["champ:FightOn","champ:ArenaPreparation","champ:GladiatorsShout+1"],"picked":"SKIP","floor":21},{"not_picked":["champ:CrookedStrike","champ:FanOfKnives"],"picked":"champ:Circumvent+1","floor":23},{"not_picked":["champ:AdrenalArmor","champ:BerserkersShout"],"picked":"champ:Circumvent","floor":25},{"not_picked":["champ:CrookedStrike","champ:DefensiveShout"],"picked":"champ:Circumvent","floor":26},{"not_picked":["champ:CrownThrow","champ:PreciseThrust+1","champ:BladeFlurry"],"picked":"SKIP","floor":27},{"not_picked":["champ:Duel","champ:BladeFlurry"],"picked":"champ:Circumvent+1","floor":29},{"not_picked":["champ:PerfectedStrike","champ:TornadoPunch","champ:ViciousMockery"],"picked":"SKIP","floor":31},{"not_picked":["champ:PerfectedStrike","champ:FlashCut","champ:BerserkersShout+1"],"picked":"SKIP","floor":32},{"not_picked":["champ:SteelEdge","champ:ShieldSlam"],"picked":"champ:ShieldThrow","floor":33},{"not_picked":["champ:AdrenalArmor+1","champ:BerserkersShout+1"],"picked":"champ:DefensiveShout+1","floor":36},{"not_picked":["champ:Encircle+1","champ:Haymaker","champ:Aggression+1"],"picked":"SKIP","floor":38},{"not_picked":["champ:Encircle+1","champ:Devastate","champ:HeartStrike"],"picked":"SKIP","floor":39},{"not_picked":["champ:ViciousMockery+1","champ:BladeFlurry","champ:Encircle+1"],"picked":"SKIP","floor":40},{"not_picked":["champ:FanOfKnives+1","champ:DeathBlow"],"picked":"champ:DefensiveStyle","floor":43},{"not_picked":["champ:Aggression+1","champ:EndlessRage+1","champ:BerserkersShout+1"],"picked":"SKIP","floor":45},{"not_picked":["champ:BringItOn+1","champ:BladeFlurry+1","champ:FanOfKnives"],"picked":"SKIP","floor":46},{"not_picked":["champ:FightOn","champ:Haymaker+1"],"picked":"champ:DefensiveStyle+1","floor":48},{"not_picked":["champ:HeartStrike+1","champ:DeathBlow+1","champ:Haymaker"],"picked":"SKIP","floor":49},{"not_picked":["champ:DefensiveShout+1","champ:BerserkersShout+1"],"picked":"champ:ShieldWall+1","floor":52}],"player_experience":3662814,"relics_obtained":[{"floor":2.0,"key":"Juzu Bracelet"},{"floor":5.0,"key":"Replay:Rubber Ducky"},{"floor":7.0,"key":"Grinning Jar"},{"floor":10,"key":"Letter Opener"},{"floor":11,"key":"downfall:GremlinWheel"},{"floor":21,"key":"Toy Ornithopter"},{"floor":23,"key":"Centennial Puzzle"},{"floor":25,"key":"ReplayFunnel"},{"floor":27,"key":"War Paint"},{"floor":36,"key":"Toxic Egg 2"},{"floor":37,"key":"Nunchaku"},{"floor":39,"key":"Bronze Scales"},{"floor":41,"key":"Guardian:PocketSentry"},{"floor":43,"key":"Pen Nib"},{"floor":52,"key":"Mirror"}],"event_choices":[{"damage_healed":0,"gold_gain":300,"player_choice":"Gold","damage_taken":0,"max_hp_gain":0,"max_hp_loss":0,"event_name":"Wheel of Change","floor":35,"gold_loss":0}],"is_beta":false,"boss_relics":[{"not_picked":["Tiny House","Kintsugi"],"picked":"Velvet Choker"},{"not_picked":["Empty Cage","champ:ChampionCrownUpgraded"],"picked":"Pandora\u0027s Box"}],"items_purged_floors":[13,31,46,48,53],"is_endless":false,"potions_floor_spawned":[2,5,6,11,23,25,26,29,32,38,49],"ascension_level":1}}