{"host":"9ndbo4kgsfoemf7y","time":1608363057,"event":{"mods":["AchievementEnabler","BaseMod","Colored Map","DeckTracker","Keyboard Shortcuts","Minty Spire (QoL Compilation)","Permanent Neow","Quick Restart","Relic Stats","StSLib","SuperFastMode"],"gold_per_floor":[366,291,310,23,23,23,55,55,129,129,129,129],"floor_reached":11,"playtime":192,"items_purged":["Strike_G"],"score":128,"play_id":"89125fdc-a287-455e-961c-f498ed693cf1","local_time":"20201219163057","is_ascension_mode":true,"campfire_choices":[{"data":"Neutralize","floor":6.0,"key":"SMITH"},{"floor":8.0,"key":"REST"}],"circlet_count":0,"master_deck":["AscendersBane","Strike_G","Strike_G","Strike_G","Strike_G","Defend_G","Defend_G","Defend_G","Defend_G","Defend_G","Survivor","Neutralize+1","Dagger Spray","Noxious Fumes","Heel Hook+1"],"relics":["Ring of the Snake","Molten Egg 2","Vajra","Paper Crane","Smiling Mask"],"acts_visited":["Exordium"],"potions_floor_usage":[11],"damage_taken":[{"damage":8.0,"enemies":"Jaw Worm","floor":1.0,"turns":7.0},{"damage":2.0,"enemies":"2 Louse","floor":3.0,"turns":3.0},{"damage":29.0,"enemies":"3 Sentries","floor":7.0,"turns":7.0},{"damage":20,"enemies":"Gremlin Nob","floor":11,"turns":3}],"seed_played":"4994345672988806055","potions_obtained":[{"floor":7.0,"key":"BlessingOfTheForge"}],"is_trial":false,"path_per_floor":["M","$","M","$","?","R","E","R","T","?","E"],"character_chosen":"THE_SILENT","items_purchased":["Molten Egg 2"],"campfire_rested":1,"item_purchase_floors":[4],"current_hp_per_floor":[51,51,49,49,54,54,25,44,44,18,0,0],"gold":129,"neow_bonus":"TWO_FIFTY_GOLD","is_daily":false,"chose_seed":false,"campfire_upgraded":1,"win_rate":0.0,"timestamp":1608363057,"path_taken":["M","$","M","$","?","R","E","R","T","?","E"],"items_purchased_type":["Relic"],"build_version":"2020-12-13","purchased_purges":1,"victory":false,"max_hp_per_floor":[60,60,60,60,65,65,65,65,65,65,65,65],"relic_stats":{"counters":[4,20],"Smiling Mask":0,"obtain_stats":[{"Vajra":7,"Molten Egg 2":4,"Paper Crane":9,"Smiling Mask":10,"Ring of the Snake":0},{"Vajra":3,"Molten Egg 2":2,"Paper Crane":3,"Smiling Mask":3,"Ring of the Snake":0},{"Vajra":17,"Molten Egg 2":10,"Paper Crane":17,"Smiling Mask":17,"Ring of the Snake":0}],"Ring of the Snake":[8]},"card_choices":[{"not_picked":["Deflect","Quick Slash"],"picked":"Dagger Spray","floor":1.0},{"not_picked":["Prepared","Quick Slash"],"picked":"Noxious Fumes","floor":3.0},{"not_picked":["Deadly Poison","Poisoned Stab+1"],"picked":"Heel Hook+1","floor":7.0}],"player_experience":703609,"relics_obtained":[{"floor":7.0,"key":"Vajra"},{"floor":9.0,"key":"Paper Crane"}],"event_choices":[{"damage_healed":0.0,"max_hp_gain":5.0,"max_hp_loss":0.0,"gold_gain":0.0,"event_name":"Big Fish","player_choice":"Donut","floor":5.0,"gold_loss":0.0,"damage_taken":0.0},{"damage_healed":0.0,"max_hp_gain":0.0,"max_hp_loss":0.0,"gold_gain":0.0,"event_name":"Scrap Ooze","player_choice":"Success","floor":10.0,"gold_loss":0.0,"damage_taken":26.0,"relics_obtained":["Smiling Mask"]}],"is_beta":false,"boss_relics":[],"items_purged_floors":[2],"is_endless":false,"potions_floor_spawned":[7],"killed_by":"Gremlin Nob","ascension_level":17}}