{"host":"3srbdas3e7jgqz5l","time":1608390429,"event":{"mods":["BaseMod","Downfall","Minty Spire (QoL Compilation)","StSLib"],"gold_per_floor":[349,363,288,315,72,72,72,102,139,151,177,339,363,375,398,410,410],"floor_reached":16,"playtime":1592,"items_purged":["Guardian:Strike_Guardian"],"score":121,"play_id":"f2666970-d56d-4344-a499-b855f8d6e465","local_time":"20201219150709","is_ascension_mode":true,"campfire_choices":[{"floor":1,"key":"RECALL"},{"data":"Guardian:RollAttack","floor":3,"key":"SMITH"},{"data":"Guardian:CurlUp","floor":10,"key":"SMITH"}],"circlet_count":0,"master_deck":["Guardian:Strike_Guardian","Guardian:Strike_Guardian+1","Guardian:Strike_Guardian+1","Guardian:Defend_Guardian","Guardian:Defend_Guardian","Guardian:Defend_Guardian","Guardian:Defend_Guardian","Guardian:CurlUp+1","Guardian:TwinSlam","Guardian:RollAttack+1","Guardian:ArmoredProtocol+1","Guardian:Harden","Guardian:SpikerProtocol","Guardian:BronzeArmor+1","Slimebound:Icky","Guardian:GuardianWhirl","Regret","Guardian:ShieldCharger+1"],"relics":["Guardian:ModeShifter","downfall:HeartBlessingRed","Tiny Chest","MawBank","Toxic Egg 2"],"acts_visited":["Exordium"],"potions_floor_usage":[9,16],"damage_taken":[{"damage":0,"enemies":"Small Slimes","floor":2,"turns":4},{"damage":9,"enemies":"3 Sentries","floor":4,"turns":3},{"damage":5,"enemies":"downfall:FleeingMerchant","floor":5,"turns":4},{"damage":0,"enemies":"2 Louse","floor":8,"turns":2},{"damage":20,"enemies":"Lagavulin","floor":9,"turns":6},{"damage":0,"enemies":"Jaw Worm","floor":11,"turns":3},{"damage":3,"enemies":"2 Fungi Beasts","floor":13,"turns":2},{"damage":8,"enemies":"Exordium Wildlife","floor":15,"turns":4},{"damage":34,"enemies":"downfall:Ironclad","floor":16,"turns":9}],"seed_played":"-8553041790261891843","potions_obtained":[{"floor":2,"key":"Block Potion"},{"floor":9,"key":"Energy Potion"},{"floor":13,"key":"Guardian:BlockOnCardUsePotion"}],"is_trial":false,"path_per_floor":["R","M","R","E","$","?","T","M","E","R","M","?","M","?","M","B"],"character_chosen":"GUARDIAN","items_purchased":["Guardian:SpikerProtocol","Guardian:Gem_Lightblue","champ:CounterPotion"],"campfire_rested":0,"item_purchase_floors":[5,5,5],"current_hp_per_floor":[72,72,72,63,58,63,63,63,43,43,43,43,40,40,32,0,0],"gold":410,"neow_bonus":"TWO_FIFTY_GOLD","is_daily":false,"chose_seed":false,"campfire_upgraded":2,"win_rate":0.0,"timestamp":1608390429,"path_taken":["R","M","R","E","$","?","T","M","E","R","M","?","M","?","M","BOSS"],"items_purchased_type":["Card","Card","Potion"],"build_version":"2020-12-13","purchased_purges":1,"victory":false,"max_hp_per_floor":[72,72,72,72,72,77,77,77,77,77,77,77,77,77,77,77,77],"card_choices":[{"not_picked":["Guardian:MultiBeam","Guardian:Reroute"],"picked":"Guardian:RollAttack","floor":2},{"not_picked":["Guardian:ExploitGems","Guardian:TemporalStrike"],"picked":"Guardian:ArmoredProtocol","floor":4},{"not_picked":["Guardian:StasisEngine","Guardian:Suspension"],"picked":"Guardian:Harden","floor":5},{"not_picked":["Guardian:Gem_Lightblue","Guardian:ChargeCore","Guardian:PrimingBeam"],"picked":"SKIP","floor":8},{"not_picked":["Guardian:Gem_Cyan","Guardian:SpikerProtocol"],"picked":"Guardian:BronzeArmor+1","floor":9},{"not_picked":["Guardian:FuturePlans","Guardian:Gem_Blue","Guardian:TemporalStrike"],"picked":"SKIP","floor":11},{"not_picked":["Guardian:BronzeArmor+1","Guardian:SentryBeam"],"picked":"Guardian:GuardianWhirl","floor":13},{"not_picked":["Guardian:TemporalShield+1","Guardian:Planning+1"],"picked":"Guardian:ShieldCharger+1","floor":15}],"player_experience":471946,"relics_obtained":[{"floor":4,"key":"Tiny Chest"},{"floor":7,"key":"MawBank"},{"floor":9,"key":"Toxic Egg 2"}],"event_choices":[{"damage_healed":0,"gold_gain":0,"player_choice":"Donut","damage_taken":0,"max_hp_gain":5,"max_hp_loss":0,"event_name":"Big Fish","floor":6,"gold_loss":0}],"is_beta":false,"boss_relics":[],"items_purged_floors":[5],"is_endless":false,"potions_floor_spawned":[2,9,13,15],"killed_by":"downfall:Ironclad","ascension_level":2}}