{"host":"4qkvkh7pd9qr2mca","time":1608391758,"event":{"mods":["AchievementEnabler","BaseMod","Colored Map","Colored Powertips","Highlight Path","Minty Spire (QoL Compilation)","Permanent Neow","Quick Restart","StSLib","SuperFastMode"],"gold_per_floor":[115,129,204,216,7,7,25,25,49,63,88,88,88,119,119,191,191,201,201,201,201],"floor_reached":20,"playtime":518,"items_purged":["Strike_R"],"score":364,"play_id":"97cd1604-f166-412d-850d-903039694757","local_time":"20201219162918","is_ascension_mode":true,"campfire_choices":[{"data":"Blind","floor":6,"key":"SMITH"},{"floor":13,"key":"REST"},{"data":"Rampage","floor":15,"key":"SMITH"}],"circlet_count":0,"master_deck":["AscendersBane","Strike_R","Strike_R","Strike_R","Strike_R","Defend_R","Defend_R","Defend_R","Defend_R","Bash","Dropkick+1","Rampage+1","Inflame","Carnage","Blind+1","Shrug It Off+1","Blood for Blood","Disarm","Demon Form"],"relics":["Burning Blood","Happy Flower","Bag of Marbles","Vajra","Bottled Flame","Mark of Pain","Enchiridion"],"acts_visited":["Exordium","TheCity"],"potions_floor_usage":[14],"damage_taken":[{"damage":16,"enemies":"Jaw Worm","floor":1,"turns":5},{"damage":1,"enemies":"Cultist","floor":2,"turns":3},{"damage":0,"enemies":"2 Louse","floor":4,"turns":2},{"damage":12,"enemies":"2 Fungi Beasts","floor":7,"turns":4},{"damage":16,"enemies":"Exordium Wildlife","floor":10,"turns":4},{"damage":7,"enemies":"Gremlin Nob","floor":11,"turns":3},{"damage":19,"enemies":"3 Sentries","floor":14,"turns":7},{"damage":22,"enemies":"Slime Boss","floor":16,"turns":8},{"damage":30,"enemies":"2 Thieves","floor":18,"turns":4},{"damage":18,"enemies":"3 Byrds","floor":20,"turns":2}],"seed_played":"-6794007313272433798","potions_obtained":[{"floor":1,"key":"Regen Potion"},{"floor":4,"key":"ElixirPotion"},{"floor":16,"key":"BlessingOfTheForge"}],"is_trial":false,"path_per_floor":["M","M","?","M","$","R","M","$","T","M","E","?","R","E","R","B",null,"M","?","M"],"character_chosen":"IRONCLAD","items_purchased":["Carnage","Blind"],"campfire_rested":1,"item_purchase_floors":[5,5],"current_hp_per_floor":[58,63,52,58,58,58,52,52,52,42,41,18,40,42,42,26,63,39,18,0,0],"gold":201,"neow_bonus":"RANDOM_COMMON_RELIC","is_daily":false,"chose_seed":false,"campfire_upgraded":2,"win_rate":0.0,"timestamp":1608391758,"path_taken":["M","M","?","M","?","R","M","$","T","?","E","?","R","E","R","BOSS","M","?","M"],"items_purchased_type":["Card","Card"],"build_version":"2020-12-13","purchased_purges":1,"victory":false,"max_hp_per_floor":[75,75,75,75,75,75,75,75,75,75,75,75,75,75,75,75,75,75,75,75,75],"card_choices":[{"not_picked":["Bloodletting","Sword Boomerang"],"picked":"Dropkick","floor":1},{"not_picked":["Iron Wave","True Grit"],"picked":"Rampage","floor":2},{"not_picked":["Heavy Blade","Fire Breathing"],"picked":"Inflame","floor":4},{"not_picked":["Perfected Strike","Clash","Armaments"],"picked":"SKIP","floor":7},{"not_picked":["Sentinel","Perfected Strike"],"picked":"Shrug It Off","floor":10},{"not_picked":["Clothesline","Iron Wave"],"picked":"Blood for Blood","floor":11},{"not_picked":["Armaments","Clothesline"],"picked":"Disarm","floor":14},{"not_picked":["Exhume","Bludgeon"],"picked":"Demon Form","floor":16},{"not_picked":["Rampage","Second Wind","Perfected Strike"],"picked":"SKIP","floor":18}],"player_experience":447068,"relics_obtained":[{"floor":9,"key":"Bag of Marbles"},{"floor":11,"key":"Vajra"},{"floor":14,"key":"Bottled Flame"},{"floor":19,"key":"Enchiridion"}],"event_choices":[{"damage_healed":0,"gold_gain":75,"player_choice":"Gather Gold","damage_taken":11,"max_hp_gain":0,"max_hp_loss":0,"event_name":"World of Goop","floor":3,"gold_loss":0},{"damage_healed":0,"gold_gain":0,"player_choice":"Entered Light","damage_taken":23,"max_hp_gain":0,"max_hp_loss":0,"event_name":"Shining Light","floor":12,"gold_loss":0,"cards_upgraded":["Shrug It Off","Dropkick"]},{"damage_healed":0,"gold_gain":0,"player_choice":"Obtained Book","damage_taken":21,"max_hp_gain":0,"max_hp_loss":0,"event_name":"Cursed Tome","floor":19,"gold_loss":0}],"is_beta":false,"boss_relics":[{"not_picked":["Calling Bell","Black Blood"],"picked":"Mark of Pain"}],"items_purged_floors":[5],"is_endless":false,"potions_floor_spawned":[1,4,11,16],"killed_by":"3 Byrds","ascension_level":20}}