{"host":"61r95uy0hn86b9iu","time":1608341079,"event":{"mods":["AchievementEnabler","BaseMod","Better Vampires","BetterRewards","Colored Powertips","Hubris","Minty Spire (QoL Compilation)","Shop Mod","StSLib"],"gold_per_floor":[116,116,41,41,116,116,147,163,189,189,208,208,222,242,242,340,340,361,361,361,375,199,199,212,253,299,312,312,312],"floor_reached":28,"playtime":941,"items_purged":["Regret","Strike_G"],"score":623,"play_id":"e89fd99c-436a-453a-97dc-3e727b35c841","local_time":"20201218192439","is_ascension_mode":true,"campfire_choices":[{"floor":6.0,"key":"REST"},{"floor":10.0,"key":"REST"},{"floor":15.0,"key":"REST"},{"floor":23,"key":"REST"}],"circlet_count":0,"master_deck":["AscendersBane","Strike_G","Strike_G","Strike_G","Strike_G","Defend_G","Defend_G","Defend_G","Defend_G","Defend_G","Survivor","Neutralize","Deflect","PiercingWail","Dagger Spray","Sucker Punch","Backflip","Neutralize","Blade Dance+1","Crippling Poison+1","Malaise+1","Burst","Heel Hook","Footwork","Terror","Cloak And Dagger","Dodge and Roll"],"relics":["Ring of the Snake","Darkstone Periapt","Lee\u0027s Waffle","Shuriken","Golden Idol","Odd Mushroom","Smiling Mask","Sozu","Eternal Feather","War Paint"],"acts_visited":["Exordium","TheCity"],"potions_floor_usage":[18,27],"damage_taken":[{"damage":0.0,"enemies":"2 Louse","floor":1.0,"turns":3.0},{"damage":32.0,"enemies":"The Mushroom Lair","floor":7.0,"turns":6.0},{"damage":0.0,"enemies":"Small Slimes","floor":8.0,"turns":4.0},{"damage":5.0,"enemies":"Cultist","floor":11.0,"turns":4.0},{"damage":7.0,"enemies":"Looter","floor":13.0,"turns":3.0},{"damage":1.0,"enemies":"Large Slime","floor":14.0,"turns":5.0},{"damage":25.0,"enemies":"The Guardian","floor":16.0,"turns":14.0},{"damage":11,"enemies":"2 Thieves","floor":18,"turns":4},{"damage":27,"enemies":"Spheric Guardian","floor":21,"turns":6},{"damage":27,"enemies":"3 Cultists","floor":24,"turns":6},{"damage":9,"enemies":"Gremlin Leader","floor":25,"turns":8},{"damage":6,"enemies":"Shelled Parasite and Fungi","floor":27,"turns":5},{"damage":13,"enemies":"Centurion and Healer","floor":28,"turns":3}],"seed_played":"905156103869413425","potions_obtained":[{"floor":8.0,"key":"GhostInAJar"},{"floor":14.0,"key":"Poison Potion"},{"floor":16.0,"key":"SpeedPotion"}],"is_trial":false,"path_per_floor":["M","?","$","?","?","R","?","M","T","R","M","?","M","M","R","B",null,"M","?","?","M","$","R","M","E","T","M","M"],"character_chosen":"THE_SILENT","items_purchased":["Darkstone Periapt","Lee\u0027s Waffle","Deflect","Footwork","Terror"],"campfire_rested":4,"item_purchase_floors":[0,0,0,22,22],"current_hp_per_floor":[73,79,79,52,41,64,32,32,32,55,50,50,43,42,65,40,69,58,58,58,31,31,54,27,18,18,12,0,0],"gold":312,"neow_bonus":"","is_daily":false,"chose_seed":false,"campfire_upgraded":0,"win_rate":0.0,"timestamp":1608341079,"path_taken":["M","?","$","?","?","R","?","M","T","R","M","?","M","?","R","BOSS","M","?","?","M","$","R","M","E","T","?","M"],"items_purchased_type":["Relic","Relic","Card","Card","Card"],"build_version":"2020-12-13","purchased_purges":2,"victory":false,"max_hp_per_floor":[73,79,79,79,79,79,79,79,79,79,79,79,79,79,79,79,79,79,79,79,79,79,79,79,79,79,79,79,79],"card_choices":[{"not_picked":["Slice","Acrobatics"],"picked":"PiercingWail","floor":1.0},{"not_picked":["Poisoned Stab","Die Die Die"],"picked":"Dagger Spray","floor":7.0},{"not_picked":["Well Laid Plans","Cloak And Dagger"],"picked":"Sucker Punch","floor":8.0},{"not_picked":["Dagger Spray","Eviscerate"],"picked":"Backflip","floor":11.0},{"not_picked":["hubris:SlightOfHand","Setup"],"picked":"Crippling Poison","floor":13.0},{"not_picked":["Riddle With Holes","Outmaneuver"],"picked":"Malaise","floor":14.0},{"not_picked":["Tools of the Trade","Storm of Steel"],"picked":"Burst","floor":16.0},{"not_picked":["Concentrate","Dagger Throw"],"picked":"Heel Hook","floor":18},{"not_picked":["Endless Agony","Underhanded Strike","Acrobatics"],"picked":"SKIP","floor":21},{"not_picked":["Tactician","Bane","Prepared+1"],"picked":"SKIP","floor":24},{"not_picked":["hubris:SlightOfHand","Acrobatics"],"picked":"Cloak And Dagger","floor":25},{"not_picked":["Bane","Prepared"],"picked":"Dodge and Roll","floor":27}],"player_experience":3158400,"relics_obtained":[{"floor":7.0,"key":"Odd Mushroom"},{"floor":9.0,"key":"Smiling Mask"},{"floor":25,"key":"Eternal Feather"},{"floor":26,"key":"War Paint"}],"event_choices":[{"damage_healed":0.0,"max_hp_gain":0.0,"max_hp_loss":0.0,"gold_gain":0.0,"event_name":"Big Fish","player_choice":"Box","floor":2.0,"gold_loss":0.0,"damage_taken":0.0,"relics_obtained":["Shuriken"],"cards_obtained":["Regret"]},{"damage_healed":0.0,"max_hp_gain":0.0,"max_hp_loss":0.0,"gold_gain":0.0,"event_name":"Golden Idol","player_choice":"Take Damage","floor":4.0,"gold_loss":0.0,"damage_taken":27.0,"relics_obtained":["Golden Idol"]},{"damage_healed":0.0,"max_hp_gain":0.0,"max_hp_loss":0.0,"gold_gain":75.0,"event_name":"World of Goop","player_choice":"Gather Gold","floor":5.0,"gold_loss":0.0,"damage_taken":11.0},{"damage_healed":0.0,"max_hp_gain":0.0,"max_hp_loss":0.0,"gold_gain":0.0,"event_name":"Mushrooms","player_choice":"Fought Mushrooms","floor":7.0,"gold_loss":0.0,"damage_taken":0.0},{"damage_healed":0.0,"max_hp_gain":0.0,"max_hp_loss":0.0,"gold_gain":0.0,"event_name":"Match and Keep!","player_choice":"2 cards matched","floor":12.0,"gold_loss":0.0,"damage_taken":0.0,"cards_obtained":["Neutralize","Blade Dance"]},{"damage_healed":0,"gold_gain":0,"player_choice":"Ignored","damage_taken":0,"max_hp_gain":0,"max_hp_loss":0,"event_name":"Ghosts","floor":19,"gold_loss":0}],"is_beta":false,"boss_relics":[{"not_picked":["hubris:HollowSoul","Pandora\u0027s Box"],"picked":"Sozu"}],"items_purged_floors":[3,22],"is_endless":false,"potions_floor_spawned":[8,14,16,24,25],"killed_by":"Centurion and Healer","ascension_level":18}}