{"host":"kw4o7b3ro2ktmmbe","time":1608370456,"event":{"mods":["BaseMod","Minty Spire (QoL Compilation)","StSLib","Treasure Hunter","WarShipGirlsR/战舰少女R mod"],"gold_per_floor":[110,110,110,124,134,134,163,163,244,271,271,271,287,308,308,419,419,443,125,125,179,139,139,157,157,157,176,176,199,226,226,226,232,232],"floor_reached":33,"playtime":3185,"items_purged":[],"score":268,"play_id":"4ce8eddc-56cf-412d-85ba-82680d12c7fa","local_time":"20201219223416","is_ascension_mode":true,"campfire_choices":[{"data":"rmod:maintain","floor":6.0,"key":"SMITH"},{"data":"rmod:aluminumsupply","floor":8.0,"key":"SMITH"},{"data":"rmod:maintain","floor":12.0,"key":"SMITH"},{"floor":15.0,"key":"REST"},{"data":"rmod:chargemoney","floor":23,"key":"SMITH"},{"floor":25,"key":"REST"},{"floor":32,"key":"REST"}],"circlet_count":0,"master_deck":["rmod:strick","rmod:strick","rmod:strick","rmod:strick","rmod:defend","rmod:defend","rmod:defend","rmod:defend","rmod:basicallowance","rmod:maingunfire","rmod:maintain+1","rmod:aluminumsupply+1","TH:CopperCoins","TH:ArmorSpikes+1","TH:CopperCoins+1","rmod:maintain+1","rmod:fuelsupply","rmod:mineteam+1","TH:DeckOfManyThings+1","rmod:timeschanged+1","CurseOfTheBell","rmod:chargemoney+1","rmod:wife+1","rmod:diaomin+1","TH:ArmorSpikes+1","rmod:mineteam","rmod:spoils+1","rmod:robin+1"],"relics":["rmod:firstchargereward","Vajra","rmod:extraamm","Ginger","TH:Anvil","The Courier","Calling Bell","PreservedInsect","Toxic Egg 2","Unceasing Top","Toy Ornithopter","Mummified Hand","Enchiridion","Red Mask","Ornamental Fan"],"acts_visited":["Exordium","TheCity"],"potions_floor_usage":[21,30,30],"damage_taken":[{"damage":0.0,"enemies":"Jaw Worm","floor":1.0,"turns":3.0},{"damage":0.0,"enemies":"Cultist","floor":4.0,"turns":2.0},{"damage":10.0,"enemies":"Small Slimes","floor":5.0,"turns":3.0},{"damage":11.0,"enemies":"Lagavulin","floor":7.0,"turns":8.0},{"damage":39.0,"enemies":"3 Sentries","floor":10.0,"turns":9.0},{"damage":0.0,"enemies":"2 Fungi Beasts","floor":13.0,"turns":3.0},{"damage":0.0,"enemies":"Lots of Slimes","floor":14.0,"turns":5.0},{"damage":30.0,"enemies":"The Guardian","floor":16.0,"turns":15.0},{"damage":29,"enemies":"Shell Parasite","floor":18,"turns":8},{"damage":4,"enemies":"Masked Bandits","floor":21,"turns":7},{"damage":22,"enemies":"3 Byrds","floor":24,"turns":6},{"damage":12,"enemies":"3 Cultists","floor":27,"turns":4},{"damage":7,"enemies":"Chosen and Byrds","floor":29,"turns":4},{"damage":14,"enemies":"Centurion and Healer","floor":30,"turns":5},{"damage":30,"enemies":"Champ","floor":33,"turns":4}],"seed_played":"-5378912654313475253","potions_obtained":[{"floor":1.0,"key":"SkillPotion"},{"floor":7.0,"key":"Ancient Potion"},{"floor":11.0,"key":"Block Potion"},{"floor":11.0,"key":"Energy Potion"},{"floor":13.0,"key":"PowerPotion"},{"floor":16.0,"key":"SteroidPotion"},{"floor":27,"key":"DuplicationPotion"},{"floor":30,"key":"FearPotion"}],"is_trial":false,"path_per_floor":["M","$","?","M","M","R","E","R","T","E","?","R","M","M","R","B",null,"M","$","?","?","?","R","M","R","T","M","?","M","M","?","R","B"],"character_chosen":"PRAEFECT","items_purchased":["Toy Ornithopter","Mummified Hand"],"campfire_rested":3,"item_purchase_floors":[19,19],"current_hp_per_floor":[75,75,75,75,65,65,54,54,54,15,15,15,15,15,37,7,75,46,46,30,31,31,31,9,31,31,19,19,12,8,8,30,0,0],"gold":232,"neow_bonus":"RANDOM_COMMON_RELIC","is_daily":false,"chose_seed":false,"campfire_upgraded":4,"win_rate":0.0,"timestamp":1608370456,"path_taken":["M","$","?","M","?","R","E","R","T","E","?","R","?","M","R","BOSS","M","$","?","?","?","R","?","R","T","M","?","M","?","?","R","BOSS"],"items_purchased_type":["Relic","Relic"],"build_version":"2020-12-13","purchased_purges":0,"victory":false,"max_hp_per_floor":[75,75,75,75,75,75,75,75,75,75,75,75,75,75,75,75,75,75,75,75,75,75,75,75,75,75,75,75,75,75,75,75,75,75],"card_choices":[{"not_picked":["rmod:selfconfidence","rmod:intelligenceanalysis","rmod:aviationdawn"],"picked":"SKIP","floor":1.0},{"not_picked":["rmod:aluminumsupply","rmod:ammunitionsupply"],"picked":"rmod:maintain","floor":4.0},{"not_picked":["rmod:victimresponsibility","rmod:bulid"],"picked":"rmod:aluminumsupply","floor":5.0},{"not_picked":["TH:Mimic"],"picked":"TH:CopperCoins","floor":7.0},{"not_picked":["rmod:robin","rmod:unsinkable","rmod:ammunitionsupply"],"picked":"SKIP","floor":7.0},{"not_picked":["TH:EnergyPotion"],"picked":"TH:ArmorSpikes","floor":9.0},{"not_picked":["TH:PixieDust"],"picked":"TH:CopperCoins","floor":10.0},{"not_picked":["rmod:goodfighter","rmod:diamondstrike"],"picked":"rmod:maintain","floor":10.0},{"not_picked":["rmod:combined","rmod:expedition"],"picked":"rmod:fuelsupply","floor":13.0},{"not_picked":["rmod:supportescort","rmod:unsinkable"],"picked":"rmod:mineteam","floor":14.0},{"not_picked":["TH:Mimic"],"picked":"TH:DeckOfManyThings","floor":16.0},{"not_picked":["rmod:stealaluminum","rmod:desperatesituation"],"picked":"rmod:timeschanged","floor":16.0},{"not_picked":["rmod:combined+1","rmod:smokecover+1"],"picked":"rmod:chargemoney","floor":18},{"not_picked":["rmod:steelsupply+1","rmod:aggressivemary"],"picked":"rmod:wife+1","floor":21},{"not_picked":["rmod:gendarmerie+1","rmod:diamondstrike"],"picked":"rmod:diaomin+1","floor":24},{"not_picked":["TH:CursedSword"],"picked":"TH:ArmorSpikes","floor":26},{"not_picked":["rmod:goodsister","rmod:launchingtorpedo"],"picked":"rmod:mineteam","floor":27},{"not_picked":["rmod:firesupport","rmod:diamondstrike"],"picked":"rmod:spoils+1","floor":29},{"not_picked":["rmod:combined","rmod:goodsister"],"picked":"rmod:robin+1","floor":30}],"player_experience":1759584,"relics_obtained":[{"floor":7.0,"key":"Ginger"},{"floor":9.0,"key":"TH:Anvil"},{"floor":10.0,"key":"The Courier"},{"floor":17,"key":"PreservedInsect"},{"floor":17,"key":"Toxic Egg 2"},{"floor":17,"key":"Unceasing Top"},{"floor":20,"key":"Enchiridion"},{"floor":21,"key":"Red Mask"},{"floor":26,"key":"Ornamental Fan"}],"event_choices":[{"damage_healed":0.0,"max_hp_gain":0.0,"max_hp_loss":0.0,"gold_gain":0.0,"event_name":"WeMeetAgain","player_choice":"Gave Potion","floor":3.0,"gold_loss":0.0,"damage_taken":0.0,"relics_obtained":["rmod:extraamm"]},{"damage_healed":0.0,"max_hp_gain":0.0,"max_hp_loss":0.0,"gold_gain":0.0,"event_name":"Lab","player_choice":"Got Potions","floor":11.0,"gold_loss":0.0,"damage_taken":0.0},{"damage_healed":0,"gold_gain":0,"player_choice":"Obtained Book","damage_taken":16,"max_hp_gain":0,"max_hp_loss":0,"event_name":"Cursed Tome","floor":20,"gold_loss":0},{"damage_healed":0,"gold_gain":0,"player_choice":"Fought Bandits","damage_taken":0,"max_hp_gain":0,"max_hp_loss":0,"event_name":"Masked Bandits","floor":21,"gold_loss":0},{"damage_healed":0,"gold_gain":0,"player_choice":"Upgrade","damage_taken":0,"max_hp_gain":0,"max_hp_loss":0,"event_name":"Designer","floor":22,"gold_loss":40,"cards_upgraded":["rmod:mineteam"]},{"damage_healed":0,"gold_gain":0,"player_choice":"Upgraded","damage_taken":0,"max_hp_gain":0,"max_hp_loss":0,"event_name":"Upgrade Shrine","floor":28,"gold_loss":0,"cards_upgraded":["rmod:timeschanged"]},{"damage_healed":0,"gold_gain":0,"player_choice":"Ignored","damage_taken":0,"max_hp_gain":0,"max_hp_loss":0,"event_name":"Ghosts","floor":31,"gold_loss":0}],"is_beta":false,"boss_relics":[{"not_picked":["Velvet Choker","Tiny House"],"picked":"Calling Bell"}],"items_purged_floors":[],"is_endless":false,"potions_floor_spawned":[1,7,13,16,27,30],"killed_by":"Champ","ascension_level":1}}