{"host":"2cg6xoexl1he7zus","time":1608401220,"event":{"mods":["AchievementEnabler","BaseMod","Colored Map","Minty Spire (QoL Compilation)","Quick Restart","StSLib","SuperFastMode","everything is the same but u backflip on backflip"],"gold_per_floor":[112,112,123,141,156,156,185,260,283,283,283,283,309,49,49,149,149,163,163,163,37,37,37,67,82,133,133,133,133],"floor_reached":28,"playtime":661,"items_purged":["Strike_B"],"score":538,"play_id":"8f4beac4-d8a4-40af-955a-60e01266feae","local_time":"20201220030700","is_ascension_mode":true,"campfire_choices":[{"data":"Dualcast","floor":6.0,"key":"SMITH"},{"floor":10.0,"key":"REST"},{"data":"Zap","floor":15.0,"key":"SMITH"},{"data":"Creative AI","floor":23,"key":"SMITH"}],"circlet_count":0,"master_deck":["AscendersBane","Strike_B","Strike_B","Defend_B","Defend_B","Defend_B","Defend_B","Zap+1","Dualcast+1","Streamline","Skim","Conserve Battery","Sunder","Capacitor","Core Surge","Electrodynamics","Hologram+1","Hologram+1","Creative AI+1","Force Field+1","Scrape+1"],"relics":["Cracked Core","Bag of Preparation","Juzu Bracelet","Omamori","Blood Vial","Toxic Egg 2","Cursed Key","Molten Egg 2","Art of War","Enchiridion"],"acts_visited":["Exordium","TheCity"],"potions_floor_usage":[],"damage_taken":[{"damage":5.0,"enemies":"2 Louse","floor":1.0,"turns":2.0},{"damage":0.0,"enemies":"Cultist","floor":3.0,"turns":3.0},{"damage":0.0,"enemies":"Small Slimes","floor":4.0,"turns":2.0},{"damage":7.0,"enemies":"3 Louse","floor":5.0,"turns":4.0},{"damage":40.0,"enemies":"Lagavulin","floor":7.0,"turns":7.0},{"damage":23.0,"enemies":"Gremlin Nob","floor":13.0,"turns":4.0},{"damage":31.0,"enemies":"The Guardian","floor":16.0,"turns":10.0},{"damage":7,"enemies":"Chosen","floor":18,"turns":4},{"damage":29,"enemies":"Slavers","floor":24,"turns":3},{"damage":4,"enemies":"Shell Parasite","floor":25,"turns":5},{"damage":16,"enemies":"Centurion and Healer","floor":28,"turns":1}],"seed_played":"-5450224361336917739","potions_obtained":[{"floor":4.0,"key":"ColorlessPotion"},{"floor":5.0,"key":"AttackPotion"},{"floor":13.0,"key":"ColorlessPotion"},{"floor":25,"key":"Explosive Potion"}],"is_trial":false,"path_per_floor":["M","?","M","M","M","R","E","?","T","R","?","?","E","$","R","B",null,"M","?","?","$","?","R","E","M","T","?","M"],"character_chosen":"DEFECT","items_purchased":["Toxic Egg 2","Hologram+1"],"campfire_rested":1,"item_purchase_floors":[14,21],"current_hp_per_floor":[63,63,63,63,56,56,16,5,5,27,27,85,62,62,62,33,72,67,51,51,51,51,51,24,22,22,6,0,0],"gold":133,"neow_bonus":"RANDOM_COMMON_RELIC","is_daily":false,"chose_seed":false,"campfire_upgraded":3,"win_rate":0.0,"timestamp":1608401220,"path_taken":["M","?","M","M","M","R","E","?","T","R","?","?","E","$","R","BOSS","M","?","?","$","?","R","E","M","T","?","M"],"items_purchased_type":["Relic","Card"],"build_version":"2020-12-13","purchased_purges":1,"victory":false,"max_hp_per_floor":[75,75,75,75,75,75,75,75,75,75,75,85,85,85,85,85,85,85,90,90,90,90,90,90,90,90,90,90,90],"card_choices":[{"not_picked":["Lockon","Steam"],"picked":"Streamline","floor":1.0},{"not_picked":["Undo","Gash"],"picked":"Skim","floor":3.0},{"not_picked":["Steam","Coolheaded"],"picked":"Conserve Battery","floor":4.0},{"not_picked":["Beam Cell","Doom and Gloom"],"picked":"Sunder","floor":5.0},{"not_picked":["Steam","Blizzard"],"picked":"Capacitor","floor":7.0},{"not_picked":["Redo","Rip and Tear"],"picked":"Core Surge","floor":13.0},{"not_picked":["Seek+1","Hyperbeam"],"picked":"Electrodynamics","floor":16.0},{"not_picked":["Scrape","Streamline+1"],"picked":"Hologram+1","floor":18},{"not_picked":["Static Discharge","Auto Shields+1"],"picked":"Force Field+1","floor":24},{"not_picked":["Streamline+1","Darkness+1"],"picked":"Scrape+1","floor":25}],"player_experience":252151,"relics_obtained":[{"floor":7.0,"key":"Juzu Bracelet"},{"floor":9.0,"key":"Omamori"},{"floor":13.0,"key":"Blood Vial"},{"floor":24,"key":"Molten Egg 2"},{"floor":26,"key":"Art of War"},{"floor":27,"key":"Enchiridion"}],"event_choices":[{"damage_healed":0.0,"max_hp_gain":0.0,"max_hp_loss":0.0,"gold_gain":0.0,"cards_transformed":["Strike_B"],"event_name":"Transmorgrifier","player_choice":"Transformed","floor":2.0,"gold_loss":0.0,"damage_taken":0.0,"cards_obtained":["Meteor Strike"]},{"damage_healed":0.0,"max_hp_gain":0.0,"max_hp_loss":0.0,"gold_gain":75.0,"event_name":"World of Goop","player_choice":"Gather Gold","floor":8.0,"gold_loss":0.0,"damage_taken":11.0},{"damage_healed":0.0,"max_hp_gain":0.0,"max_hp_loss":0.0,"gold_gain":0.0,"event_name":"Liars Game","player_choice":"Ignored","floor":11.0,"gold_loss":0.0,"damage_taken":0.0},{"cards_removed":["Meteor Strike"],"damage_healed":48.0,"max_hp_gain":10.0,"max_hp_loss":0.0,"gold_gain":0.0,"event_name":"Bonfire Elementals","player_choice":"Offered Rare","floor":12.0,"gold_loss":0.0,"damage_taken":0.0},{"damage_healed":0,"gold_gain":0,"player_choice":"Shed Blood","damage_taken":21,"max_hp_gain":5,"max_hp_loss":0,"event_name":"Forgotten Altar","floor":19,"gold_loss":0},{"damage_healed":0,"gold_gain":0,"player_choice":"Ignored","damage_taken":0,"max_hp_gain":0,"max_hp_loss":0,"event_name":"Vampires","floor":20,"gold_loss":0},{"damage_healed":0,"gold_gain":0,"player_choice":"1 cards matched","damage_taken":0,"max_hp_gain":0,"max_hp_loss":0,"event_name":"Match and Keep!","floor":22,"gold_loss":0,"cards_obtained":["Creative AI"]},{"damage_healed":0,"gold_gain":0,"player_choice":"Obtained Book","damage_taken":16,"max_hp_gain":0,"max_hp_loss":0,"event_name":"Cursed Tome","floor":27,"gold_loss":0}],"is_beta":false,"boss_relics":[{"not_picked":["Snecko Eye","SacredBark"],"picked":"Cursed Key"}],"items_purged_floors":[21],"is_endless":false,"potions_floor_spawned":[4,5,13,25],"killed_by":"Centurion and Healer","ascension_level":10}}