{"host":"n529wyrjhujcvty3","time":1608365082,"event":{"mods":["2.2 Compatiblity","Act Like it!","BaseMod","Better Third Choice","Lobotomy","Marisa¡]Ãú«B¡@Å]²z¨F¡^","Minty Spire (QoL Compilation)","Shop Mod","StSLib","Td1madao Mod","The Runesmith"],"gold_per_floor":[113,113,123,140,140,140,168,93,93,93,108,108,8,24,24,121,121,46,46,64,64,84,84,103,103,129,129,228,247,276,151,151,251,251,266,312,328,328,328],"floor_reached":38,"playtime":3972,"items_purged":["Strike_G","Defend_G","Strike_G+1"],"score":496,"play_id":"3f5e6bd6-cc2c-4d01-ae83-1bf88d1de888","local_time":"20201219160442","is_ascension_mode":true,"campfire_choices":[{"data":"Neutralize","floor":6.0,"key":"SMITH"},{"data":"Footwork","floor":10.0,"key":"SMITH"},{"data":"Tactician","floor":15.0,"key":"SMITH"},{"data":"After Image","floor":23,"key":"SMITH"},{"data":"Survivor","floor":25,"key":"SMITH"},{"data":"1","floor":27,"key":"LIFT"},{"floor":32,"key":"REST"}],"circlet_count":0,"master_deck":["Survivor+1","Neutralize+1","Well Laid Plans+1","Heel Hook","Footwork+1","Tactician+1","After Image+1","Heel Hook","Footwork+1","Infinite Blades","Grand Finale","Accuracy+1","Leg Sweep+1","Heel Hook+1"],"relics":["Ring of the Snake","Runesmith:Locket","Girya","WristBlade","Red Mask","Astrolabe","CatCart"],"acts_visited":["Exordium","TheCity","TheBeyond"],"potions_floor_usage":[29],"damage_taken":[{"damage":0.0,"enemies":"2 Louse","floor":1.0,"turns":3.0},{"damage":0.0,"enemies":"Small Slimes","floor":3.0,"turns":3.0},{"damage":0.0,"enemies":"Cultist","floor":4.0,"turns":3.0},{"damage":16.0,"enemies":"Gremlin Nob","floor":7.0,"turns":4.0},{"damage":1.0,"enemies":"Blue Slaver","floor":11.0,"turns":4.0},{"damage":0.0,"enemies":"Exordium Wildlife","floor":14.0,"turns":4.0},{"damage":22.0,"enemies":"Slime Boss","floor":16.0,"turns":24.0},{"damage":14.0,"enemies":"2 Thieves","floor":18.0,"turns":5.0},{"damage":0,"enemies":"Shell Parasite","floor":20,"turns":8},{"damage":0,"enemies":"Shelled Parasite and Fungi","floor":22,"turns":9},{"damage":4,"enemies":"Centurion and Healer","floor":24,"turns":10},{"damage":0,"enemies":"Chosen and Byrds","floor":29,"turns":8},{"damage":17,"enemies":"Masked Bandits","floor":30,"turns":7},{"damage":8,"enemies":"Collector","floor":33,"turns":5},{"damage":16,"enemies":"3 Shapes","floor":35,"turns":3},{"damage":0,"enemies":"Orin","floor":36,"turns":6},{"damage":9,"enemies":"3 Darklings","floor":37,"turns":3},{"damage":49,"enemies":"Sphere and 2 Shapes","floor":38,"turns":3}],"seed_played":"6738020833034256614","potions_obtained":[{"floor":3.0,"key":"SteroidPotion"},{"floor":7.0,"key":"CunningPotion"},{"floor":16.0,"key":"Fruit Juice"},{"floor":22,"key":"Energy Potion"},{"floor":24,"key":"Energy Potion"},{"floor":36,"key":"Dexterity Potion"},{"floor":37,"key":"AttackPotion"}],"is_trial":false,"path_per_floor":["M","?","M","M","?","R","E","$","T","R","M","?","$","M","R","B",null,"M","?","M","?","M","R","M","R","T","R","?","M","?","$","R","B",null,"M","?","M","M"],"character_chosen":"THE_SILENT","items_purchased":[],"campfire_rested":1,"item_purchase_floors":[],"current_hp_per_floor":[63,50,50,50,50,50,34,34,34,34,33,26,26,26,26,9,53,39,39,39,39,39,39,35,35,35,35,35,35,18,18,38,30,59,43,43,34,0,0],"gold":328,"neow_bonus":"REMOVE_TWO","is_daily":false,"chose_seed":false,"campfire_upgraded":5,"win_rate":0.0,"timestamp":1608365082,"path_taken":["M","?","M","M","?","R","E","$","T","R","?","?","?","M","R","BOSS","M","?","?","?","M","R","M","R","T","R","?","M","?","$","R","BOSS","M","?","M","M"],"items_purchased_type":[],"build_version":"2020-12-13","purchased_purges":3,"victory":false,"max_hp_per_floor":[63,63,63,63,63,63,63,63,63,63,63,63,63,63,63,68,68,68,68,68,68,68,68,68,68,68,68,68,68,68,68,68,68,68,68,68,68,68,68],"card_choices":[{"not_picked":["Acrobatics","Backflip"],"picked":"Well Laid Plans","floor":1.0},{"not_picked":["Slice","Deflect"],"picked":"Heel Hook","floor":3.0},{"not_picked":["Predator","Backflip"],"picked":"Footwork","floor":4.0},{"not_picked":["Finisher","Sucker Punch"],"picked":"Tactician","floor":7.0},{"not_picked":["Outmaneuver","All Out Attack","Poisoned Stab"],"picked":"SKIP","floor":11.0},{"not_picked":["Underhanded Strike","Cloak And Dagger","Endless Agony"],"picked":"SKIP","floor":14.0},{"not_picked":["Storm of Steel","Unload"],"picked":"After Image","floor":16.0},{"not_picked":["Blade Dance","Dagger Spray+1"],"picked":"Heel Hook","floor":18.0},{"not_picked":["PiercingWail+1","Deflect","Masterful Stab"],"picked":"SKIP","floor":20},{"not_picked":["Accuracy","PiercingWail+1","Bouncing Flask+1"],"picked":"SKIP","floor":22},{"not_picked":["Accuracy","PiercingWail+1","Bouncing Flask+1"],"picked":"SKIP","floor":22},{"not_picked":["Finisher","Calculated Gamble","Catalyst"],"picked":"SKIP","floor":24},{"not_picked":["Cloak And Dagger","Catalyst","Expertise"],"picked":"SKIP","floor":29},{"not_picked":["Deadly Poison+1","Bullet Time"],"picked":"Infinite Blades","floor":30},{"not_picked":["Wraith Form v2","Night Terror"],"picked":"Grand Finale","floor":33},{"not_picked":["Sucker Punch","Backflip+1","Flying Knee+1"],"picked":"SKIP","floor":35},{"not_picked":["Skewer+1","Sucker Punch","Flying Knee"],"picked":"SKIP","floor":37}],"player_experience":384389,"relics_obtained":[{"floor":7.0,"key":"Runesmith:Locket"},{"floor":9.0,"key":"Girya"},{"floor":30,"key":"Red Mask"},{"floor":36,"key":"CatCart"}],"event_choices":[{"damage_healed":63.0,"max_hp_gain":0.0,"max_hp_loss":63.0,"gold_gain":0.0,"event_name":"betterThird:BetterShining","player_choice":"Upgrade","floor":2.0,"gold_loss":0.0,"damage_taken":13.0,"cards_upgraded":["Strike_G","Well Laid Plans"]},{"cards_removed":["Strike_G"],"damage_healed":0.0,"max_hp_gain":0.0,"max_hp_loss":0.0,"gold_gain":0.0,"event_name":"Bonfire Elementals","player_choice":"Offered Basic","floor":5.0,"gold_loss":0.0,"damage_taken":0.0},{"cards_removed":["Strike_G"],"damage_healed":0.0,"max_hp_gain":0.0,"max_hp_loss":0.0,"gold_gain":0.0,"event_name":"Golden Wing","player_choice":"Card Removal","floor":12.0,"gold_loss":0.0,"damage_taken":7.0},{"damage_healed":0,"gold_gain":0,"player_choice":"Copied","damage_taken":0,"max_hp_gain":0,"max_hp_loss":0,"event_name":"Duplicator","floor":19,"gold_loss":0,"cards_obtained":["Footwork"]},{"damage_healed":0,"gold_gain":0,"player_choice":"Ignored","damage_taken":0,"max_hp_gain":0,"max_hp_loss":0,"event_name":"Vampires","floor":21,"gold_loss":0},{"damage_healed":0,"gold_gain":99,"player_choice":"Steal","damage_taken":0,"max_hp_gain":0,"max_hp_loss":0,"event_name":"betterThird:BetterNest","floor":28,"gold_loss":0},{"damage_healed":0,"gold_gain":0,"player_choice":"Fought Bandits","damage_taken":0,"max_hp_gain":0,"max_hp_loss":0,"event_name":"Masked Bandits","floor":30,"gold_loss":0},{"damage_healed":0,"gold_gain":0,"player_choice":"Fight","damage_taken":0,"max_hp_gain":0,"max_hp_loss":0,"event_name":"OrinTheCat","floor":36,"gold_loss":0}],"is_beta":false,"boss_relics":[{"not_picked":["Philosopher\u0027s Stone","Cursed Key"],"picked":"WristBlade"},{"not_picked":["Runesmith:UraniumAnvil","Fusion Hammer"],"picked":"Astrolabe"}],"items_purged_floors":[8,13,31],"is_endless":false,"potions_floor_spawned":[3,7,16,22,24,36,37],"killed_by":"Sphere and 2 Shapes","ascension_level":5}}