{"host":"12piqfhmdln9x2la","time":1608396951,"event":{"mods":["2.2 Compatiblity","AchievementEnabler","BaseMod","BetterRewards","Colored Powertips","Minty Spire (QoL Compilation)","Quick Restart","SuperFastMode"],"gold_per_floor":[109,284,294,294,294,294,328,328,328,362,380,394,407,427,427,427,427],"floor_reached":16,"playtime":295,"items_purged":[],"score":137,"play_id":"9086cb1c-30a9-4d2c-b6a4-3e7391f6172a","local_time":"20201220015551","is_ascension_mode":false,"campfire_choices":[{"data":"Dualcast","floor":6,"key":"SMITH"},{"data":"Capacitor","floor":8,"key":"SMITH"},{"data":"White Noise","floor":15,"key":"SMITH"}],"circlet_count":0,"master_deck":["Strike_B","Strike_B","Strike_B","Strike_B","Defend_B+1","Defend_B","Defend_B","Defend_B","Zap+1","Dualcast+1","Conserve Battery+1","Doubt","Turbo","Capacitor+1","Double Energy","Sunder","White Noise+1","Ball Lightning","Redo"],"relics":["Cracked Core","NeowsBlessing","The Courier","Singing Bowl","Happy Flower"],"acts_visited":["Exordium"],"potions_floor_usage":[10,10,10,13,13,16,16],"damage_taken":[{"damage":0,"enemies":"Small Slimes","floor":1,"turns":1},{"damage":0,"enemies":"2 Louse","floor":3,"turns":1},{"damage":0,"enemies":"3 Sentries","floor":7,"turns":2},{"damage":15,"enemies":"Lagavulin","floor":10,"turns":7},{"damage":9,"enemies":"Cultist","floor":11,"turns":5},{"damage":3,"enemies":"Lots of Slimes","floor":12,"turns":4},{"damage":8,"enemies":"Gremlin Gang","floor":13,"turns":4},{"damage":0,"enemies":"3 Louse","floor":14,"turns":2},{"damage":27,"enemies":"Hexaghost","floor":16,"turns":7}],"seed_played":"1315754771945296690","potions_obtained":[{"floor":3,"key":"EntropicBrew"},{"floor":7,"key":"EssenceOfSteel"},{"floor":10,"key":"FocusPotion"},{"floor":12,"key":"PotionOfCapacity"},{"floor":14,"key":"SteroidPotion"}],"is_trial":false,"path_per_floor":["M","?","M","?","?","R","E","R","T","E","M","M","M","M","R","B"],"character_chosen":"DEFECT","items_purchased":[],"campfire_rested":0,"item_purchase_floors":[],"current_hp_per_floor":[75,75,75,60,60,60,60,60,60,45,36,33,25,25,25,0,0],"gold":427,"neow_bonus":"THREE_ENEMY_KILL","is_daily":false,"chose_seed":false,"campfire_upgraded":3,"win_rate":0.0,"timestamp":1608396951,"path_taken":["M","?","M","?","?","R","E","R","T","E","M","M","M","?","R","BOSS"],"items_purchased_type":[],"build_version":"2020-12-13","purchased_purges":0,"victory":false,"max_hp_per_floor":[75,75,75,75,75,75,75,75,75,75,75,75,75,75,75,75,75],"card_choices":[{"not_picked":["Rebound","Coolheaded"],"picked":"Conserve Battery","floor":1},{"not_picked":["Stack","Conserve Battery"],"picked":"Turbo","floor":3},{"not_picked":["Stack","Barrage"],"picked":"Capacitor","floor":7},{"not_picked":["Steam","Reboot"],"picked":"Double Energy","floor":10},{"not_picked":["Rip and Tear","Auto Shields"],"picked":"Sunder","floor":11},{"not_picked":["Beam Cell","Reprogram"],"picked":"White Noise","floor":12},{"not_picked":["Aggregate","Leap"],"picked":"Ball Lightning","floor":13},{"not_picked":["Recycle","Loop"],"picked":"Redo","floor":14}],"player_experience":104180,"relics_obtained":[{"floor":7,"key":"The Courier"},{"floor":9,"key":"Singing Bowl"},{"floor":10,"key":"Happy Flower"}],"event_choices":[{"damage_healed":0,"gold_gain":175,"player_choice":"AGREE","damage_taken":0,"max_hp_gain":0,"max_hp_loss":0,"event_name":"Liars Game","floor":2,"gold_loss":0,"cards_obtained":["Doubt"]},{"damage_healed":0,"gold_gain":0,"player_choice":"Entered Light","damage_taken":15,"max_hp_gain":0,"max_hp_loss":0,"event_name":"Shining Light","floor":4,"gold_loss":0,"cards_upgraded":["Defend_B","Conserve Battery"]},{"damage_healed":0,"gold_gain":0,"player_choice":"Upgraded","damage_taken":0,"max_hp_gain":0,"max_hp_loss":0,"event_name":"Upgrade Shrine","floor":5,"gold_loss":0,"cards_upgraded":["Zap"]}],"is_beta":false,"boss_relics":[],"items_purged_floors":[],"is_endless":false,"potions_floor_spawned":[3,7,10,12,14],"killed_by":"Hexaghost","ascension_level":0}}