{"host":"utqe55yv0jihe4d6","time":1608394348,"event":{"mods":["2.2 Compatiblity","AchievementEnabler","BaseMod","Block Reminder","Colored Map","Colored Powertips","Minty Spire (QoL Compilation)","Quick Restart","Rare Cards Sparkle","Relic Stats","SuperFastMode"],"gold_per_floor":[18,18,18,35,53,53,78,78,153,183,202,202,217,227,227,304,304,319,319,319,24,40,69,86,99,99,99,99,99,99,126,126,199,199,213,266,266,266,8,34,34,67,91,123,139,139,139,157,157,157,157],"floor_reached":50,"playtime":2732,"items_purged":["Strike_G","Injury"],"score":1277,"play_id":"b6048022-7810-4038-a76d-7a760c3a159a","local_time":"20201219111228","is_ascension_mode":true,"campfire_choices":[{"data":"Neutralize","floor":6,"key":"SMITH"},{"data":"Dagger Spray","floor":8,"key":"SMITH"},{"floor":12,"key":"REST"},{"data":"Bouncing Flask","floor":15,"key":"SMITH"},{"data":"Ghostly","floor":28,"key":"SMITH"},{"data":"Ghostly","floor":30,"key":"SMITH"},{"data":"Ghostly","floor":32,"key":"SMITH"},{"floor":47,"key":"REST"},{"floor":49,"key":"REST"}],"circlet_count":0,"master_deck":["AscendersBane","Strike_G","Strike_G","Defend_G","Defend_G","Defend_G","Defend_G+1","Survivor","Neutralize+1","All Out Attack+1","Unload","Poisoned Stab","Skewer","Bouncing Flask+1","Dagger Spray+1","Predator","Escape Plan","Deadly Poison","Phantasmal Killer","Escape Plan","Ghostly+1","Ghostly+1","Ghostly+1","PiercingWail","Footwork","Catalyst","Distraction+1","Envenom+1","After Image+1","Backflip","Clumsy","Catalyst+1","Backstab+1","Shame","Malaise"],"relics":["Ring of the Snake","Vajra","Kunai","Orichalcum","Cursed Key","ClockworkSouvenir","Ornamental Fan","Frozen Egg 2","Molten Egg 2","Velvet Choker","Thread and Needle","PreservedInsect","Lee\u0027s Waffle","Bag of Preparation","Pocketwatch","War Paint","StrikeDummy"],"acts_visited":["Exordium","TheCity","TheBeyond"],"potions_floor_usage":[14,23,36,44,50],"damage_taken":[{"damage":3,"enemies":"2 Louse","floor":1,"turns":2},{"damage":0,"enemies":"Jaw Worm","floor":4,"turns":3},{"damage":0,"enemies":"Small Slimes","floor":5,"turns":4},{"damage":22,"enemies":"Lagavulin","floor":7,"turns":4},{"damage":15,"enemies":"3 Sentries","floor":10,"turns":4},{"damage":3,"enemies":"Blue Slaver","floor":11,"turns":3},{"damage":0,"enemies":"3 Louse","floor":13,"turns":1},{"damage":5,"enemies":"Exordium Thugs","floor":14,"turns":3},{"damage":22,"enemies":"The Guardian","floor":16,"turns":8},{"damage":3,"enemies":"Chosen","floor":18,"turns":4},{"damage":0,"enemies":"Spheric Guardian","floor":22,"turns":5},{"damage":0,"enemies":"Slavers","floor":23,"turns":5},{"damage":6,"enemies":"Cultist and Chosen","floor":24,"turns":4},{"damage":0,"enemies":"Snake Plant","floor":25,"turns":5},{"damage":8,"enemies":"Gremlin Leader","floor":31,"turns":6},{"damage":44,"enemies":"Champ","floor":33,"turns":14},{"damage":10,"enemies":"3 Shapes","floor":35,"turns":8},{"damage":0,"enemies":"2 Orb Walkers","floor":36,"turns":4},{"damage":26,"enemies":"Nemesis","floor":40,"turns":9},{"damage":0,"enemies":"Reptomancer","floor":42,"turns":4},{"damage":9,"enemies":"Giant Head","floor":44,"turns":6},{"damage":0,"enemies":"3 Darklings","floor":45,"turns":5},{"damage":0,"enemies":"Transient","floor":48,"turns":6},{"damage":32,"enemies":"Time Eater","floor":50,"turns":6}],"seed_played":"-4701654081010258952","potions_obtained":[{"floor":5,"key":"Weak Potion"},{"floor":7,"key":"Ancient Potion"},{"floor":10,"key":"CunningPotion"},{"floor":13,"key":"AttackPotion"},{"floor":18,"key":"FairyPotion"},{"floor":24,"key":"Weak Potion"},{"floor":31,"key":"SteroidPotion"},{"floor":33,"key":"Swift Potion"},{"floor":36,"key":"Swift Potion"},{"floor":45,"key":"FearPotion"},{"floor":48,"key":"ColorlessPotion"}],"is_trial":false,"path_per_floor":["M","?","?","M","M","R","E","R","T","E","M","R","M","M","R","B",null,"M","?","?","$","M","E","M","M","T","$","R","?","R","E","R","B",null,"M","?","?","T","$","E","$","E","T","E","M","?","R","M","R","B"],"character_chosen":"THE_SILENT","items_purchased":["ClockworkSouvenir","PiercingWail","Lee\u0027s Waffle"],"campfire_rested":3,"item_purchase_floors":[21,21,39],"current_hp_per_floor":[56,56,61,61,61,61,39,39,39,24,21,42,42,37,37,15,57,54,35,35,35,35,35,29,29,29,29,29,29,29,21,21,10,29,19,19,19,19,40,14,14,14,14,5,5,5,17,17,29,0,0],"gold":157,"neow_bonus":"TRANSFORM_TWO_CARDS","is_daily":false,"chose_seed":false,"campfire_upgraded":6,"win_rate":0.0,"timestamp":1608394348,"path_taken":["M","?","?","M","M","R","E","R","T","E","M","R","M","M","R","BOSS","M","?","?","?","M","E","M","M","T","$","R","?","R","E","R","BOSS","M","?","?","?","$","E","$","E","T","E","?","?","R","M","R","BOSS"],"items_purchased_type":["Relic","Card","Relic"],"build_version":"2020-12-13","purchased_purges":2,"victory":false,"max_hp_per_floor":[66,66,71,71,71,71,71,71,71,71,71,71,71,71,71,71,71,71,35,35,35,35,35,35,35,35,35,35,35,35,35,35,35,35,35,35,33,33,40,40,40,40,40,40,40,40,40,40,40,40,40],"relic_stats":{"Lee\u0027s Waffle":21,"counters":[24,123],"Ornamental Fan":[56],"PreservedInsect":240,"Bag of Preparation":[10],"Kunai":[21],"Orichalcum":[126],"War Paint":["Distraction","Defend_G"],"Cursed Key":3,"obtain_stats":[{"Lee\u0027s Waffle":39,"Vajra":7,"Velvet Choker":34,"Thread and Needle":36,"PreservedInsect":38,"Bag of Preparation":40,"Orichalcum":10,"Frozen Egg 2":26,"War Paint":43,"Cursed Key":17,"ClockworkSouvenir":21,"Ornamental Fan":23,"Molten Egg 2":31,"Kunai":9,"StrikeDummy":44,"Ring of the Snake":0,"Pocketwatch":42},{"Lee\u0027s Waffle":18,"Vajra":4,"Velvet Choker":16,"Thread and Needle":18,"PreservedInsect":18,"Bag of Preparation":19,"Orichalcum":5,"Frozen Egg 2":14,"War Paint":20,"Cursed Key":9,"ClockworkSouvenir":10,"Ornamental Fan":12,"Molten Egg 2":15,"Kunai":4,"StrikeDummy":21,"Ring of the Snake":0,"Pocketwatch":20},{"Lee\u0027s Waffle":87,"Vajra":13,"Velvet Choker":75,"Thread and Needle":87,"PreservedInsect":87,"Bag of Preparation":96,"Orichalcum":17,"Frozen Egg 2":55,"War Paint":100,"Cursed Key":32,"ClockworkSouvenir":36,"Ornamental Fan":46,"Molten Egg 2":61,"Kunai":13,"StrikeDummy":106,"Ring of the Snake":0,"Pocketwatch":100}],"Ring of the Snake":[48],"Pocketwatch":[9]},"card_choices":[{"not_picked":["Deflect","PiercingWail"],"picked":"Poisoned Stab","floor":1},{"not_picked":["Acrobatics","Underhanded Strike"],"picked":"Skewer","floor":4},{"not_picked":["Flechettes","Outmaneuver"],"picked":"Bouncing Flask","floor":5},{"not_picked":["Acrobatics","A Thousand Cuts"],"picked":"Dagger Spray","floor":7},{"not_picked":["Cloak And Dagger","Bouncing Flask"],"picked":"Predator","floor":10},{"not_picked":["Bouncing Flask","Quick Slash"],"picked":"Escape Plan","floor":11},{"not_picked":["Catalyst","Quick Slash"],"picked":"Deadly Poison","floor":13},{"not_picked":["Prepared","Setup","Finisher"],"picked":"SKIP","floor":14},{"not_picked":["Night Terror","Corpse Explosion"],"picked":"Phantasmal Killer","floor":16},{"not_picked":["Quick Slash","Setup"],"picked":"Escape Plan","floor":18},{"not_picked":["Poisoned Stab","Prepared"],"picked":"Footwork","floor":22},{"not_picked":["Sucker Punch","Outmaneuver","Underhanded Strike"],"picked":"SKIP","floor":23},{"not_picked":["Slice","Skewer"],"picked":"Catalyst","floor":24},{"not_picked":["Blade Dance","Deadly Poison","Reflex"],"picked":"SKIP","floor":25},{"not_picked":["Outmaneuver","Predator+1"],"picked":"Envenom+1","floor":31},{"not_picked":["Burst","Doppelganger"],"picked":"After Image+1","floor":33},{"not_picked":["Underhanded Strike+1","Dagger Throw+1","Deadly Poison"],"picked":"SKIP","floor":35},{"not_picked":["Prepared","Dagger Spray+1"],"picked":"Backflip","floor":36},{"not_picked":["Cloak And Dagger","Underhanded Strike+1"],"picked":"Catalyst","floor":40},{"not_picked":["Terror","Bouncing Flask+1"],"picked":"Backstab+1","floor":42},{"not_picked":["Skewer+1","Eviscerate+1"],"picked":"Malaise","floor":44},{"not_picked":["Deadly Poison","Dodge and Roll+1","Finisher+1"],"picked":"SKIP","floor":45},{"not_picked":["Slice+1","Cloak And Dagger","Underhanded Strike+1"],"picked":"SKIP","floor":48}],"player_experience":2800417,"relics_obtained":[{"floor":7,"key":"Vajra"},{"floor":9,"key":"Kunai"},{"floor":10,"key":"Orichalcum"},{"floor":23,"key":"Ornamental Fan"},{"floor":26,"key":"Frozen Egg 2"},{"floor":31,"key":"Molten Egg 2"},{"floor":36,"key":"Thread and Needle"},{"floor":38,"key":"PreservedInsect"},{"floor":40,"key":"Bag of Preparation"},{"floor":42,"key":"Pocketwatch"},{"floor":43,"key":"War Paint"},{"floor":44,"key":"StrikeDummy"}],"event_choices":[{"damage_healed":0,"gold_gain":0,"player_choice":"Grow","damage_taken":0,"max_hp_gain":0,"max_hp_loss":0,"event_name":"Living Wall","floor":2,"gold_loss":0,"cards_upgraded":["All Out Attack"]},{"damage_healed":0,"gold_gain":0,"player_choice":"Donut","damage_taken":0,"max_hp_gain":5,"max_hp_loss":0,"event_name":"Big Fish","floor":3,"gold_loss":0},{"damage_healed":0,"gold_gain":0,"player_choice":"Became a Ghost","damage_taken":0,"max_hp_gain":0,"max_hp_loss":36,"event_name":"Ghosts","floor":19,"gold_loss":0,"cards_obtained":["Ghostly","Ghostly","Ghostly"]},{"damage_healed":0,"gold_gain":0,"player_choice":"Ignored","damage_taken":0,"max_hp_gain":0,"max_hp_loss":0,"event_name":"Vampires","floor":20,"gold_loss":0},{"damage_healed":0,"gold_gain":0,"cards_transformed":["Pain","Strike_G"],"player_choice":"Became Test Subject","damage_taken":0,"max_hp_gain":0,"max_hp_loss":0,"event_name":"Drug Dealer","floor":29,"gold_loss":0,"cards_obtained":["Injury","Distraction"]},{"damage_healed":0,"gold_gain":0,"player_choice":"Fight","damage_taken":0,"max_hp_gain":0,"max_hp_loss":0,"event_name":"Mysterious Sphere","floor":36,"gold_loss":0},{"damage_healed":0,"gold_gain":0,"player_choice":"Max HP","damage_taken":0,"max_hp_gain":0,"max_hp_loss":2,"event_name":"Winding Halls","floor":37,"gold_loss":0},{"damage_healed":0,"gold_gain":0,"player_choice":"Upgraded","damage_taken":0,"max_hp_gain":0,"max_hp_loss":0,"event_name":"Upgrade Shrine","floor":46,"gold_loss":0,"cards_upgraded":["Catalyst"]}],"is_beta":false,"boss_relics":[{"not_picked":["Tiny House","Ectoplasm"],"picked":"Cursed Key"},{"not_picked":["Busted Crown","SacredBark"],"picked":"Velvet Choker"}],"items_purged_floors":[21,39],"is_endless":false,"potions_floor_spawned":[5,7,10,13,18,22,24,31,33,36,45,48],"killed_by":"Time Eater","ascension_level":20}}