{"host":"87fdiiwflhrwsj8a","time":1608355743,"event":{"mods":["Aspiration","BaseMod","Better Match","Better Third Choice","BetterRewards","Colored Map","Downfall","GifTheSpireLib","Infinite Spire","Minty Spire (QoL Compilation)","Relic Sorter","Replay The Spire","Robot Space Explorer","StSLib","Stuff the Spire","The Cursed"],"gold_per_floor":[109,109,160,17,29,59,73,104,104,116,146,162,162,190,190,289,289,308,848,867,867,645,645,491,491,491,508,537,554,586,596,596,694,694,710,710,524,538,538,563,563,563,616,647,647,647,303,323,323,323,323,323,57,92,92],"floor_reached":56,"playtime":1570,"items_purged":[],"score":2882,"play_id":"1f1dd4cf-392d-4735-8dbc-0a41e38cf72f","local_time":"20201219002903","is_ascension_mode":true,"campfire_choices":[{"floor":15,"key":"REST"},{"data":"TheCursedMod:SpitefulPray","floor":23,"key":"SMITH"},{"floor":46,"key":"RECALL"},{"data":"TheCursedMod:OutForBlood","floor":49,"key":"SMITH"},{"data":"TheCursedMod:CursedBoomerang","floor":52,"key":"SMITH"}],"circlet_count":0,"master_deck":["AscendersBane","TheCursedMod:Strike_TheCursed","TheCursedMod:Strike_TheCursed","TheCursedMod:Strike_TheCursed","TheCursedMod:Strike_TheCursed","TheCursedMod:Defend_TheCursed","TheCursedMod:Defend_TheCursed","TheCursedMod:Defend_TheCursed","TheCursedMod:Defend_TheCursed","TheCursedMod:CursedWand+1","TheCursedMod:CleanUpWorkshop","TheCursedMod:Dregs","StuffTheSpire:PlasmaPunch+1","TheCursedMod:CursedBoomerang+1","TheCursedMod:SurpriseAttack","Regret","TheCursedMod:SpitefulStrike","TheCursedMod:AshesToAshes","TheCursedMod:SurpriseAttack","TheCursedMod:TacticalStrike","TheCursedMod:SurpriseAttack","TheCursedMod:CursedShiv","TheCursedMod:SpitefulPray+1","TheCursedMod:ManaCirculation","TheCursedMod:SurpriseAttack","TheCursedMod:SurpriseAttack","TheCursedMod:OutForBlood+1","TheCursedMod:NeowsMight","TheCursedMod:StingEye+1","TheCursedMod:AshesToAshes","TheCursedMod:VitalStrike+1","TheCursedMod:AshesToAshes","TheCursedMod:Stigma","TheCursedMod:Stigma","TheCursedMod:AshesToAshes+1","TheCursedMod:CursedSpellbook+1","TheCursedMod:CursedSpellbook+1","ReplayTheSpireMod:Private Reserves+1","TheCursedMod:SurpriseAttack","TheCursedMod:SpitefulStrike+1","TheCursedMod:SpitefulPray+1","TheCursedMod:FuryStrike","TheCursedMod:CollectTribute"],"relics":["TheCursedMod:BlackMagic101","Peace Pipe","Membership Card","Replay:Kaleidoscope","infinitespire:Golems Mask","aspiration:Lifesprig","Torii","Bronze Scales","StuffTheSpire:DarkSteelAnvil","Chemical X","StoneCalendar","StuffTheSpire:Expresso","StuffTheSpire:RedRose","StrikeDummy","aspiration:TomeofQuesting","Onion Ring","MealTicket","Iron Hammer","Pantograph","Nloth\u0027s Gift","Vajra","CaptainsWheel","infinitespire:Bottled Soul","aspiration:FrozenJewel","Blue Doll","aspiration:Stabinomicon","Ginger","Coffee Dripper","TheCursedMod:BloodyHarpoon","HornCleat","ReplayTheSpireMod:TigerMarble","Pondfish Scales","HandDrill","aspiration:HatOfInfinitePower","Lizard Tail","infinitespire:WardingShard","aspiration:Nostalgia","RobotSpaceExplorer:RoboCore","Oddly Smooth Stone"],"acts_visited":["Exordium","TheCity","TheBeyond","TheEnding"],"potions_floor_usage":[6],"damage_taken":[{"damage":0,"enemies":"Jaw Worm","floor":1,"turns":2},{"damage":0,"enemies":"2 Louse","floor":5,"turns":1},{"damage":0,"enemies":"3 Sentries","floor":6,"turns":5},{"damage":0,"enemies":"Cultist","floor":7,"turns":2},{"damage":11,"enemies":"Lagavulin","floor":8,"turns":4},{"damage":0,"enemies":"Blue Slaver","floor":10,"turns":1},{"damage":0,"enemies":"Gremlin Nob","floor":11,"turns":2},{"damage":0,"enemies":"Exordium Thugs","floor":12,"turns":1},{"damage":0,"enemies":"3 Sentries","floor":14,"turns":2},{"damage":1,"enemies":"Slime Boss","floor":16,"turns":3},{"damage":0,"enemies":"Chosen","floor":18,"turns":1},{"damage":0,"enemies":"Spheric Guardian","floor":20,"turns":1},{"damage":0,"enemies":"Snake Plant","floor":27,"turns":1},{"damage":0,"enemies":"Book of Stabbing","floor":28,"turns":1},{"damage":0,"enemies":"Cultist and Chosen","floor":29,"turns":2},{"damage":0,"enemies":"Gremlin Leader","floor":30,"turns":1},{"damage":0,"enemies":"Snecko","floor":31,"turns":1},{"damage":0,"enemies":"Automaton","floor":33,"turns":2},{"damage":16,"enemies":"3 Shapes","floor":35,"turns":2},{"damage":0,"enemies":"3 Darklings","floor":38,"turns":1},{"damage":0,"enemies":"Reptomancer","floor":40,"turns":2},{"damage":0,"enemies":"R_Hoarder","floor":44,"turns":2},{"damage":0,"enemies":"Jaw Worm Horde","floor":48,"turns":1},{"damage":5,"enemies":"Donu and Deca","floor":50,"turns":2},{"damage":0,"enemies":"Shield and Spear","floor":54,"turns":1},{"damage":30,"enemies":"The Heart","floor":55,"turns":3}],"seed_played":"6356704912407763607","potions_obtained":[{"floor":1,"key":"SpeedPotion"},{"floor":8,"key":"Swift Potion"},{"floor":10,"key":"TheCursedMod:DregsPotion"},{"floor":12,"key":"Weak Potion"},{"floor":18,"key":"BlessingOfTheForge"},{"floor":54,"key":"DuplicationPotion"}],"is_trial":false,"path_per_floor":["M","?","T","$","M","E","M","E","T","M","E","M","?","E","R","B",null,"M","?","M","?","$","R","$","T","T","M","E","M","E","M","R_BF","B",null,"M","?","$","M","?","E","?","?","T","E","AVR","R","$","M","R_BF","B",null,"R","$","E","B",null],"character_chosen":"THE_CURSED","items_purchased":["Membership Card","Mango","aspiration:Lifesprig","Bronze Scales","StuffTheSpire:PlasmaPunch","Chemical X","TheCursedMod:CursedBoomerang","TheCursedMod:RapidMovement","StrikeDummy","TheCursedMod:SpitefulStrike","Vajra","CaptainsWheel","infinitespire:Bottled Soul","TheCursedMod:SurpriseAttack","TheCursedMod:BloodyHarpoon","TheCursedMod:VitalStrike+1","TheCursedMod:AshesToAshes","TheCursedMod:Stigma","aspiration:HatOfInfinitePower","Lizard Tail","ReplayTheSpireMod:Private Reserves+1","TheCursedMod:SurpriseAttack","TheCursedMod:SpitefulPray+1","TheCursedMod:FuryStrike","infinitespire:WardingShard","aspiration:Nostalgia"],"campfire_rested":1,"item_purchase_floors":[0,0,0,0,0,0,0,0,4,4,22,22,24,24,37,37,37,37,47,47,47,47,53,53,53,53],"current_hp_per_floor":[35,35,35,35,35,35,35,24,24,24,24,24,24,24,50,74,85,85,28,28,28,43,43,58,58,58,58,58,58,58,58,84,89,89,73,82,89,89,89,89,89,89,89,89,89,89,89,89,89,84,88,88,89,89,59],"gold":92,"neow_bonus":"","is_daily":false,"chose_seed":false,"campfire_upgraded":3,"win_rate":0.0,"timestamp":1608355743,"path_taken":["M","?","?","$","M","E","M","E","T","M","E","M","?","E","R","BOSS","M","?","?","?","$","R","?","?","T","?","E","M","E","M","R_BF","BOSS","M","?","$","M","?","E","?","?","T","E","AVR","R","?","M","R_BF","BOSS","R","$","E","BOSS"],"items_purchased_type":["Relic","Relic","Relic","Relic","Card","Relic","Card","Card","Relic","Card","Relic","Relic","Relic","Card","Relic","Card","Card","Card","Relic","Relic","Card","Card","Card","Card","Relic","Relic"],"build_version":"2020-12-13","purchased_purges":0,"victory":true,"max_hp_per_floor":[89,89,89,89,89,89,89,89,89,89,89,89,89,89,89,89,89,89,89,89,89,89,89,89,89,89,89,89,89,89,89,89,89,89,89,89,89,89,89,89,89,89,89,89,89,89,89,89,89,89,89,89,89,89,89],"card_choices":[{"not_picked":["TheCursedMod:CircleOfFlame","TheCursedMod:Torture"],"picked":"TheCursedMod:SurpriseAttack","floor":1},{"not_picked":["TheCursedMod:Grudge","TheCursedMod:SpitefulPlan"],"picked":"TheCursedMod:AshesToAshes","floor":5},{"not_picked":["TheCursedMod:CursedMace","TheCursedMod:ManaBullet"],"picked":"TheCursedMod:SurpriseAttack","floor":6},{"not_picked":["TheCursedMod:FleshFromBone","TheCursedMod:StingEye"],"picked":"TheCursedMod:TacticalStrike","floor":7},{"not_picked":["TheCursedMod:Evocation","TheCursedMod:SpreadPlague"],"picked":"TheCursedMod:SurpriseAttack","floor":8},{"not_picked":["TheCursedMod:SaltUponWound","TheCursedMod:CursedMace","TheCursedMod:Grudge"],"picked":"SKIP","floor":10},{"not_picked":["TheCursedMod:LuckyCharm","TheCursedMod:CircleOfWindfury"],"picked":"TheCursedMod:CursedShiv","floor":11},{"not_picked":["TheCursedMod:CircleOfWindfury","TheCursedMod:ReleasedStrength"],"picked":"TheCursedMod:SpitefulPray","floor":12},{"not_picked":["TheCursedMod:SoulCrush","TheCursedMod:CircleOfCorruption","TheCursedMod:CursedAmulet"],"picked":"SKIP","floor":14},{"not_picked":["TheCursedMod:ParallelWorld","TheCursedMod:UltimatePain"],"picked":"TheCursedMod:ManaCirculation","floor":16},{"not_picked":["TheCursedMod:CursedAmulet","TheCursedMod:PrepareRite","TheCursedMod:Wield"],"picked":"SKIP","floor":18},{"not_picked":["TheCursedMod:CursedAmulet+1","TheCursedMod:SaltUponWound"],"picked":"TheCursedMod:SurpriseAttack","floor":20},{"not_picked":["TheCursedMod:Mangle","TheCursedMod:CircleOfCorruption+1","TheCursedMod:SmokeScreen"],"picked":"SKIP","floor":27},{"not_picked":["TheCursedMod:SoulReap","TheCursedMod:CursedArmor"],"picked":"TheCursedMod:OutForBlood","floor":28},{"not_picked":["TheCursedMod:DoubleShield","TheCursedMod:CircleOfBlood","TheCursedMod:SoulCrush+1"],"picked":"SKIP","floor":29},{"not_picked":["TheCursedMod:Obscuration","TheCursedMod:RavingStaff+1"],"picked":"TheCursedMod:NeowsMight","floor":30},{"not_picked":["TheCursedMod:Obscuration","TheCursedMod:FleshFromBone+1"],"picked":"TheCursedMod:StingEye+1","floor":31},{"not_picked":["TheCursedMod:SmokeScreen+1","TheCursedMod:Wield+1"],"picked":"TheCursedMod:AshesToAshes","floor":35},{"not_picked":["TheCursedMod:StingEye","TheCursedMod:Stigma+1"],"picked":"TheCursedMod:AshesToAshes+1","floor":38},{"not_picked":["TheCursedMod:SurpriseAttack","TheCursedMod:BloodBarrier+1"],"picked":"TheCursedMod:CursedSpellbook+1","floor":40},{"not_picked":["TheCursedMod:AshesToAshes","TheCursedMod:Obscuration+1"],"picked":"TheCursedMod:CursedSpellbook+1","floor":44},{"not_picked":["TheCursedMod:SpreadPlague","TheCursedMod:CursedBlade"],"picked":"TheCursedMod:SpitefulStrike+1","floor":48},{"not_picked":["TheCursedMod:Wield","TheCursedMod:CircleOfFlame+1"],"picked":"TheCursedMod:CollectTribute","floor":54}],"player_experience":2587649,"relics_obtained":[{"floor":6,"key":"aspiration:TomeofQuesting"},{"floor":8,"key":"Onion Ring"},{"floor":9,"key":"MealTicket"},{"floor":11,"key":"Iron Hammer"},{"floor":14,"key":"Pantograph"},{"floor":25,"key":"aspiration:FrozenJewel"},{"floor":26,"key":"Blue Doll"},{"floor":28,"key":"aspiration:Stabinomicon"},{"floor":30,"key":"Ginger"},{"floor":40,"key":"HornCleat"},{"floor":43,"key":"ReplayTheSpireMod:TigerMarble"},{"floor":44,"key":"Pondfish Scales"},{"floor":54,"key":"Oddly Smooth Stone"}],"event_choices":[{"damage_healed":0,"gold_gain":540,"player_choice":"GOLD GOLD GOLD GOLD GOLD GOLD ","damage_taken":57,"max_hp_gain":0,"max_hp_loss":0,"event_name":"Knowing Skull","floor":19,"potions_obtained":[],"gold_loss":0,"cards_obtained":[]},{"damage_healed":0,"gold_gain":0,"player_choice":"Traded Relic","damage_taken":0,"relics_obtained":["Nloth\u0027s Gift"],"max_hp_gain":0,"max_hp_loss":0,"event_name":"N\u0027loth","floor":21,"relics_lost":["Mango"],"gold_loss":0},{"cards_removed":["TheCursedMod:RapidMovement"],"damage_healed":0,"gold_gain":0,"player_choice":"Removed Skill","damage_taken":0,"max_hp_gain":0,"max_hp_loss":0,"event_name":"Falling","floor":39,"gold_loss":0},{"damage_healed":0,"gold_gain":0,"player_choice":"Ignored","damage_taken":0,"max_hp_gain":0,"max_hp_loss":0,"event_name":"Tomb of Lord Red Mask","floor":41,"gold_loss":0}],"is_beta":false,"boss_relics":[{"not_picked":["aspiration:FutureDiary","aspiration:RunicSpoon","Snecko Eye"]},{"not_picked":["aspiration:RitualDagger","Kintsugi"],"picked":"Coffee Dripper"}],"items_purged_floors":[],"is_endless":false,"potions_floor_spawned":[1,8,10,12,18,27,29,33,35,38,54],"ascension_level":10}}