{"host":"4qkvkh7pd9qr2mca","time":1608407117,"event":{"mods":["AchievementEnabler","BaseMod","Colored Map","Colored Powertips","Highlight Path","Minty Spire (QoL Compilation)","Permanent Neow","Quick Restart","StSLib","SuperFastMode"],"gold_per_floor":[119,119,119,139,153,193,193,212,212,251,251,286,286,19,19,108,108,128,24,43,59,73,73,92,135,158,79,94,94,108,108,108,206,206,231,231,247,45,45,45,84,84,108,146,164,197,213,227,227,227,227],"floor_reached":52,"playtime":2963,"items_purged":[],"score":2214,"play_id":"4773f549-6952-4f49-9e1d-247b6b32c3fc","local_time":"20201219204517","is_ascension_mode":true,"campfire_choices":[{"data":"Envenom","floor":7.0,"key":"SMITH"},{"floor":11.0,"key":"REST"},{"floor":13.0,"key":"REST"},{"data":"After Image","floor":15.0,"key":"SMITH"},{"floor":23,"key":"REST"},{"data":"Well Laid Plans","floor":29,"key":"SMITH"},{"floor":32,"key":"REST"},{"data":"After Image","floor":40,"key":"SMITH"},{"data":"Footwork","floor":42,"key":"SMITH"},{"floor":49,"key":"REST"}],"circlet_count":0,"master_deck":["AscendersBane","Survivor","Neutralize","After Image+1","Masterful Stab","Blade Dance","Leg Sweep","Envenom+1","Flying Knee","Footwork+1","PiercingWail","Die Die Die","Dagger Spray","Tools of the Trade","Adrenaline","Malaise","Blur","Dodge and Roll+1","Endless Agony","Backstab","Slice","Cloak And Dagger","Dodge and Roll","Escape Plan","Blade Dance","Slice+1","Cloak And Dagger+1","Well Laid Plans+1","Noxious Fumes+1","After Image+1","Leg Sweep","Acrobatics+1","Master of Strategy","Cloak And Dagger+1","Deflect+1"],"relics":["Ring of the Snake","Golden Idol","Omamori","Smiling Mask","Paper Crane","Shuriken","Ornamental Fan","Pandora\u0027s Box","Lantern","Boot","Cursed Key","Sundial","War Paint","Bottled Tornado","MealTicket"],"acts_visited":["Exordium","TheCity","TheBeyond"],"potions_floor_usage":[20,25,28,51],"damage_taken":[{"damage":2.0,"enemies":"Small Slimes","floor":1.0,"turns":5.0},{"damage":5.0,"enemies":"Jaw Worm","floor":4.0,"turns":4.0},{"damage":0.0,"enemies":"Cultist","floor":5.0,"turns":4.0},{"damage":20.0,"enemies":"Gremlin Nob","floor":6.0,"turns":4.0},{"damage":1.0,"enemies":"Exordium Wildlife","floor":8.0,"turns":6.0},{"damage":11.0,"enemies":"Lagavulin","floor":10.0,"turns":9.0},{"damage":13.0,"enemies":"3 Sentries","floor":12.0,"turns":13.0},{"damage":28,"enemies":"Slime Boss","floor":16,"turns":16},{"damage":8,"enemies":"2 Thieves","floor":18,"turns":3},{"damage":7,"enemies":"Spheric Guardian","floor":20,"turns":4},{"damage":3,"enemies":"Chosen and Byrds","floor":21,"turns":7},{"damage":0,"enemies":"Shelled Parasite and Fungi","floor":22,"turns":6},{"damage":5,"enemies":"Sentry and Sphere","floor":24,"turns":6},{"damage":0,"enemies":"Gremlin Leader","floor":25,"turns":6},{"damage":4,"enemies":"Snecko","floor":28,"turns":7},{"damage":0,"enemies":"Centurion and Healer","floor":30,"turns":5},{"damage":0,"enemies":"Automaton","floor":33,"turns":9},{"damage":0,"enemies":"Orb Walker","floor":35,"turns":3},{"damage":12,"enemies":"3 Shapes","floor":37,"turns":3},{"damage":0,"enemies":"Reptomancer","floor":41,"turns":8},{"damage":0,"enemies":"Giant Head","floor":44,"turns":8},{"damage":24,"enemies":"3 Darklings","floor":45,"turns":4},{"damage":0,"enemies":"Nemesis","floor":46,"turns":9},{"damage":0,"enemies":"Sphere and 2 Shapes","floor":47,"turns":7},{"damage":0,"enemies":"Transient","floor":48,"turns":6},{"damage":9,"enemies":"Donu and Deca","floor":50,"turns":11},{"damage":6,"enemies":"Time Eater","floor":51,"turns":18}],"seed_played":"3804676940370462357","potions_obtained":[{"floor":1.0,"key":"BlessingOfTheForge"},{"floor":4.0,"key":"Explosive Potion"},{"floor":16,"key":"Energy Potion"},{"floor":18,"key":"Block Potion"},{"floor":24,"key":"Fire Potion"},{"floor":28,"key":"FairyPotion"},{"floor":33,"key":"SpeedPotion"},{"floor":45,"key":"Swift Potion"},{"floor":47,"key":"GhostInAJar"}],"is_trial":false,"path_per_floor":["M","?","?","M","M","E","R","M","T","E","R","E","R","$","R","B",null,"M","$","M","M","M","R","M","E","T","$","M","R","M","?","R","B",null,"M","?","M","$","?","R","E","R","T","E","M","E","M","M","R","B","B",null],"character_chosen":"THE_SILENT","items_purchased":["Ornamental Fan","Cloak And Dagger","Dodge and Roll","Well Laid Plans","Master of Strategy"],"campfire_rested":5,"item_purchase_floors":[14,19,19,27,38],"current_hp_per_floor":[57,54,54,49,49,29,29,28,28,17,33,20,36,36,36,8,43,35,35,28,25,25,41,36,36,36,36,32,32,32,32,48,48,53,53,53,41,41,41,41,41,41,41,41,17,17,17,17,33,24,18],"gold":227,"neow_bonus":"THREE_RARE_CARDS","is_daily":false,"chose_seed":false,"campfire_upgraded":5,"win_rate":0.0,"timestamp":1608407117,"path_taken":["M","?","?","?","M","E","R","M","T","E","R","E","R","$","R","BOSS","M","$","M","M","M","R","M","E","T","$","M","R","M","?","R","BOSS","M","?","M","$","?","R","E","R","T","E","M","E","?","M","R","BOSS","BOSS"],"items_purchased_type":["Relic","Card","Card","Card","Card"],"build_version":"2020-12-13","purchased_purges":0,"victory":true,"max_hp_per_floor":[60,54,54,54,54,54,54,54,54,54,54,54,54,54,54,54,54,54,54,54,54,54,54,54,54,54,54,54,54,54,54,54,54,54,54,54,54,54,54,54,54,54,54,54,54,54,54,54,54,54,54],"card_choices":[{"not_picked":["Corpse Explosion","Bullet Time"],"picked":"After Image","floor":0.0},{"not_picked":["Heel Hook","Outmaneuver"],"picked":"Masterful Stab","floor":1.0},{"not_picked":["Cloak And Dagger","Underhanded Strike"],"picked":"Blade Dance","floor":4.0},{"not_picked":["Cloak And Dagger","Blade Dance"],"picked":"Leg Sweep","floor":5.0},{"not_picked":["Dodge and Roll","Slice"],"picked":"Envenom","floor":6.0},{"not_picked":["Quick Slash","Acrobatics"],"picked":"Flying Knee","floor":8.0},{"not_picked":["Flying Knee","Concentrate"],"picked":"Footwork","floor":10.0},{"not_picked":["Deflect","Backflip"],"picked":"PiercingWail","floor":12.0},{"not_picked":["Doppelganger","Bullet Time"],"picked":"Die Die Die","floor":16},{"not_picked":["Reflex","Caltrops"],"picked":"Slice","floor":18},{"not_picked":["Flying Knee","Deadly Poison"],"picked":"Escape Plan","floor":20},{"not_picked":["Skewer+1","Deflect"],"picked":"Blade Dance","floor":21},{"not_picked":["Crippling Poison","Expertise"],"picked":"Slice+1","floor":22},{"not_picked":["Deflect","Bouncing Flask"],"picked":"Cloak And Dagger","floor":24},{"not_picked":["Deadly Poison","Bouncing Flask","Doppelganger"],"picked":"SKIP","floor":25},{"not_picked":["Infinite Blades","Masterful Stab","All Out Attack"],"picked":"SKIP","floor":28},{"not_picked":["Deadly Poison","Dodge and Roll"],"picked":"Noxious Fumes+1","floor":30},{"not_picked":["Malaise","Unload"],"picked":"After Image","floor":33},{"not_picked":["Caltrops+1","Flying Knee"],"picked":"Leg Sweep","floor":35},{"not_picked":["Setup","Quick Slash+1"],"picked":"Acrobatics+1","floor":37},{"not_picked":["Prepared+1","Die Die Die"],"picked":"Cloak And Dagger+1","floor":41},{"not_picked":["Outmaneuver","Dash"],"picked":"Deflect+1","floor":44},{"not_picked":["Backstab","All Out Attack+1","Well Laid Plans"],"picked":"SKIP","floor":45},{"not_picked":["Outmaneuver+1","Deadly Poison","Heel Hook"],"picked":"SKIP","floor":46},{"not_picked":["PiercingWail","Flying Knee","Heel Hook"],"picked":"SKIP","floor":47},{"not_picked":["Poisoned Stab","Slice+1","Cloak And Dagger"],"picked":"SKIP","floor":48}],"player_experience":459782,"relics_obtained":[{"floor":6.0,"key":"Omamori"},{"floor":9.0,"key":"Smiling Mask"},{"floor":10.0,"key":"Paper Crane"},{"floor":12.0,"key":"Shuriken"},{"floor":25,"key":"Lantern"},{"floor":26,"key":"Boot"},{"floor":41,"key":"Sundial"},{"floor":43,"key":"War Paint"},{"floor":44,"key":"Bottled Tornado"},{"floor":46,"key":"MealTicket"}],"event_choices":[{"damage_healed":0.0,"max_hp_gain":0.0,"max_hp_loss":6.0,"gold_gain":0.0,"event_name":"Golden Idol","player_choice":"Lose Max HP","floor":2.0,"gold_loss":0.0,"damage_taken":0.0,"relics_obtained":["Golden Idol"]},{"cards_removed":["Strike_G"],"damage_healed":0.0,"max_hp_gain":0.0,"max_hp_loss":0.0,"gold_gain":0.0,"event_name":"Purifier","player_choice":"Purged","floor":3.0,"gold_loss":0.0,"damage_taken":0.0},{"damage_healed":0,"gold_gain":0,"player_choice":"Ignored","damage_taken":0,"max_hp_gain":0,"max_hp_loss":0,"event_name":"Ghosts","floor":31,"gold_loss":0},{"cards_removed":["All Out Attack"],"damage_healed":0,"gold_gain":0,"player_choice":"Removed Attack","damage_taken":0,"max_hp_gain":0,"max_hp_loss":0,"event_name":"Falling","floor":36,"gold_loss":0},{"damage_healed":0,"gold_gain":0,"player_choice":"Ignored","damage_taken":0,"max_hp_gain":0,"max_hp_loss":0,"event_name":"SecretPortal","floor":39,"gold_loss":0}],"is_beta":false,"boss_relics":[{"not_picked":["Ectoplasm","Runic Pyramid"],"picked":"Pandora\u0027s Box"},{"not_picked":["Astrolabe","Velvet Choker"],"picked":"Cursed Key"}],"items_purged_floors":[],"is_endless":false,"potions_floor_spawned":[1,4,16,18,24,28,33,37,44,45,47],"ascension_level":20}}