{"host":"m1ntkrf87179kmo6","time":1608419784,"event":{"mods":["BaseMod","Better Third Choice","Minty Spire (QoL Compilation)","Shade Mod","StSLib"],"gold_per_floor":[119,69,69,83,96,96,108,108,108,127,142,161,161,13,13,114,114,126,138,138,138,63,83,83,83,83],"floor_reached":25,"playtime":1760,"items_purged":[],"score":245,"play_id":"a8b0a379-cca7-478c-9fa0-f2923d4a1e75","local_time":"20201219181624","is_ascension_mode":false,"campfire_choices":[{"floor":6,"key":"RECALL"},{"data":"Shade:AnimateDead","floor":8,"key":"SMITH"},{"data":"Shade:Brains","floor":13,"key":"SMITH"},{"data":"Shade:TouchOfTheGrave","floor":15,"key":"SMITH"},{"floor":24,"key":"REST"}],"circlet_count":0,"master_deck":["Shade:Strike_Shade","Shade:Strike_Shade","Shade:Strike_Shade","Shade:Defend_Shade","Shade:Defend_Shade","Shade:Defend_Shade","Shade:Defend_Shade","Shade:AnimateDead+1","Shade:CarefulCut","Shade:Brains+1","Shade:ClawBack","Shade:TouchOfTheGrave+1","Shade:Bite_Shade","Shade:Asphyxiate","Shade:RitualOffering+1"],"relics":["Shade:YorickSkull","Oddly Smooth Stone","Mummified Hand"],"acts_visited":["Exordium","TheCity"],"potions_floor_usage":[5,7,12,16,19],"damage_taken":[{"damage":0,"enemies":"Jaw Worm","floor":1,"turns":4},{"damage":0,"enemies":"Small Slimes","floor":4,"turns":3},{"damage":0,"enemies":"Cultist","floor":5,"turns":3},{"damage":1,"enemies":"Large Slime","floor":7,"turns":5},{"damage":0,"enemies":"Blue Slaver","floor":10,"turns":4},{"damage":0,"enemies":"Looter","floor":11,"turns":3},{"damage":10,"enemies":"Exordium Wildlife","floor":12,"turns":9},{"damage":0,"enemies":"Slime Boss","floor":16,"turns":7},{"damage":52,"enemies":"3 Byrds","floor":18,"turns":9},{"damage":20,"enemies":"Shell Parasite","floor":19,"turns":5},{"damage":12,"enemies":"Snake Plant","floor":23,"turns":5},{"damage":29,"enemies":"Book of Stabbing","floor":25,"turns":5}],"seed_played":"-3673003399232224852","potions_obtained":[{"floor":4,"key":"DistilledChaos"},{"floor":5,"key":"FearPotion"},{"floor":7,"key":"DuplicationPotion"},{"floor":12,"key":"ColorlessPotion"},{"floor":18,"key":"Explosive Potion"}],"is_trial":false,"path_per_floor":["M","?","?","M","M","R","M","R","T","M","M","M","R","$","R","B",null,"M","M","?","?","?","M","R","E"],"character_chosen":"SHADE","items_purchased":["Shade:TouchOfTheGrave","Shade:Bite_Shade"],"campfire_rested":1,"item_purchase_floors":[14,14],"current_hp_per_floor":[71,71,71,71,71,71,70,70,70,70,70,60,60,60,60,64,71,27,13,13,13,13,3,24,0,0],"gold":83,"neow_bonus":"TEN_PERCENT_HP_BONUS","is_daily":false,"chose_seed":false,"campfire_upgraded":3,"win_rate":0.0,"timestamp":1608419784,"path_taken":["M","?","?","M","?","R","M","R","T","M","M","M","R","$","R","BOSS","M","M","?","?","?","M","R","E"],"items_purchased_type":["Card","Card"],"build_version":"2020-12-13","purchased_purges":0,"victory":false,"max_hp_per_floor":[71,71,71,71,71,71,71,71,71,71,71,71,71,71,71,71,71,71,71,71,71,71,71,71,71,71],"card_choices":[{"not_picked":["Shade:GraveStillness","Shade:Bonestorm","Shade:PoundOfFlesh"],"picked":"SKIP","floor":1},{"not_picked":["Shade:FleshToFlesh","Shade:CloudOfShrapnel"],"picked":"Shade:Brains","floor":4},{"not_picked":["Shade:SkeletonHug","Shade:StitchTogether","Shade:FreshBones"],"picked":"SKIP","floor":5},{"not_picked":["Shade:CommandSoldier","Shade:RavenousHorde","Shade:FleshToFlesh"],"picked":"SKIP","floor":7},{"not_picked":["Shade:WallOfFlesh","Shade:OpenGraves"],"picked":"Shade:ClawBack","floor":10},{"not_picked":["Shade:GraveStillness","Shade:SanguineRitual","Shade:CallOfTheGrave"],"picked":"SKIP","floor":11},{"not_picked":["Shade:Trample","Shade:DangerousRitual","Shade:GraveStillness"],"picked":"SKIP","floor":12},{"not_picked":["Shade:RitualOffering+1","Shade:ScuttlingHand"],"picked":"Shade:Asphyxiate","floor":18},{"not_picked":["Shade:SkeletonHug","Shade:SpectralStrikes"],"picked":"Shade:RitualOffering+1","floor":19},{"not_picked":["Shade:CoffinDance+1","Shade:PotionOfRestlessness","Shade:Frenzy+1"],"picked":"SKIP","floor":23}],"player_experience":1073824,"relics_obtained":[{"floor":9,"key":"Oddly Smooth Stone"}],"event_choices":[{"cards_removed":["Shade:Strike_Shade"],"damage_healed":0,"gold_gain":0,"player_choice":"Card Removal","damage_taken":0,"max_hp_gain":0,"max_hp_loss":0,"event_name":"The Cleric","floor":2,"gold_loss":50},{"damage_healed":0,"gold_gain":0,"player_choice":"Ignored","damage_taken":0,"max_hp_gain":0,"max_hp_loss":0,"event_name":"NoteForYourself","floor":3,"gold_loss":0},{"damage_healed":0,"gold_gain":0,"player_choice":"Smashed Altar","damage_taken":0,"max_hp_gain":0,"max_hp_loss":0,"event_name":"Forgotten Altar","floor":20,"gold_loss":0,"cards_obtained":["Decay"]},{"damage_healed":0,"gold_gain":0,"player_choice":"Opened","damage_taken":0,"relics_obtained":["Mummified Hand"],"max_hp_gain":0,"max_hp_loss":0,"event_name":"The Mausoleum","floor":21,"gold_loss":0},{"cards_removed":["Decay"],"damage_healed":0,"gold_gain":0,"player_choice":"Gave Gold","damage_taken":0,"max_hp_gain":0,"max_hp_loss":0,"event_name":"Beggar","floor":22,"gold_loss":75}],"is_beta":false,"boss_relics":[{"not_picked":["Snecko Eye","Fusion Hammer","Astrolabe"]}],"items_purged_floors":[],"is_endless":false,"potions_floor_spawned":[4,5,7,12,18],"killed_by":"Book of Stabbing","ascension_level":0}}