{"host":"7yyoe0ei0fseceei","time":1608392602,"event":{"mods":["BaseMod","Colored Map","Highlight Path","Minty Spire (QoL Compilation)","Quick Restart"],"gold_per_floor":[116,127,141,152,152,181,152,152,152,163,163,163,163,27,27,99,99,109,159,79,99,118,118,132,89,89,89,89],"floor_reached":27,"playtime":717,"items_purged":[],"score":446,"play_id":"26076667-097a-4c8d-8d08-2ffff0e42aef","local_time":"20201219164322","is_ascension_mode":true,"campfire_choices":[{"data":"Glass Knife","floor":8.0,"key":"SMITH"},{"floor":15.0,"key":"REST"},{"floor":23,"key":"REST"}],"circlet_count":0,"master_deck":["AscendersBane","Strike_G","Strike_G","Strike_G","Strike_G","Strike_G","Defend_G","Defend_G","Defend_G","Defend_G","Defend_G","Survivor","Neutralize","Bane","Flying Knee","All Out Attack+1","Quick Slash","Glass Knife+1","Slice","Bouncing Flask","Unload","Bouncing Flask","Acrobatics+1","Slice","All Out Attack","Tactician"],"relics":["Ring of the Snake","NeowsBlessing","Blood Vial","Snake Skull","Sozu","Darkstone Periapt","The Courier"],"acts_visited":["Exordium","TheCity"],"potions_floor_usage":[18],"damage_taken":[{"damage":0.0,"enemies":"Small Slimes","floor":1.0,"turns":2.0},{"damage":0.0,"enemies":"2 Louse","floor":2.0,"turns":1.0},{"damage":0.0,"enemies":"Cultist","floor":3.0,"turns":1.0},{"damage":8.0,"enemies":"Large Slime","floor":4.0,"turns":7.0},{"damage":22.0,"enemies":"3 Sentries","floor":6.0,"turns":7.0},{"damage":20.0,"enemies":"Gremlin Gang","floor":10.0,"turns":4.0},{"damage":0.0,"enemies":"Lagavulin","floor":13.0,"turns":2.0},{"damage":13.0,"enemies":"Hexaghost","floor":16.0,"turns":9.0},{"damage":33,"enemies":"Shell Parasite","floor":18,"turns":4},{"damage":20,"enemies":"2 Thieves","floor":21,"turns":3},{"damage":7,"enemies":"Snecko","floor":22,"turns":4},{"damage":13,"enemies":"Chosen and Byrds","floor":24,"turns":5},{"damage":13,"enemies":"Shelled Parasite and Fungi","floor":27,"turns":1}],"seed_played":"7723621724425826665","potions_obtained":[{"floor":4.0,"key":"Dexterity Potion"},{"floor":12.0,"key":"Swift Potion"},{"floor":12.0,"key":"SmokeBomb"},{"floor":16.0,"key":"DuplicationPotion"}],"is_trial":false,"path_per_floor":["M","M","M","M","?","E","$","R","T","M","?","?","E","$","R","B",null,"M","?","?","M","M","R","M","$","T","M"],"character_chosen":"THE_SILENT","items_purchased":["Slice","DistilledChaos","FearPotion","Tactician"],"campfire_rested":2,"item_purchase_floors":[7,14,14,25],"current_hp_per_floor":[59,59,59,51,51,29,29,29,29,11,11,11,13,13,32,21,55,24,24,24,6,1,20,9,9,9,0,0],"gold":89,"neow_bonus":"THREE_ENEMY_KILL","is_daily":false,"chose_seed":false,"campfire_upgraded":1,"win_rate":0.0,"timestamp":1608392602,"path_taken":["M","M","M","M","?","E","$","R","T","M","?","?","E","$","R","BOSS","M","?","?","M","M","R","M","$","T","M"],"items_purchased_type":["Card","Potion","Potion","Card"],"build_version":"2020-12-13","purchased_purges":0,"victory":false,"max_hp_per_floor":[66,66,66,66,66,66,66,66,66,66,66,66,66,66,66,66,66,66,66,66,66,66,66,66,66,66,66,66],"card_choices":[{"not_picked":["Dagger Throw","Deflect"],"picked":"Bane","floor":1.0},{"not_picked":["Dagger Spray","Sucker Punch"],"picked":"Flying Knee","floor":2.0},{"not_picked":["Tools of the Trade","Backflip"],"picked":"All Out Attack","floor":3.0},{"not_picked":["Prepared","Acrobatics"],"picked":"Quick Slash","floor":4.0},{"not_picked":["Adrenaline","Noxious Fumes"],"picked":"Glass Knife","floor":6.0},{"not_picked":["Predator","Calculated Gamble"],"picked":"Bouncing Flask","floor":10.0},{"not_picked":["Bullet Time","Wraith Form v2"],"picked":"Unload","floor":16.0},{"not_picked":["Backflip","Deadly Poison"],"picked":"Bouncing Flask","floor":18},{"not_picked":["Blade Dance","Sucker Punch"],"picked":"Acrobatics+1","floor":21},{"not_picked":["Dagger Throw","All Out Attack"],"picked":"Slice","floor":22},{"not_picked":["Outmaneuver","Dagger Throw"],"picked":"All Out Attack","floor":24}],"player_experience":906342,"relics_obtained":[{"floor":6.0,"key":"Blood Vial"},{"floor":9.0,"key":"Snake Skull"},{"floor":26,"key":"The Courier"}],"event_choices":[{"damage_healed":0.0,"max_hp_gain":0.0,"max_hp_loss":0.0,"gold_gain":0.0,"event_name":"Living Wall","player_choice":"Grow","floor":5.0,"gold_loss":0.0,"damage_taken":0.0,"cards_upgraded":["All Out Attack"]},{"damage_healed":0.0,"max_hp_gain":0.0,"max_hp_loss":0.0,"gold_gain":0.0,"event_name":"Liars Game","player_choice":"Ignored","floor":11.0,"gold_loss":0.0,"damage_taken":0.0},{"damage_healed":0.0,"max_hp_gain":0.0,"max_hp_loss":0.0,"gold_gain":0.0,"event_name":"Lab","player_choice":"Got Potions","floor":12.0,"gold_loss":0.0,"damage_taken":0.0},{"damage_healed":0,"gold_gain":50,"player_choice":"Stole From Cult","damage_taken":0,"max_hp_gain":0,"max_hp_loss":0,"event_name":"Nest","floor":19,"gold_loss":0},{"damage_healed":0,"gold_gain":0,"player_choice":"Paid Gold","damage_taken":0,"relics_obtained":["Darkstone Periapt"],"max_hp_gain":0,"max_hp_loss":0,"event_name":"WeMeetAgain","floor":20,"gold_loss":80}],"is_beta":false,"boss_relics":[{"not_picked":["Busted Crown","Black Star"],"picked":"Sozu"}],"items_purged_floors":[],"is_endless":false,"potions_floor_spawned":[4,13,16,18,22],"killed_by":"Shelled Parasite and Fungi","ascension_level":20}}