{"host":"2461dio7vetlq1z3","time":1608406028,"event":{"mods":["2.2 Compatiblity","AchievementEnabler","BaseMod","Better Third Choice","Hermit","Marisa????????","Minty Spire (QoL Compilation)","Relic Stats","Spicy Shops","StSLib","Waifu the Spire"],"gold_per_floor":[119,119,119,69,86,125,125,159,213,222,222,47,68,110,110,217,217,240,258,258,183,222,272,272,319,388,388,37,47,100,138,138,254,254,288,288,306,10,28,28,61,91,137,170,197,197,197,224,224,224,224,224,30,65,65,65],"floor_reached":55,"playtime":2834,"items_purged":["Strike_MRS","Defend_MRS","JA"],"score":1433,"play_id":"7e6e8fef-f006-4766-bcd4-bf900c9183d2","local_time":"20201219202708","is_ascension_mode":true,"campfire_choices":[{"data":"GrandCross","floor":7.0,"key":"SMITH"},{"data":"TreasureHunter","floor":11.0,"key":"SMITH"},{"floor":15.0,"key":"REST"},{"floor":24,"key":"REST"},{"floor":32,"key":"REST"},{"data":"1","floor":40,"key":"LIFT"},{"data":"CollectingQuirk","floor":46,"key":"SMITH"},{"floor":49,"key":"RECALL"},{"data":"2","floor":52,"key":"LIFT"}],"circlet_count":0,"master_deck":["AscendersBane","Defend_MRS","MasterSpark+1","UpSweep","MagicAbsorber","GrandCross+1","AsteroidBelt","MeteoricShower+1","TreasureHunter+1","Carnage+1","EnergyFlow","MilkyWay+1","CollectingQuirk+1","StarBarrage+1","Acceleration","SporeBomb","6A","6A+1","Madness","Madness","Master of Strategy","Flash of Steel","BlazeAway+1","UltimateShortwave+1","EnergyFlow+1"],"relics":["MiniHakkero","CeramicFish","StoneCalendar","Regal Pillow","BreadOfAWashokuLover","Darkstone Periapt","Mummified Hand","Calipers","Black Star","MealTicket","Juzu Bracelet","Akabeko","Girya","Orichalcum","Eternal Feather","FaceOfCleric","Thread and Needle","Vajra","CaptainsWheel","Whetstone","SacredBark","WingedGreaves","Singing Bowl","Bottled Tornado","Bag of Marbles","Strawberry","Omamori","Toxic Egg 2","Dream Catcher","WarpedTongs","Lantern","Boot","Bronze Scales","Happy Flower","Anchor"],"acts_visited":["Exordium","TheCity","TheBeyond","TheEnding"],"potions_floor_usage":[23,25,29,30,31,33,33,35,42,50],"damage_taken":[{"damage":0.0,"enemies":"2 Louse","floor":1.0,"turns":3.0},{"damage":4.0,"enemies":"Small Slimes","floor":5.0,"turns":3.0},{"damage":16.0,"enemies":"3 Sentries","floor":6.0,"turns":9.0},{"damage":16.0,"enemies":"Gremlin Nob","floor":8.0,"turns":3.0},{"damage":0.0,"enemies":"Jaw Worm","floor":13.0,"turns":3.0},{"damage":12.0,"enemies":"3 Sentries","floor":14.0,"turns":4.0},{"damage":2.0,"enemies":"Slime Boss","floor":16.0,"turns":4.0},{"damage":8,"enemies":"Chosen","floor":18,"turns":4},{"damage":7,"enemies":"3 Byrds","floor":22,"turns":5},{"damage":26,"enemies":"Book of Stabbing","floor":23,"turns":4},{"damage":41,"enemies":"Slavers","floor":25,"turns":6},{"damage":8,"enemies":"Shelled Parasite and Fungi","floor":29,"turns":4},{"damage":24,"enemies":"Book of Stabbing","floor":30,"turns":4},{"damage":0,"enemies":"Snake Plant","floor":31,"turns":2},{"damage":20,"enemies":"Collector","floor":33,"turns":7},{"damage":10,"enemies":"3 Darklings","floor":35,"turns":6},{"damage":17,"enemies":"Reptomancer","floor":41,"turns":4},{"damage":29,"enemies":"Nemesis","floor":42,"turns":3},{"damage":13,"enemies":"Giant Head","floor":44,"turns":6},{"damage":0,"enemies":"Orb Walker","floor":45,"turns":2},{"damage":32,"enemies":"Reptomancer","floor":48,"turns":5},{"damage":33,"enemies":"Awakened One","floor":50,"turns":7},{"damage":29,"enemies":"Shield and Spear","floor":54,"turns":3},{"damage":106,"enemies":"The Heart","floor":55,"turns":6}],"seed_played":"2301066623302033052","potions_obtained":[{"floor":6.0,"key":"Explosive Potion"},{"floor":8.0,"key":"GamblersBrew"},{"floor":13.0,"key":"Strength Potion"},{"floor":16.0,"key":"BottledSpark"},{"floor":22,"key":"ColorlessPotion"},{"floor":23,"key":"SkillPotion"},{"floor":25,"key":"AttackPotion"},{"floor":29,"key":"DistilledChaos"},{"floor":30,"key":"Dexterity Potion"},{"floor":31,"key":"Strength Potion"},{"floor":33,"key":"EssenceOfSteel"},{"floor":35,"key":"PowerPotion"},{"floor":45,"key":"ColorlessPotion"},{"floor":54,"key":"Explosive Potion"}],"is_trial":false,"path_per_floor":["M","?","?","?","M","E","R","E","T","?","R","$","M","E","R","B",null,"M","?","?","?","M","E","R","E","T","?","$","M","E","M","R","B",null,"M","?","?","$","?","R","E","E","T","E","M","R","?","E","R","B",null,"R","$","E","B"],"character_chosen":"MARISA","items_purchased":["Acceleration","Thread and Needle","WingedGreaves","UltimateShortwave+1"],"campfire_rested":3,"item_purchase_floors":[28,28,38,53],"current_hp_per_floor":[68,68,61,61,57,41,41,25,25,17,17,17,18,8,45,45,68,62,62,48,48,43,18,57,17,17,17,32,26,17,18,70,51,86,77,77,65,80,70,82,68,49,49,39,40,52,52,23,35,3,90,102,117,89,0,0],"gold":65,"neow_bonus":"TRANSFORM_CARD","is_daily":false,"chose_seed":false,"campfire_upgraded":3,"win_rate":0.0,"timestamp":1608406028,"path_taken":["M","?","?","?","M","E","R","E","T","?","R","?","?","E","R","BOSS","M","?","?","?","M","E","R","E","T","?","$","M","E","M","R","BOSS","M","?","?","?","?","R","E","E","T","E","M","R","?","E","R","BOSS","R","$","E","BOSS"],"items_purchased_type":["Card","Relic","Relic","Card"],"build_version":"2020-12-13","purchased_purges":3,"victory":false,"max_hp_per_floor":[75,75,75,75,75,75,75,75,75,75,75,75,75,75,75,75,75,75,75,80,80,80,80,80,80,80,80,80,81,95,96,96,97,97,98,98,98,98,98,98,101,111,111,114,115,115,115,118,118,119,119,119,119,120,120,120],"relic_stats":{"Darkstone Periapt":0,"Regal Pillow":45,"Singing Bowl":8,"Happy Flower":[2],"counters":[24,107],"CeramicFish":198,"StoneCalendar":[0],"Eternal Feather":57,"Juzu Bracelet":2,"Whetstone":["MasterSpark","MeteoricShower"],"Orichalcum":[42],"Boot":[1],"WarpedTongs":[18],"Dream Catcher":0,"FaceOfCleric":12,"Mummified Hand":[39],"Bronze Scales":[134],"MealTicket":45,"Black Star":8,"obtain_stats":[{"Darkstone Periapt":14,"Regal Pillow":9,"Lantern":48,"Calipers":16,"Singing Bowl":41,"CeramicFish":6,"SacredBark":34,"Vajra":30,"StoneCalendar":8,"Juzu Bracelet":23,"Whetstone":30,"Bottled Tornado":41,"Boot":48,"Dream Catcher":44,"FaceOfCleric":27,"Mummified Hand":14,"Strawberry":42,"MealTicket":23,"WingedGreaves":38,"Toxic Egg 2":44,"Girya":25,"Happy Flower":54,"BreadOfAWashokuLover":10,"Eternal Feather":26,"Thread and Needle":28,"Omamori":42,"Orichalcum":25,"Akabeko":25,"WarpedTongs":47,"CaptainsWheel":30,"Anchor":54,"Bronze Scales":48,"Black Star":17,"Bag of Marbles":42,"MiniHakkero":0},{"Darkstone Periapt":6,"Regal Pillow":4,"Lantern":21,"Calipers":7,"Singing Bowl":17,"CeramicFish":3,"SacredBark":15,"Vajra":13,"StoneCalendar":4,"Juzu Bracelet":10,"Whetstone":13,"Bottled Tornado":17,"Boot":21,"Dream Catcher":19,"FaceOfCleric":11,"Mummified Hand":6,"Strawberry":18,"MealTicket":10,"WingedGreaves":16,"Toxic Egg 2":19,"Girya":11,"Happy Flower":23,"BreadOfAWashokuLover":4,"Eternal Feather":11,"Thread and Needle":11,"Omamori":18,"Orichalcum":11,"Akabeko":11,"WarpedTongs":20,"CaptainsWheel":13,"Anchor":23,"Bronze Scales":21,"Black Star":7,"Bag of Marbles":18,"MiniHakkero":0},{"Darkstone Periapt":25,"Regal Pillow":18,"Lantern":91,"Calipers":29,"Singing Bowl":75,"CeramicFish":15,"SacredBark":65,"Vajra":56,"StoneCalendar":18,"Juzu Bracelet":42,"Whetstone":56,"Bottled Tornado":75,"Boot":91,"Dream Catcher":84,"FaceOfCleric":48,"Mummified Hand":25,"Strawberry":78,"MealTicket":42,"WingedGreaves":71,"Toxic Egg 2":84,"Girya":48,"Happy Flower":101,"BreadOfAWashokuLover":18,"Eternal Feather":48,"Thread and Needle":48,"Omamori":78,"Orichalcum":48,"Akabeko":48,"WarpedTongs":86,"CaptainsWheel":56,"Anchor":101,"Bronze Scales":91,"Black Star":29,"Bag of Marbles":78,"MiniHakkero":0}]},"card_choices":[{"not_picked":["ShootingEcho","Acceleration"],"picked":"GrandCross","floor":1.0},{"not_picked":["SprinkleStarSeal","WitchLeyline"],"picked":"AsteroidBelt","floor":5.0},{"not_picked":["GalacticHalo","6A"],"picked":"MeteoricShower","floor":6.0},{"not_picked":["UnstableBomb","WitchOfGreed"],"picked":"TreasureHunter","floor":8.0},{"not_picked":["OpenUniverse","EarthLightRay"],"picked":"EnergyFlow","floor":13.0},{"not_picked":["MachineGunSpark","ShootTheMoon"],"picked":"JA","floor":14.0},{"not_picked":["JA","MillisecondPulsars"],"picked":"SuperNova","floor":16.0},{"not_picked":["WitchLeyline","GalacticHalo"],"picked":"MilkyWay+1","floor":18},{"not_picked":["ManaConvection","RefractionSpark"],"picked":"CollectingQuirk","floor":22},{"not_picked":["MilkyWay+1","NonDirectionalLaser+1"],"picked":"StarBarrage+1","floor":23},{"not_picked":["DeepEcoloBomb+1","GravityBeat+1","AbsoluteMagnitude"],"picked":"SKIP","floor":25},{"not_picked":["GravityBeat+1","NonDirectionalLaser+1","StarBarrage"],"picked":"SKIP","floor":29},{"not_picked":["EarthLightRay+1","UnstableBomb"],"picked":"SporeBomb","floor":30},{"not_picked":["OrrerysSun","GrandCross"],"picked":"6A","floor":31},{"not_picked":["ShootTheMoon+1","NonDirectionalLaser+1"],"picked":"6A+1","floor":35},{"not_picked":["Bandage Up","Violence"],"picked":"Master of Strategy","floor":39},{"not_picked":["HandOfGreed","Enlightenment"],"picked":"Flash of Steel","floor":39},{"not_picked":["DarkSpark+1","WitchLeyline","WitchOfGreed"],"picked":"Singing Bowl","floor":41},{"not_picked":["SporeBomb+1","BlazingStar","DarkSpark"],"picked":"Singing Bowl","floor":42},{"not_picked":["GravityBeat+1","UnstableBomb","RefractionSpark"],"picked":"Singing Bowl","floor":44},{"not_picked":["LuminesStrike+1","GalacticHalo+1"],"picked":"BlazeAway+1","floor":45},{"not_picked":["DC","SprinkleStarSeal+1","SatelliteIllusion"],"picked":"Singing Bowl","floor":48},{"not_picked":["BinaryStars+1","LuminesStrike+1"],"picked":"EnergyFlow+1","floor":54}],"player_experience":848177,"relics_obtained":[{"floor":6.0,"key":"CeramicFish"},{"floor":8.0,"key":"StoneCalendar"},{"floor":9.0,"key":"Regal Pillow"},{"floor":14.0,"key":"Darkstone Periapt"},{"floor":14.0,"key":"Mummified Hand"},{"floor":16.0,"key":"Calipers"},{"floor":23,"key":"MealTicket"},{"floor":23,"key":"Juzu Bracelet"},{"floor":25,"key":"Akabeko"},{"floor":25,"key":"Girya"},{"floor":25,"key":"Orichalcum"},{"floor":26,"key":"Eternal Feather"},{"floor":30,"key":"Vajra"},{"floor":30,"key":"CaptainsWheel"},{"floor":30,"key":"Whetstone"},{"floor":41,"key":"Singing Bowl"},{"floor":41,"key":"Bottled Tornado"},{"floor":42,"key":"Bag of Marbles"},{"floor":42,"key":"Strawberry"},{"floor":42,"key":"Omamori"},{"floor":44,"key":"Toxic Egg 2"},{"floor":44,"key":"Dream Catcher"},{"floor":48,"key":"Lantern"},{"floor":48,"key":"Boot"},{"floor":48,"key":"Bronze Scales"},{"floor":54,"key":"Happy Flower"},{"floor":54,"key":"Anchor"}],"event_choices":[{"cards_removed":["Strike_MRS"],"damage_healed":0.0,"max_hp_gain":0.0,"max_hp_loss":0.0,"gold_gain":0.0,"event_name":"Living Wall","player_choice":"Forget","floor":2.0,"gold_loss":0.0,"damage_taken":0.0},{"cards_removed":["Strike_MRS"],"damage_healed":0.0,"max_hp_gain":0.0,"max_hp_loss":0.0,"gold_gain":0.0,"event_name":"Golden Wing","player_choice":"Card Removal","floor":3.0,"gold_loss":0.0,"damage_taken":7.0},{"cards_removed":["Defend_MRS"],"damage_healed":0.0,"max_hp_gain":0.0,"max_hp_loss":0.0,"gold_gain":0.0,"event_name":"The Cleric","player_choice":"Card Removal","floor":4.0,"gold_loss":50.0,"damage_taken":0.0},{"damage_healed":0.0,"max_hp_gain":0.0,"max_hp_loss":0.0,"gold_gain":1.0,"event_name":"betterThird:BetterScrap","player_choice":"Card Relic ","floor":10.0,"gold_loss":0.0,"damage_taken":8.0,"cards_obtained":["Carnage","Venomology"]},{"damage_healed":0,"gold_gain":0,"cards_transformed":["SuperNova","Defend_MRS"],"player_choice":"Became Test Subject","damage_taken":0,"max_hp_gain":0,"max_hp_loss":0,"event_name":"Drug Dealer","floor":19,"gold_loss":0,"cards_obtained":["WitchOfGreed","ShootingEcho"]},{"damage_healed":0,"gold_gain":0,"player_choice":"Shed Blood","damage_taken":19,"max_hp_gain":5,"max_hp_loss":0,"event_name":"Forgotten Altar","floor":20,"gold_loss":0},{"cards_removed":["ShootingEcho"],"damage_healed":0,"gold_gain":0,"player_choice":"Gave Gold","damage_taken":0,"max_hp_gain":0,"max_hp_loss":0,"event_name":"Beggar","floor":21,"gold_loss":75},{"damage_healed":0,"gold_gain":0,"player_choice":"Trade","damage_taken":0,"relics_obtained":["FaceOfCleric"],"max_hp_gain":0,"max_hp_loss":0,"event_name":"FaceTrader","floor":27,"gold_loss":0},{"cards_removed":["WitchOfGreed"],"damage_healed":0,"gold_gain":0,"player_choice":"Removed Power","damage_taken":0,"max_hp_gain":0,"max_hp_loss":0,"event_name":"Falling","floor":36,"gold_loss":0},{"damage_healed":0,"gold_gain":0,"player_choice":"Embrace Madness","damage_taken":12,"max_hp_gain":0,"max_hp_loss":0,"event_name":"Winding Halls","floor":37,"gold_loss":0,"cards_obtained":["Madness","Madness"]},{"damage_healed":0,"gold_gain":0,"player_choice":"Memory 3","damage_taken":10,"max_hp_gain":0,"max_hp_loss":0,"event_name":"SensoryStone","floor":39,"gold_loss":0},{"damage_healed":0,"gold_gain":0,"player_choice":"Rummage","damage_taken":0,"relics_obtained":["WarpedTongs"],"max_hp_gain":0,"max_hp_loss":0,"event_name":"Accursed Blacksmith","floor":47,"gold_loss":0,"cards_obtained":["Pain"]}],"is_beta":false,"boss_relics":[{"not_picked":["BewitchedHakkero","Empty Cage"],"picked":"Black Star"},{"not_picked":["Pandora\u0027s Box","Astrolabe"],"picked":"SacredBark"}],"items_purged_floors":[12,12,53],"is_endless":false,"potions_floor_spawned":[6,8,13,16,23,29,31,45,54],"killed_by":"The Heart","ascension_level":11}}