{"host":"e48gchmu8shm63ip","time":1608387925,"event":{"mods":["Abigail Mod","AchievementEnabler","Act Like it!","Bartender","BaseMod","Better Match","Better Note","Better Vampires","CapriCore","DeckTracker","Exacting","Fireblade Mod","Googly Eyes","Hallownest","Hermit","HololiveMod","Infinite Spire","Jorbs\u0027s Wanderer Trilogy","Koishi","Marisa????????","Minty Spire (QoL Compilation)","Railgun Mod","Rare Cards Sparkle","Reimu??????","Relic Filter","Shade Mod","StSLib","The Animator","The Construct","The Death Knight","The Forsaken","The Immortal","The Judge","The Poker Player","The Servant 0.9.4","TheFirefly","TheLocksmith","TheSwordswoman","Waifu the Spire"],"gold_per_floor":[119,134,146,321,338,338,338,338,338,2,50,68,68,88,88,213,213,245,245,245,245,258,258,268,268,338,349,349,401,433,459,459,557,557,571,571,571,584,511,544,544,544,544,557,575,628,628,480,480,480],"floor_reached":51,"playtime":3664,"items_purged":[],"score":936,"play_id":"90bbc833-b57d-407f-940c-3062247dba56","local_time":"20201219152525","is_ascension_mode":false,"campfire_choices":[{"data":"TheRailgun:Heroinism","floor":6,"key":"SMITH"},{"data":"TheRailgun:Discharge","floor":8,"key":"SMITH"},{"floor":15,"key":"REST"},{"data":"TheRailgun:Level_6","floor":23,"key":"SMITH"},{"data":"TheRailgun:Negative_Field","floor":25,"key":"SMITH"},{"floor":28,"key":"RECALL"},{"data":"TheRailgun:Thunderjolt","floor":32,"key":"SMITH"},{"data":"TheRailgun:Electrical_Storm","floor":41,"key":"SMITH"},{"data":"TheRailgun:Static","floor":47,"key":"SMITH"},{"data":"TheRailgun:Zap","floor":49,"key":"SMITH"}],"circlet_count":0,"master_deck":["TheRailgun:Strike","TheRailgun:Strike","TheRailgun:Strike","TheRailgun:Defend","TheRailgun:Defend","TheRailgun:Defend","TheRailgun:Defend","TheRailgun:Discharge+1","TheRailgun:Static+1","TheRailgun:Zip+1","TheRailgun:Negative_Field+1","TheRailgun:Heroinism+1","TheRailgun:Stun_Shock","TheRailgun:Zap+1","TheRailgun:Thunderjolt+1","TheRailgun:Level_6+1","TheRailgun:Battery_Pack","TheRailgun:Coin_Flip+1","TheRailgun:Electrical_Storm+1"],"relics":["TheRailgun:CoinRelic","infinitespire:ShieldingShard","Thread and Needle","Unceasing Top","Busted Crown","Happy Flower","Spirit Poop","Ornamental Fan","Strawberry","theForsaken:PaleLantern","Meat on the Bone","Prayer Wheel","CatCart","construct:WeddingRing"],"acts_visited":["Exordium","TheCity","TheBeyond"],"potions_floor_usage":[],"damage_taken":[{"damage":1,"enemies":"Jaw Worm","floor":1,"turns":4},{"damage":0,"enemies":"Jaw Worm","floor":2,"turns":6},{"damage":4,"enemies":"Small Slimes","floor":3,"turns":3},{"damage":12,"enemies":"2 Louse","floor":5,"turns":3},{"damage":6,"enemies":"Lots of Slimes","floor":11,"turns":3},{"damage":2,"enemies":"Exordium Wildlife","floor":12,"turns":3},{"damage":9,"enemies":"Exordium Thugs","floor":14,"turns":4},{"damage":11,"enemies":"Slime Boss","floor":16,"turns":10},{"damage":0,"enemies":"Chosen","floor":18,"turns":3},{"damage":0,"enemies":"3 Byrds","floor":22,"turns":3},{"damage":0,"enemies":"Snake Plant","floor":24,"turns":2},{"damage":0,"enemies":"Cultist and Chosen","floor":27,"turns":4},{"damage":0,"enemies":"Sentry and Sphere","floor":29,"turns":3},{"damage":0,"enemies":"Book of Stabbing","floor":30,"turns":2},{"damage":0,"enemies":"Snake Plant","floor":31,"turns":3},{"damage":0,"enemies":"Champ","floor":33,"turns":4},{"damage":0,"enemies":"3 Darklings","floor":35,"turns":3},{"damage":0,"enemies":"3 Darklings","floor":37,"turns":2},{"damage":2,"enemies":"Orb Walker","floor":38,"turns":3},{"damage":0,"enemies":"Nemesis","floor":40,"turns":3},{"damage":0,"enemies":"3 Darklings","floor":44,"turns":2},{"damage":0,"enemies":"Spire Growth","floor":45,"turns":2},{"damage":0,"enemies":"Orin","floor":46,"turns":4},{"damage":0,"enemies":"Awakened One","floor":50,"turns":4}],"seed_played":"-8470930831936108724","potions_obtained":[{"floor":12,"key":"Explosive Potion"},{"floor":14,"key":"SkillPotion"},{"floor":16,"key":"SmokeBomb"},{"floor":24,"key":"AttackPotion"},{"floor":35,"key":"CultistPotion"}],"is_trial":false,"path_per_floor":["M","?","M","?","M","R","?","R","T","$","M","M","T","M","R","B",null,"M","?","?","?","M","R","M","R","T","M","R","M","E","M","R","B",null,"M","?","?","M","$","E","R","$","T","M","M","?","R","$","R","B",null],"character_chosen":"THE_DEFAULT","items_purchased":["TheRailgun:Zap","Thread and Needle","TheRailgun:Electrical_Storm","construct:WeddingRing"],"campfire_rested":1,"item_purchase_floors":[10,10,39,48],"current_hp_per_floor":[76,76,72,72,60,60,60,60,60,60,54,52,52,43,66,55,77,77,77,77,77,77,77,77,77,77,77,77,77,84,84,84,84,84,84,84,84,82,82,84,84,84,84,84,84,84,84,84,84,84],"gold":480,"neow_bonus":"TEN_PERCENT_HP_BONUS","is_daily":false,"chose_seed":false,"campfire_upgraded":8,"win_rate":0.0,"timestamp":1608387925,"path_taken":["M","?","M","?","M","R","?","R","T","$","?","M","?","M","R","BOSS","M","?","?","?","M","R","M","R","T","?","R","M","E","M","R","BOSS","M","?","?","?","?","E","R","$","T","M","M","?","R","?","R","BOSS"],"items_purchased_type":["Card","Relic","Card","Relic"],"build_version":"2020-12-13","purchased_purges":0,"victory":true,"max_hp_per_floor":[77,77,77,77,77,77,77,77,77,77,77,77,77,77,77,77,77,77,77,77,77,77,77,77,77,77,77,77,77,84,84,84,84,84,84,84,84,84,84,84,84,84,84,84,84,84,84,84,84,84],"card_choices":[{"not_picked":["TheRailgun:Hypercharge","TheRailgun:Pull"],"picked":"TheRailgun:Negative_Field","floor":1},{"not_picked":["TheRailgun:Scatter_Railgun","TheRailgun:Iron_Dust_Vial"],"picked":"TheRailgun:Heroinism","floor":3},{"not_picked":["TheRailgun:Hypercharge","TheRailgun:Rewiring"],"picked":"TheRailgun:Stun_Shock","floor":5},{"not_picked":["TheRailgun:Electrical_Storm","TheRailgun:Sister_Noise"],"picked":"TheRailgun:Thunderjolt","floor":11},{"not_picked":["TheRailgun:Push","TheRailgun:Coin_Flip","TheRailgun:Zap"],"picked":"SKIP","floor":12},{"not_picked":["TheRailgun:Iron_Dust_Vial","TheRailgun:Positive_Field"],"picked":"TheRailgun:Rewiring","floor":14},{"not_picked":["TheRailgun:Magnetic_Flight","TheRailgun:Rewiring"],"picked":"TheRailgun:Level_6","floor":16},{"not_picked":["TheRailgun:Battery_Pack"],"picked":"SKIP","floor":18},{"not_picked":["TheRailgun:Gekota_Phone"],"picked":"SKIP","floor":22},{"not_picked":["TheRailgun:Mental_Out"],"picked":"SKIP","floor":24},{"not_picked":["TheRailgun:Electrical_Fire"],"picked":"SKIP","floor":27},{"not_picked":["TheRailgun:Recharge"],"picked":"SKIP","floor":29},{"not_picked":["TheRailgun:Sister_Noise"],"picked":"SKIP","floor":30},{"not_picked":[],"picked":"TheRailgun:Coin_Flip+1","floor":31},{"not_picked":["TheRailgun:Positive_Field"],"picked":"SKIP","floor":35},{"not_picked":["TheRailgun:Sister_Network+1"],"picked":"SKIP","floor":38},{"not_picked":["TheRailgun:Recharge"],"picked":"SKIP","floor":40},{"not_picked":["TheRailgun:Hypercharge"],"picked":"SKIP","floor":44},{"not_picked":["TheRailgun:Mental_Out+1"],"picked":"SKIP","floor":44},{"not_picked":["TheRailgun:Push+1"],"picked":"SKIP","floor":45},{"not_picked":["TheRailgun:Iron_Dust_Field+1"],"picked":"SKIP","floor":45}],"player_experience":564995,"relics_obtained":[{"floor":9,"key":"infinitespire:ShieldingShard"},{"floor":13,"key":"Unceasing Top"},{"floor":26,"key":"Ornamental Fan"},{"floor":30,"key":"Strawberry"},{"floor":40,"key":"Meat on the Bone"},{"floor":43,"key":"Prayer Wheel"},{"floor":46,"key":"CatCart"}],"event_choices":[{"damage_healed":0,"gold_gain":175,"player_choice":"AGREE","damage_taken":0,"max_hp_gain":0,"max_hp_loss":0,"event_name":"Liars Game","floor":4,"gold_loss":0,"cards_obtained":["Doubt"]},{"damage_healed":0,"gold_gain":0,"player_choice":"Forge","damage_taken":0,"max_hp_gain":0,"max_hp_loss":0,"event_name":"Accursed Blacksmith","floor":7,"gold_loss":0,"cards_upgraded":["TheRailgun:Zip"]},{"damage_healed":0,"gold_gain":0,"player_choice":"Gave Potion","damage_taken":0,"relics_obtained":["Happy Flower"],"max_hp_gain":0,"max_hp_loss":0,"event_name":"WeMeetAgain","floor":19,"gold_loss":0},{"cards_removed":["Doubt"],"damage_healed":0,"gold_gain":0,"player_choice":"Offered Curse","damage_taken":0,"relics_obtained":["Spirit Poop"],"max_hp_gain":0,"max_hp_loss":0,"event_name":"Bonfire Elementals","floor":20,"gold_loss":0},{"damage_healed":0,"gold_gain":0,"cards_transformed":["TheRailgun:Rewiring"],"player_choice":"Transformed","damage_taken":0,"max_hp_gain":0,"max_hp_loss":0,"event_name":"Transmorgrifier","floor":21,"gold_loss":0,"cards_obtained":["TheRailgun:Battery_Pack"]},{"damage_healed":0,"gold_gain":0,"player_choice":"Memory 1","damage_taken":0,"max_hp_gain":0,"max_hp_loss":0,"event_name":"SensoryStone","floor":36,"gold_loss":0},{"damage_healed":0,"gold_gain":0,"player_choice":"Fight","damage_taken":0,"max_hp_gain":0,"max_hp_loss":0,"event_name":"OrinTheCat","floor":46,"gold_loss":0}],"is_beta":false,"boss_relics":[{"not_picked":["Hololive_Finger","Hololive_ChaosS"],"picked":"Busted Crown"},{"not_picked":["Runic Pyramid","SlaversCollar"],"picked":"theForsaken:PaleLantern"}],"items_purged_floors":[],"is_endless":false,"potions_floor_spawned":[12,14,16,24,27,29,30,33,35,38,44],"ascension_level":0}}