{"host":"7g4k6gexjz765cnk","time":1608408318,"event":{"mods":["BaseMod","Colored Map","Minty Spire (QoL Compilation)","Shop Mod"],"gold_per_floor":[114,114,127,127,52,52,68,106,106,206,31,31,31],"floor_reached":12,"playtime":582,"items_purged":["Strike_P","Strike_P"],"score":76,"play_id":"999f20d6-768b-4473-b54f-39d037c3fdac","local_time":"20201219210518","is_ascension_mode":false,"campfire_choices":[{"data":"SashWhip","floor":6,"key":"SMITH"}],"circlet_count":0,"master_deck":["Strike_P","Strike_P","Defend_P","Defend_P","Defend_P","Defend_P","Eruption","Vigilance","SashWhip+1","EmptyFist","Enlightenment","DevaForm","Fasting2+1"],"relics":["PureWater","NeowsBlessing","Golden Idol","Frozen Egg 2","Kunai"],"acts_visited":["Exordium"],"potions_floor_usage":[12],"damage_taken":[{"damage":0,"enemies":"Jaw Worm","floor":1,"turns":1},{"damage":0,"enemies":"2 Louse","floor":3,"turns":1},{"damage":0,"enemies":"Cultist","floor":7,"turns":1},{"damage":40,"enemies":"3 Sentries","floor":8,"turns":12},{"damage":20,"enemies":"Gremlin Nob","floor":12,"turns":3}],"seed_played":"8452090904116013418","potions_obtained":[{"floor":8,"key":"PowerPotion"}],"is_trial":false,"path_per_floor":["M","?","M","?","$","R","M","E","T","?","$","E"],"character_chosen":"WATCHER","items_purchased":["Fasting2+1"],"campfire_rested":0,"item_purchase_floors":[11],"current_hp_per_floor":[72,54,54,54,54,54,54,14,14,14,14,0,0],"gold":31,"neow_bonus":"THREE_ENEMY_KILL","is_daily":false,"chose_seed":false,"campfire_upgraded":1,"win_rate":0.0,"timestamp":1608408318,"path_taken":["M","?","M","?","$","R","?","E","T","?","?","E"],"items_purchased_type":["Card"],"build_version":"2020-12-13","purchased_purges":2,"victory":false,"max_hp_per_floor":[72,72,72,72,72,72,72,72,72,72,72,72,72],"card_choices":[{"not_picked":["Evaluate","ThirdEye"],"picked":"SashWhip","floor":1},{"not_picked":["ClearTheMind","CutThroughFate"],"picked":"EmptyFist","floor":3},{"not_picked":["WindmillStrike","SignatureMove"],"picked":"DevaForm","floor":7},{"not_picked":["FollowUp","SignatureMove","CutThroughFate"],"picked":"SKIP","floor":8}],"player_experience":365330,"relics_obtained":[{"floor":8,"key":"Frozen Egg 2"},{"floor":9,"key":"Kunai"}],"event_choices":[{"damage_healed":0,"gold_gain":0,"player_choice":"Take Damage","damage_taken":18,"relics_obtained":["Golden Idol"],"max_hp_gain":0,"max_hp_loss":0,"event_name":"Golden Idol","floor":2,"gold_loss":0},{"damage_healed":0,"gold_gain":0,"player_choice":"1 cards matched","damage_taken":0,"max_hp_gain":0,"max_hp_loss":0,"event_name":"Match and Keep!","floor":4,"gold_loss":0,"cards_obtained":["Enlightenment"]},{"damage_healed":0,"gold_gain":100,"player_choice":"Pray","damage_taken":0,"max_hp_gain":0,"max_hp_loss":0,"event_name":"Golden Shrine","floor":10,"gold_loss":0}],"is_beta":false,"boss_relics":[],"items_purged_floors":[5,11],"is_endless":false,"potions_floor_spawned":[8],"killed_by":"Gremlin Nob","ascension_level":0}}