{"host":"hfvpa4llnnjpeawn","time":1608418377,"event":{"mods":["2.2 Compatiblity","AchievementEnabler","Act Like it!","Aspiration","Bard","BaseMod","Beaked The Cultist","Better Sensory Stone","Better Skull","Better Third Choice","BetterRewards","CapriCore","Conspire","Downfall","Elementarium","Energized Spire","Hermit","Hubris","Jorbs\u0027s Wanderer Trilogy","Koishi","Lobotomy","LobotomyExtend","Minty Spire (QoL Compilation)","Replay The Spire","Shade Mod","Spicy Shops","StSLib","The Bladedancer","The Factory","The Gatherer","The Jungle","Waifu the Spire","Wandering Minibosses"],"gold_per_floor":[269,269,289,305,325,359,359,359,359,14,189,205,244,0,0,96,96,96,96],"floor_reached":18,"playtime":1775,"items_purged":["Parasite"],"score":287,"play_id":"6f6e45d0-3b52-46f7-ad11-5ebece333eca","local_time":"20201219175257","is_ascension_mode":false,"campfire_choices":[{"data":"Adaptation","floor":7,"key":"SMITH"},{"floor":15,"key":"REST"}],"circlet_count":0,"master_deck":["Strike_P","Strike_P","Strike_P","Strike_P","Defend_P","Defend_P","Defend_P","Defend_P","Eruption","Vigilance","CrumblingArmor","Weave","GalaxyChild","ThirdEye","UniverseFragment","CutThroughFate","WhitesApple","Replay:ManipulateFuture","Adaptation+1","CommonCold","Nirvana","Indignation","HandOfGreed","Replay:BasicMightCard","expansioncontent:DefensiveStance","Doubt","Parasite","Scarecrow","Protect","Parasite","NothingThere","BowlingBash","Parasite","Alriune","Blasphemy"],"relics":["PureWater","CogitoBucket","LetterFromLob","NlothsMask","Eternal Feather","Ring of Fangs","Ring of Searing","ReplayTheSpireMod:ShopPack","TreeSap","Mummified Hand","energizedSpire:BlackCloud"],"acts_visited":["Exordium","Exordium"],"potions_floor_usage":[5,6,12],"damage_taken":[{"damage":0,"enemies":"Small Slimes","floor":1,"turns":2},{"damage":0,"enemies":"Cultist","floor":3,"turns":2},{"damage":0,"enemies":"2 Louse","floor":4,"turns":3},{"damage":13,"enemies":"conspire:2 RoseBushes","floor":5,"turns":4},{"damage":15,"enemies":"Replay:BlueRogue","floor":6,"turns":4},{"damage":26,"enemies":"Blue Slaver","floor":12,"turns":6},{"damage":4,"enemies":"Gremlin Gang","floor":13,"turns":5},{"damage":44,"enemies":"Slime Boss","floor":16,"turns":6},{"damage":84,"enemies":"Elementarium:2_ELEMENTALS","floor":18,"turns":4}],"seed_played":"6458663295332915314","potions_obtained":[{"floor":4,"key":"Block Potion"},{"floor":5,"key":"Flashbang"},{"floor":6,"key":"CultistPotion"},{"floor":12,"key":"Flashbang"}],"is_trial":false,"path_per_floor":["M","?","M","M","M","E","R","?","T","$","?","M","M","$","R","B",null,"M"],"character_chosen":"WATCHER","items_purchased":["ReplayTheSpireMod:ShopPack","Nirvana","Indignation","Mummified Hand"],"campfire_rested":1,"item_purchase_floors":[10,10,10,14],"current_hp_per_floor":[72,72,72,72,59,44,56,56,56,56,56,30,38,38,69,51,69,0,0],"gold":96,"neow_bonus":"","is_daily":false,"chose_seed":false,"campfire_upgraded":1,"win_rate":0.0,"timestamp":1608418377,"path_taken":["M","?","M","?","M","E","R","?","T","$","?","M","M","?","R","BOSS","M"],"items_purchased_type":["Relic","Card","Card","Relic"],"build_version":"2020-12-13","purchased_purges":1,"victory":false,"max_hp_per_floor":[72,72,72,72,72,72,72,72,72,69,69,69,69,69,69,69,69,69,69],"card_choices":[{"not_picked":["SpiderBud","UniverseFragment"],"picked":"CrumblingArmor","floor":1},{"not_picked":["Protect","FlyingSleeves"],"picked":"Weave","floor":1},{"not_picked":["SingingMachine","UniverseFragment"],"picked":"GalaxyChild","floor":3},{"not_picked":["FlurryOfBlows","Crescendo"],"picked":"ThirdEye","floor":3},{"not_picked":["DreamingCurrent","CherryBlossoms","Bloodbath"],"picked":"Singing Bowl","floor":4},{"not_picked":["OSAHOGD","CherryBlossoms"],"picked":"UniverseFragment","floor":4},{"not_picked":["PathToVictory","FollowUp"],"picked":"CutThroughFate","floor":4},{"not_picked":["Scorched","Murderer"],"picked":"WhitesApple","floor":5},{"not_picked":["EmptyBody","FlyingSleeves"],"picked":"Replay:ManipulateFuture","floor":5},{"not_picked":["FairyFestival","Scorched","OSAHOGD"],"picked":"Singing Bowl","floor":6},{"not_picked":["ThirdEye","EmptyFist"],"picked":"Adaptation","floor":6},{"not_picked":["Violence","Transmutation"],"picked":"HandOfGreed","floor":10},{"not_picked":["expansioncontent:AwakenDeath","hubris:Insight"],"picked":"Replay:BasicMightCard","floor":10},{"not_picked":["expansioncontent:ManipulateTime","Swift Strike"],"picked":"expansioncontent:DefensiveStance","floor":10},{"not_picked":["SpiderBud","Wellcheers"],"picked":"Scarecrow","floor":12},{"not_picked":["Consecrate","Perseverance"],"picked":"Protect","floor":12},{"not_picked":["Wellcheers","BlackSwan","Scorched"],"picked":"Singing Bowl","floor":13},{"not_picked":["Murderer","DespairKnight"],"picked":"NothingThere","floor":13},{"not_picked":["EmptyFist","SashWhip"],"picked":"BowlingBash","floor":13},{"not_picked":["VoidDream","OSAHOGD"],"picked":"Alriune","floor":16},{"not_picked":["Establishment","Brilliance"],"picked":"Blasphemy","floor":16}],"player_experience":281101,"relics_obtained":[{"floor":1,"key":"LetterFromLob"},{"floor":6,"key":"Eternal Feather"},{"floor":8,"key":"Ring of Fangs"},{"floor":8,"key":"Ring of Searing"}],"event_choices":[{"damage_healed":0,"gold_gain":0,"player_choice":"Trade","damage_taken":0,"relics_obtained":["NlothsMask"],"max_hp_gain":0,"max_hp_loss":0,"event_name":"FaceTrader","floor":2,"gold_loss":0},{"damage_healed":0,"gold_gain":175,"player_choice":"AGREE","damage_taken":14,"max_hp_gain":0,"max_hp_loss":0,"event_name":"betterThird:BetterSerpent","floor":11,"gold_loss":0}],"is_beta":false,"boss_relics":[{"not_picked":["aspiration:RunicSpoon","conspire:SeveredTorchhead"],"picked":"energizedSpire:BlackCloud"}],"items_purged_floors":[10],"is_endless":false,"potions_floor_spawned":[4,5,6,12],"killed_by":"Elementarium:2_ELEMENTALS","ascension_level":0}}