{"host":"o1wkfo8ppvrprpet","time":1608352956,"event":{"mods":["Aspiration","Astrologer","BaseMod","CapriCore","Colored Powertips","Koishi","Minty Spire (QoL Compilation)","Replay The Spire","RumiaBox-露米娅的神秘盒子","Spicy Shops","StSLib","The Administrix","The Gatherer","The Immortal","Waifu the Spire","【东方二次创作】八云紫mod"],"gold_per_floor":[132,132,207,219,65,65,98,98,98,123,148,148,162,203,203,317,317,344,43,70,99,116,135,135,185,211,233,10,26,26,38,38,152,152,176,195,215,243,243,275,284,284,284,7,27,57,75,0,0,0],"floor_reached":51,"playtime":2400,"items_purged":["AT_purpleEX","AT_purpleEX"],"score":732,"play_id":"5e1570d2-be15-48a2-a6ae-e3733cfdca9d","local_time":"20201219124236","is_ascension_mode":true,"campfire_choices":[{"data":"Bait_HighSpeedFlying_purple","floor":6.0,"key":"SMITH"},{"data":"ProofOfUnderstanding_purple","floor":12.0,"key":"SMITH"},{"data":"SfantasyHide_purple","floor":15.0,"key":"SMITH"},{"data":"Fantasy_PerpetualMotionMachine_purple","floor":24.0,"key":"SMITH"},{"data":"RuleDissolution_purple","floor":30,"key":"SMITH"},{"data":"EighthInstrument_OneDividesIntoTwo_purple","floor":32,"key":"SMITH"},{"data":"Know_ledgeAbilityRealm_purple","floor":42,"key":"SMITH"},{"floor":49,"key":"REST"}],"circlet_count":0,"master_deck":["AT_purpleEX","AT_purpleEX","Defend_purpleEX+1","Defend_purpleEX+1","Defend_purpleEX+1","Defend_purpleEX+1","Observe_purple_1","Observe_purple_2","ProofOfUnderstanding_purple+1","Bait_HighSpeedFlying_purple+1","SfantasyHide_purple+1","EighthInstrument_OneDividesIntoTwo_purple","EighthInstrument_OneDividesIntoTwo_purple+1","WangLiang_OokamiKakushi_purple","RuleDissolution_purple+1","Fantasy_PerpetualMotionMachine_purple+1","Line_surface_state_purple+1","WatchEChange_purple+1","StateDuplicate_purple+1","DimensionStaggered_purple","OpenedBox_purple","Line_surface_state_purple","Know_ledgeAbilityRealm_purple+1","PositiveMatter_Antimatter_Universe_purple+1","WatchEyeChange_purple","AdvanceAttack_purple+1","Enlightenment","FragmentationRealm_purple"],"relics":["Boundary_crack","Memoryfragments_purpleEX","Garlic","TheEssenceOfRealm","CeramicFish","Replay:Bottled Eggs","Strawberry","Replay:Baseball","ReplayTheSpireMod:Ninjato","Tiny Chest","Membership Card","Replay:Bronze Core","MagicDraw2","Thread and Needle","TungstenRod","Pet Ghost","Oddly Smooth Stone","Sling","Pen Nib","Red Mask"],"acts_visited":["Exordium","TheCity","TheBeyond"],"potions_floor_usage":[33,37,50],"damage_taken":[{"damage":11.0,"enemies":"Cultist","floor":1.0,"turns":6.0},{"damage":1.0,"enemies":"Small Slimes","floor":4.0,"turns":4.0},{"damage":31.0,"enemies":"Gremlin Nob","floor":7.0,"turns":5.0},{"damage":0.0,"enemies":"Jaw Worm","floor":11.0,"turns":2.0},{"damage":5.0,"enemies":"Looter","floor":13.0,"turns":2.0},{"damage":11.0,"enemies":"Lagavulin","floor":14.0,"turns":4.0},{"damage":9.0,"enemies":"Slime Boss","floor":16.0,"turns":7.0},{"damage":3.0,"enemies":"Shell Parasite","floor":18.0,"turns":4.0},{"damage":5.0,"enemies":"Chosen","floor":20.0,"turns":4.0},{"damage":11.0,"enemies":"Sentry and Sphere","floor":21.0,"turns":5.0},{"damage":0.0,"enemies":"3 Cultists","floor":22.0,"turns":3.0},{"damage":7.0,"enemies":"Snake Plant","floor":23.0,"turns":3.0},{"damage":8.0,"enemies":"Centurion and Healer","floor":27.0,"turns":3.0},{"damage":3,"enemies":"Cultist and Chosen","floor":29,"turns":5},{"damage":1,"enemies":"Snecko","floor":31,"turns":3},{"damage":23,"enemies":"Collector","floor":33,"turns":5},{"damage":0,"enemies":"3 Darklings","floor":35,"turns":3},{"damage":6,"enemies":"3 Shapes","floor":36,"turns":3},{"damage":0,"enemies":"Maw","floor":37,"turns":4},{"damage":10,"enemies":"Sphere and 2 Shapes","floor":38,"turns":4},{"damage":27,"enemies":"Giant Head","floor":40,"turns":6},{"damage":14,"enemies":"4 Shapes","floor":45,"turns":3},{"damage":11,"enemies":"Reptomancer","floor":46,"turns":4},{"damage":16,"enemies":"3 Darklings","floor":47,"turns":2},{"damage":0,"enemies":"Replay:Hell Engine","floor":50,"turns":4}],"seed_played":"-3271940775215675068","potions_obtained":[{"floor":4.0,"key":"Milkshake"},{"floor":7.0,"key":"Fire Potion"},{"floor":13.0,"key":"EntropicBrew"},{"floor":14.0,"key":"Elixir"},{"floor":27.0,"key":"SpeedPotion"},{"floor":33,"key":"FearPotion"},{"floor":36,"key":"LiquidMemories"},{"floor":38,"key":"Strength Potion"},{"floor":40,"key":"Flashbang"}],"is_trial":false,"path_per_floor":["M","T","?","M","$","R","E","?","T","T","M","R","M","E","R","B",null,"M","$","M","M","M","M","R","?","T","M","$","M","R","M","R","B",null,"M","M","M","M","T","E","?","R","T","$","M","E","M","?","R","B",null],"character_chosen":"Youkari","items_purchased":["TheEssenceOfRealm","Fantasy_PerpetualMotionMachine_purple","ReplayTheSpireMod:Ninjato","OpenedBox_purple","Membership Card","Line_surface_state_purple","Pet Ghost","Oddly Smooth Stone","Sling"],"campfire_rested":1,"item_purchase_floors":[5,19,19,28,28,28,44,44,44],"current_hp_per_floor":[62,62,51,51,51,51,20,27,27,34,34,34,30,20,20,14,77,75,75,72,63,64,57,57,57,57,50,50,49,49,50,50,31,77,77,76,77,71,71,49,49,49,49,49,39,29,15,15,38,41],"gold":0,"neow_bonus":"ONE_RANDOM_RARE_CARD","is_daily":false,"chose_seed":false,"campfire_upgraded":7,"win_rate":0.0,"timestamp":1608352956,"path_taken":["M","?","?","M","?","R","E","?","T","?","M","R","M","E","R","BOSS","M","$","M","M","M","M","R","?","T","M","?","?","R","M","R","BOSS","M","?","M","M","?","E","?","R","T","$","M","E","?","?","R","BOSS"],"items_purchased_type":["Relic","Card","Relic","Card","Relic","Card","Relic","Relic","Relic"],"build_version":"2020-12-13","purchased_purges":2,"victory":true,"max_hp_per_floor":[70,70,70,70,70,70,70,70,70,77,77,77,77,77,77,77,77,77,77,77,77,77,77,77,77,77,77,77,77,77,77,77,77,77,77,77,77,77,77,77,77,77,77,77,77,77,77,77,77,77],"card_choices":[{"not_picked":["ExistenceContinue_purple","SharpContractionReality_purple"],"picked":"Bait_HighSpeedFlying_purple","floor":1.0},{"not_picked":["ButterflyHabitatTemple_purple","SfantasyHide_purple","WatchEChange_purple"],"picked":"SKIP","floor":4.0},{"not_picked":["ButterflyHabitatTemple_purple","WatchEChange_purple"],"picked":"SfantasyHide_purple","floor":4.0},{"not_picked":["Realm_recovery_purpleEX","Shallow_ocean_purpleEX","Mirror_FormAndEmptin_purple"],"picked":"SKIP","floor":7.0},{"not_picked":["MeetDecomposer_purple","DarkRealmRedLine_purple"],"picked":"EighthInstrument_OneDividesIntoTwo_purple","floor":11.0},{"not_picked":["SharpContractionReality_purple","OmniscientAndOmnipotent_Monster_purple","WatchEyeChange_purple"],"picked":"SKIP","floor":13.0},{"not_picked":["WangLiang_LineAndCurveDreams_purple","Boundary_ObjectiveBoundary_purple"],"picked":"EighthInstrument_OneDividesIntoTwo_purple","floor":14.0},{"not_picked":["Computing_the_future_purpleEX","Mirror_TwoAndThreeElementRealm_purple"],"picked":"WangLiang_OokamiKakushi_purple","floor":16.0},{"not_picked":["RealityDreamConfluencek_purple","MonsterNeedle_purple"],"picked":"RuleDissolution_purple","floor":18.0},{"not_picked":["Anti_communist_purple","DimensionStaggered_purple+1"],"picked":"Line_surface_state_purple+1","floor":20.0},{"not_picked":["Line_surface_state_purple","DimensionStaggered_purple"],"picked":"WatchEChange_purple+1","floor":21.0},{"not_picked":["Bait_Toxicbait_purple","StateDuplicate_purple","RuleDissolution_purple"],"picked":"SKIP","floor":22.0},{"not_picked":["Bait_Toxicbait_purple+1","Realm_recovery_purpleEX"],"picked":"StateDuplicate_purple+1","floor":23.0},{"not_picked":["ExistenceContinue_purple","Mirror_FormAndEmptin_purple"],"picked":"DimensionStaggered_purple","floor":27.0},{"not_picked":["ExistenceContinue_purple","ButterflyHabitatTemple_purple+1","Mirror_Drifter_purple"],"picked":"SKIP","floor":29},{"not_picked":["SharpContractionReality_purple","Monsters_DoubleDeathButterfly_purple","Boundary_of_Extermination_purpleEX"],"picked":"SKIP","floor":31},{"not_picked":["WangLiang_OokamiKakushi_purple","Monsters_DoubleDeathButterfly_purple"],"picked":"Know_ledgeAbilityRealm_purple","floor":33},{"not_picked":["Shallow_ocean_purpleEX+1","OmniscientAndOmnipotent_Monster_purple+1"],"picked":"PositiveMatter_Antimatter_Universe_purple+1","floor":35},{"not_picked":["Erosivefilter_purple+1","Line_surface_state_purple+1","ButterflyHabitatTemple_purple+1"],"picked":"SKIP","floor":36},{"not_picked":["MNeedle_purple+1","MonsterNeedle_purple"],"picked":"WatchEyeChange_purple","floor":37},{"not_picked":["Worldmountain_purple","ExistenceContinue_purple+1"],"picked":"AdvanceAttack_purple+1","floor":38},{"not_picked":["CommonSense_AntiCommonSense_purple","Mirror_TwoAndThreeElementRealm_purple","OmniscientAndOmnipotent_Monster_purple+1"],"picked":"SKIP","floor":40},{"not_picked":["Replay:BasicMightCard","Purity"],"picked":"Enlightenment","floor":41},{"not_picked":["AdvanceAttack_purple","PositiveMatter_Antimatter_Universe_purple+1"],"picked":"FragmentationRealm_purple","floor":45},{"not_picked":["RealityDreamConfluencek_purple+1","OmniscientAndOmnipotent_Monster_purple+1","ContainerChange_purple"],"picked":"SKIP","floor":46},{"not_picked":["WeekHit_purple+1","OmniscientAndOmnipotent_Monster_purple","Line_surface_state_purple+1"],"picked":"SKIP","floor":47}],"player_experience":611005,"relics_obtained":[{"floor":2.0,"key":"Garlic"},{"floor":7.0,"key":"CeramicFish"},{"floor":9.0,"key":"Replay:Bottled Eggs"},{"floor":10.0,"key":"Strawberry"},{"floor":14.0,"key":"Replay:Baseball"},{"floor":26.0,"key":"Tiny Chest"},{"floor":39,"key":"MagicDraw2"},{"floor":40,"key":"Thread and Needle"},{"floor":43,"key":"TungstenRod"},{"floor":46,"key":"Pen Nib"}],"event_choices":[{"damage_healed":0.0,"max_hp_gain":0.0,"max_hp_loss":0.0,"gold_gain":75.0,"event_name":"World of Goop","player_choice":"Gather Gold","floor":3.0,"gold_loss":0.0,"damage_taken":11.0},{"damage_healed":0.0,"max_hp_gain":0.0,"max_hp_loss":0.0,"gold_gain":100.0,"event_name":"The Joust","player_choice":"Bet on Murderer","floor":25.0,"gold_loss":50.0,"damage_taken":0.0},{"damage_healed":0,"gold_gain":0,"player_choice":"Memory 1","damage_taken":0,"max_hp_gain":0,"max_hp_loss":0,"event_name":"SensoryStone","floor":41,"gold_loss":0},{"damage_healed":0,"gold_gain":0,"player_choice":"Paid","damage_taken":0,"relics_obtained":["Red Mask"],"max_hp_gain":0,"max_hp_loss":0,"event_name":"Tomb of Lord Red Mask","floor":48,"gold_loss":75}],"is_beta":false,"boss_relics":[{"not_picked":["Calling Bell","Ectoplasm","Philosopher\u0027s Stone"]},{"not_picked":["aspiration:DefectSkillbook","Snecko Eye"],"picked":"Replay:Bronze Core"}],"items_purged_floors":[19,44],"is_endless":false,"potions_floor_spawned":[4,7,13,14,23,27,29,33,36,38,40,46],"ascension_level":3}}