{"host":"o98f72bjn8jxgroo","time":1608414690,"event":{"mods":["Act Like it!","BaseMod","Dio Mod","GifTheSpireLib","Jedi Mod","Minty Spire (QoL Compilation)","Relic Stats","Spicy Shops","StSLib","The Judge","TheVacant","??????REMEMod"],"gold_per_floor":[109,126,126,126,86,127,146,170,170,188,188,206,206,227,227,353,353,368,21,21,40,60,60,101,101,174,198,198,222,222,23,23,124,124,144,144,366,20,20,20,20],"floor_reached":40,"playtime":4708,"items_purged":["Injury"],"score":584,"play_id":"33adaf4a-223e-4714-812b-afddf3363c86","local_time":"20201219195130","is_ascension_mode":false,"campfire_choices":[{"data":"Shedinja:AerialAce","floor":13.0,"key":"SMITH"},{"data":"Shedinja:Elixir","floor":15.0,"key":"SMITH"},{"data":"Shedinja:PowerBracer","floor":23.0,"key":"SMITH"},{"data":"Shedinja:SafetyGoggles","floor":28.0,"key":"SMITH"},{"data":"Shedinja:FocusSash","floor":32.0,"key":"SMITH"}],"circlet_count":13,"master_deck":["Madness","Madness","Madness","Madness","Madness","Madness","Madness","Madness","Madness","Madness","Madness+1","Madness","Madness","Madness+1","Madness+1","Madness","Madness","Madness+1","Madness","Madness+1","Madness","Madness","Madness","Madness+1","Madness+1","Madness","Madness","Madness+1","Madness","Madness","Madness","Madness+1","Madness+1","Madness+1","Secret Weapon","Good Instincts","Madness","Madness"],"relics":["Circlet","NeowsBlessing","Bloody Idol","White Beast Statue","Gambling Chip","Membership Card","Art of War","Red Mask","MutagenicStrength","Pear","Potion Belt","Frozen Egg 2","Orrery","jedi:hotpepper","PreservedInsect","PrismaticShard"],"acts_visited":["Exordium","TheCity","TheBeyond"],"potions_floor_usage":[],"damage_taken":[{"damage":0.0,"enemies":"Jaw Worm","floor":1.0,"turns":1.0},{"damage":0.0,"enemies":"Small Slimes","floor":2.0,"turns":1.0},{"damage":0.0,"enemies":"3 Sentries","floor":6.0,"turns":2.0},{"damage":0.0,"enemies":"2 Louse","floor":7.0,"turns":3.0},{"damage":0.0,"enemies":"Exordium Wildlife","floor":8.0,"turns":4.0},{"damage":0.0,"enemies":"Lots of Slimes","floor":10.0,"turns":5.0},{"damage":0.0,"enemies":"3 Louse","floor":12.0,"turns":3.0},{"damage":0.0,"enemies":"2 Fungi Beasts","floor":14.0,"turns":3.0},{"damage":0.0,"enemies":"The Guardian","floor":16.0,"turns":15.0},{"damage":0.0,"enemies":"Spheric Guardian","floor":18.0,"turns":8.0},{"damage":0.0,"enemies":"Shell Parasite","floor":21.0,"turns":6.0},{"damage":0.0,"enemies":"Shelled Parasite and Fungi","floor":22.0,"turns":6.0},{"damage":0.0,"enemies":"Masked Bandits","floor":24.0,"turns":5.0},{"damage":0.0,"enemies":"Snake Plant","floor":29.0,"turns":5.0},{"damage":0.0,"enemies":"Champ","floor":33.0,"turns":14.0},{"damage":0.0,"enemies":"3 Shapes","floor":35.0,"turns":5.0}],"seed_played":"-5226937394656469761","potions_obtained":[{"floor":1.0,"key":"PowerPotion"},{"floor":7.0,"key":"DistilledChaos"},{"floor":8.0,"key":"SkillPotion"},{"floor":10.0,"key":"Explosive Potion"},{"floor":12.0,"key":"Explosive Potion"},{"floor":14.0,"key":"AttackPotion"},{"floor":16.0,"key":"SkillPotion"},{"floor":18.0,"key":"AttackPotion"},{"floor":24.0,"key":"Fire Potion"},{"floor":29.0,"key":"Strength Potion"},{"floor":33.0,"key":"DuplicationPotion"},{"floor":35.0,"key":"Energy Potion"}],"is_trial":false,"path_per_floor":["M","M","?","?","?","E","M","M","T","M","T","M","R","M","R","B",null,"M","$","?","M","M","R","?","?","T","T","R","M","?","$","R","B",null,"M","?","?","$","?","R"],"character_chosen":"THE_DEFAULT","items_purchased":["Shedinja:Elixir","Shedinja:WonderGuardNSCommon","Membership Card","Frozen Egg 2","Orrery","PreservedInsect","PrismaticShard","Shedinja:PowerBracer+1","Secret Weapon","Good Instincts"],"campfire_rested":0,"item_purchase_floors":[19,19,19,31,31,38,38,38,38,38],"current_hp_per_floor":[1,1,1,1,1,1,1,1,1,1,1,1,1,1,1,1,1,1,1,1,1,1,1,1,1,1,1,1,1,1,1,1,1,1,1,1,1,1,1,1,1],"gold":20,"neow_bonus":"THREE_ENEMY_KILL","is_daily":false,"chose_seed":false,"campfire_upgraded":5,"win_rate":0.0,"timestamp":1608414690,"path_taken":["M","M","?","?","?","E","?","M","T","M","?","M","R","M","R","BOSS","M","?","?","M","M","R","?","?","T","?","R","?","?","$","R","BOSS","M","?","?","?","?","R"],"items_purchased_type":["Undefined","Undefined","Relic","Relic","Relic","Relic","Relic","Undefined","Card","Card"],"build_version":"2020-12-13","purchased_purges":1,"victory":false,"max_hp_per_floor":[1,1,1,1,1,1,1,1,1,1,1,1,1,1,1,1,1,1,1,1,1,1,1,1,1,1,1,1,1,1,1,1,1,1,1,1,1,1,1,1,1],"relic_stats":{"counters":[16,86],"Bloody Idol":0,"Gambling Chip":[21],"PreservedInsect":0,"Art of War":[0],"obtain_stats":[{"Potion Belt":27,"Pear":26,"NeowsBlessing":0,"Golden Idol":4,"Circlet":0,"PreservedInsect":38,"Shedinja:WonderGuardNSCommon":19,"Frozen Egg 2":31,"PrismaticShard":38,"White Beast Statue":6,"jedi:hotpepper":34,"Shedinja:BrightPowder":17,"Gambling Chip":11,"MutagenicStrength":25,"Bloody Idol":30,"Orrery":31,"Shedinja:EnergyLoss":3,"Shedinja:WonderGuard":0,"Art of War":20,"Red Mask":24,"Membership Card":19,"Shedinja:WonderGuardNSUncommon":9},{"Potion Belt":13,"Pear":13,"NeowsBlessing":0,"Golden Idol":2,"Circlet":0,"PreservedInsect":16,"Shedinja:WonderGuardNSCommon":10,"Frozen Egg 2":14,"PrismaticShard":16,"White Beast Statue":3,"jedi:hotpepper":15,"Shedinja:BrightPowder":9,"Gambling Chip":6,"MutagenicStrength":13,"Bloody Idol":14,"Orrery":14,"Shedinja:EnergyLoss":2,"Shedinja:WonderGuard":0,"Art of War":10,"Red Mask":13,"Membership Card":10,"Shedinja:WonderGuardNSUncommon":5},{"Potion Belt":62,"Pear":62,"NeowsBlessing":0,"Golden Idol":2,"Circlet":0,"PreservedInsect":86,"Shedinja:WonderGuardNSCommon":45,"Frozen Egg 2":67,"PrismaticShard":86,"White Beast Statue":4,"jedi:hotpepper":81,"Shedinja:BrightPowder":37,"Gambling Chip":16,"MutagenicStrength":62,"Bloody Idol":67,"Orrery":67,"Shedinja:EnergyLoss":2,"Shedinja:WonderGuard":0,"Art of War":45,"Red Mask":62,"Membership Card":45,"Shedinja:WonderGuardNSUncommon":11}]},"card_choices":[{"not_picked":["Shedinja:Round","Shedinja:Ether"],"picked":"Shedinja:Harden","floor":1.0},{"not_picked":["Shedinja:Ether","Shedinja:StringShot"],"picked":"Shedinja:SafetyGoggles","floor":2.0},{"not_picked":["Shedinja:ShadowBall","Shedinja:PowerBelt"],"picked":"Shedinja:XScissor","floor":6.0},{"not_picked":["Shedinja:SafetyGoggles","Shedinja:FurySwipes"],"picked":"Shedinja:ShadowSneak","floor":7.0},{"not_picked":["Shedinja:ShadowBall","Shedinja:Round"],"picked":"Shedinja:PowerBracer","floor":8.0},{"not_picked":["Shedinja:Absorb","Shedinja:Facade"],"picked":"Shedinja:ArtifactCard","floor":10.0},{"not_picked":["Shedinja:Facade","Shedinja:ShadowClaw"],"picked":"Shedinja:Elixir","floor":12.0},{"not_picked":["Shedinja:SuckerPunch","Shedinja:StruggleBug"],"picked":"Shedinja:FurySwipes","floor":14.0},{"not_picked":["Shedinja:XScissor","Shedinja:DoubleTeam"],"picked":"Shedinja:PokeBall","floor":16.0},{"not_picked":["Shedinja:Round","Shedinja:ShadowClaw+1"],"picked":"Shedinja:ConfuseRay","floor":18.0},{"not_picked":["Shedinja:SuckerPunch","Shedinja:RockyHelmet"],"picked":"Shedinja:StruggleBug+1","floor":21.0},{"not_picked":["Shedinja:RockyHelmet","Shedinja:ShadowBall"],"picked":"Shedinja:Trick+1","floor":22.0},{"not_picked":["Shedinja:RockyHelmet","Shedinja:WillOWisp"],"picked":"Shedinja:PhantomForce","floor":24.0},{"not_picked":["Shedinja:Agility","Shedinja:HoneClaws"],"picked":"Shedinja:Mimic","floor":29.0},{"not_picked":["Shedinja:SuckerPunch","Shedinja:PhantomForce"],"picked":"Shedinja:Mimic+1","floor":31.0},{"not_picked":["Shedinja:WillOWisp","Shedinja:RockyHelmet+1"],"picked":"Shedinja:PowerBelt","floor":31.0},{"not_picked":["Shedinja:StruggleBug","Shedinja:Absorb"],"picked":"Shedinja:GigaDrain","floor":31.0},{"not_picked":["Shedinja:Facade","Shedinja:Mimic"],"picked":"Shedinja:ShadowBall","floor":31.0},{"not_picked":["Shedinja:ArtifactCard","Shedinja:XScissor"],"picked":"Shedinja:RockyHelmet+1","floor":31.0},{"not_picked":["Shedinja:Protect","Shedinja:HYPERBEAM"],"picked":"Shedinja:Toxic+1","floor":33.0},{"not_picked":["Shedinja:ShadowBall","Shedinja:Mimic","Shedinja:StruggleBug"],"picked":"SKIP","floor":35.0}],"player_experience":329117,"relics_obtained":[{"floor":6.0,"key":"White Beast Statue"},{"floor":9.0,"key":"Shedinja:WonderGuardNSUncommon"},{"floor":11.0,"key":"Gambling Chip"},{"floor":20.0,"key":"Art of War"},{"floor":24.0,"key":"Red Mask"},{"floor":26.0,"key":"Pear"},{"floor":27.0,"key":"Potion Belt"}],"event_choices":[{"damage_healed":0.0,"max_hp_gain":0.0,"max_hp_loss":0.0,"gold_gain":0.0,"event_name":"Golden Idol","player_choice":"Take Damage","floor":4.0,"gold_loss":0.0,"damage_taken":0.0,"relics_obtained":["Golden Idol"]},{"damage_healed":0.0,"max_hp_gain":0.0,"max_hp_loss":0.0,"gold_gain":0.0,"event_name":"Masked Bandits","player_choice":"Fought Bandits","floor":24.0,"gold_loss":0.0,"damage_taken":0.0},{"damage_healed":0.0,"max_hp_gain":0.0,"max_hp_loss":0.0,"gold_gain":0.0,"event_name":"Drug Dealer","player_choice":"Inject Mutagens","floor":25.0,"gold_loss":0.0,"damage_taken":0.0,"relics_obtained":["MutagenicStrength"]},{"damage_healed":0.0,"max_hp_gain":0.0,"max_hp_loss":0.0,"gold_gain":0.0,"event_name":"Forgotten Altar","player_choice":"Gave Idol","floor":30.0,"relics_lost":["Golden Idol"],"gold_loss":0.0,"damage_taken":0.0,"relics_obtained":["Bloody Idol"]},{"damage_healed":0.0,"max_hp_gain":0.0,"max_hp_loss":0.0,"gold_gain":0.0,"event_name":"Mysterious Sphere","player_choice":"Ignored","floor":36.0,"gold_loss":0.0,"damage_taken":0.0},{"damage_healed":0.0,"max_hp_gain":0.0,"max_hp_loss":0.0,"gold_gain":222.0,"event_name":"Tomb of Lord Red Mask","player_choice":"Wore Mask","floor":37.0,"gold_loss":0.0,"damage_taken":0.0},{"damage_healed":0.0,"max_hp_gain":0.0,"max_hp_loss":0.0,"gold_gain":0.0,"event_name":"Winding Halls","player_choice":"Embrace Madness","floor":39.0,"gold_loss":0.0,"damage_taken":0.0,"cards_obtained":["Madness","Madness"]}],"is_beta":false,"boss_relics":[{"not_picked":["Velvet Choker","Cursed Key"],"picked":"Shedinja:BrightPowder"},{"not_picked":["Black Star","Tiny House"],"picked":"jedi:hotpepper"}],"items_purged_floors":[38],"is_endless":false,"potions_floor_spawned":[1,7,8,10,12,14,16,18,21,22,24,29,33,35],"ascension_level":0}}