{"host":"ryuep8ewa00k39z9","time":1608419981,"event":{"mods":["AchievementEnabler","BaseMod","Best Route Mod","Colored Map","Colored Powertips","Displayed Cursed Tome","Highlight Path","Minty Spire (QoL Compilation)","Quick Restart","SuperFastMode"],"gold_per_floor":[111,127,22,22,40,75,92,127,127,41,41,60,78,98,98,169,169,181,21,34,34,34,69,82,26,72,72,84,84,84,84,84],"floor_reached":31,"playtime":84842,"items_purged":[],"score":519,"play_id":"82fd9488-56b2-408e-bb55-62dd4eea08bc","local_time":"20201219171941","is_ascension_mode":true,"campfire_choices":[{"data":"Bash","floor":15.0,"key":"SMITH"},{"floor":27,"key":"DIG"},{"floor":30,"key":"DIG"}],"circlet_count":0,"master_deck":["AscendersBane","Defend_R","Defend_R","Defend_R","Defend_R","Bash+1","Clash","Inflame","Whirlwind","Dropkick","Heavy Blade","Dropkick","Seeing Red","Reaper","Pummel+1","Seeing Red","Bite","Bite","Bite","Bite","Bite","Seeing Red","Heavy Blade"],"relics":["Philosopher\u0027s Stone","Mercury Hourglass","Torii","Dead Branch","Empty Cage","Lee\u0027s Waffle","Shovel","Smiling Mask","Dream Catcher","Blue Candle"],"acts_visited":["Exordium","TheCity"],"potions_floor_usage":[24,24,28],"damage_taken":[{"damage":4.0,"enemies":"Cultist","floor":1.0,"turns":4.0},{"damage":0.0,"enemies":"Jaw Worm","floor":2.0,"turns":3.0},{"damage":9.0,"enemies":"2 Louse","floor":5.0,"turns":2.0},{"damage":3.0,"enemies":"Gremlin Nob","floor":6.0,"turns":4.0},{"damage":9.0,"enemies":"Blue Slaver","floor":7.0,"turns":3.0},{"damage":5.0,"enemies":"3 Sentries","floor":8.0,"turns":5.0},{"damage":8.0,"enemies":"Exordium Thugs","floor":12.0,"turns":3.0},{"damage":10.0,"enemies":"Exordium Wildlife","floor":13.0,"turns":2.0},{"damage":1.0,"enemies":"2 Fungi Beasts","floor":14.0,"turns":2.0},{"damage":46.0,"enemies":"Hexaghost","floor":16.0,"turns":6.0},{"damage":33.0,"enemies":"2 Thieves","floor":18.0,"turns":3.0},{"damage":22.0,"enemies":"Shell Parasite","floor":20.0,"turns":2.0},{"damage":26.0,"enemies":"Book of Stabbing","floor":23.0,"turns":3.0},{"damage":33,"enemies":"Centurion and Healer","floor":24,"turns":5},{"damage":7,"enemies":"3 Cultists","floor":28,"turns":3},{"damage":33,"enemies":"Shelled Parasite and Fungi","floor":31,"turns":3}],"seed_played":"2236209315035011736","potions_obtained":[{"floor":6.0,"key":"Swift Potion"},{"floor":7.0,"key":"HeartOfIron"},{"floor":13.0,"key":"GamblersBrew"},{"floor":16.0,"key":"PowerPotion"},{"floor":18.0,"key":"SneckoOil"},{"floor":20.0,"key":"SteroidPotion"},{"floor":23.0,"key":"EntropicBrew"}],"is_trial":false,"path_per_floor":["M","M","$","$","M","E","M","E","T","$","?","M","M","M","R","B",null,"M","$","M","?","?","E","M","$","T","R","M","?","R","M"],"character_chosen":"IRONCLAD","items_purchased":["EntropicBrew","Dropkick","Lee\u0027s Waffle","Explosive Potion"],"campfire_rested":0,"item_purchase_floors":[3,10,19,25],"current_hp_per_floor":[64,64,64,64,55,52,43,38,38,38,75,67,57,56,56,10,59,34,82,60,57,57,33,15,15,15,15,20,20,20,3,3],"gold":84,"neow_bonus":"BOSS_RELIC","is_daily":false,"chose_seed":false,"campfire_upgraded":1,"win_rate":0.0,"timestamp":1608419981,"path_taken":["M","M","?","$","?","E","M","E","T","$","?","M","M","M","R","BOSS","M","$","M","?","?","E","M","$","T","R","M","?","R","?"],"items_purchased_type":["Potion","Card","Relic","Potion"],"build_version":"2020-12-13","purchased_purges":0,"victory":false,"max_hp_per_floor":[75,75,75,75,75,75,75,75,75,75,75,75,75,75,75,75,75,75,82,82,57,57,57,57,57,57,57,57,57,57,57,57],"card_choices":[{"not_picked":["Sword Boomerang","Combust","Armaments"],"picked":"SKIP","floor":1.0},{"not_picked":["Burning Pact","Shrug It Off"],"picked":"Clash","floor":2.0},{"not_picked":["Havoc","Headbutt"],"picked":"Inflame","floor":5.0},{"not_picked":["Berserk","True Grit"],"picked":"Fire Breathing","floor":6.0},{"not_picked":["Pummel","Thunderclap"],"picked":"Anger","floor":7.0},{"not_picked":["Impervious","Demon Form"],"picked":"Whirlwind","floor":8.0},{"not_picked":["Rampage","Pummel"],"picked":"Heavy Blade","floor":12.0},{"not_picked":["Anger","Body Slam"],"picked":"Dropkick","floor":13.0},{"not_picked":["Infernal Blade","Iron Wave"],"picked":"Seeing Red","floor":14.0},{"not_picked":["Fiend Fire","Offering"],"picked":"Reaper","floor":16.0},{"not_picked":["Thunderclap","Heavy Blade"],"picked":"Pummel+1","floor":18.0},{"not_picked":["Headbutt","Clash"],"picked":"Seeing Red","floor":20.0},{"not_picked":["True Grit","Thunderclap"],"picked":"Heavy Blade","floor":23.0},{"not_picked":["Dark Embrace","Hemokinesis","Clash"],"picked":"SKIP","floor":24},{"not_picked":["Pommel Strike","Hemokinesis","Entrench"],"picked":"SKIP","floor":28}],"player_experience":3280984,"relics_obtained":[{"floor":6.0,"key":"Mercury Hourglass"},{"floor":8.0,"key":"Torii"},{"floor":9.0,"key":"Dead Branch"},{"floor":23.0,"key":"Shovel"},{"floor":26,"key":"Smiling Mask"},{"floor":27,"key":"Dream Catcher"},{"floor":30,"key":"Blue Candle"}],"event_choices":[{"cards_removed":["Fire Breathing"],"damage_healed":37.0,"max_hp_gain":0.0,"max_hp_loss":0.0,"gold_gain":0.0,"event_name":"Bonfire Elementals","player_choice":"Offered Uncommon","floor":11.0,"gold_loss":0.0,"damage_taken":0.0},{"damage_healed":0.0,"max_hp_gain":0.0,"max_hp_loss":25.0,"gold_gain":0.0,"event_name":"Vampires","player_choice":"Became a vampire","floor":21.0,"gold_loss":0.0,"damage_taken":0.0,"cards_obtained":["Bite","Bite","Bite","Bite","Bite"]},{"damage_healed":0.0,"max_hp_gain":0.0,"max_hp_loss":0.0,"gold_gain":0.0,"event_name":"The Library","player_choice":"Read","floor":22.0,"gold_loss":0.0,"damage_taken":0.0,"cards_obtained":["Seeing Red"]},{"cards_removed":["Anger"],"damage_healed":0,"gold_gain":0,"player_choice":"Purged","damage_taken":0,"max_hp_gain":0,"max_hp_loss":0,"event_name":"Purifier","floor":29,"gold_loss":0}],"is_beta":false,"boss_relics":[{"not_picked":["Ectoplasm","Coffee Dripper"],"picked":"Empty Cage"}],"items_purged_floors":[],"is_endless":false,"potions_floor_spawned":[5,6,7,13,16,18,20,23],"killed_by":"Shelled Parasite and Fungi","ascension_level":17}}