{"host":"ac6e1xz8pi3qqstb","time":1608388616,"event":{"mods":["BaseMod","Lobotomy","LobotomyExtend","Minty Spire (QoL Compilation)","MostiFishMod","Relic Stats","Replay The Spire","StSLib","vexMod"],"gold_per_floor":[116,291,305,253,253,253,263,263,263,263,280,136,136,136,136,237,237,254,264,275,69,88,88,114,114,140,153,187,207,207,207,207,310,310,325,348,361,411,426,457,457,468,518,518,327,327,342,360,360,360],"floor_reached":51,"playtime":2926,"items_purged":[],"score":936,"play_id":"4b807ce7-f8fc-4be8-b6d8-1361aa40ef6c","local_time":"20201219223656","is_ascension_mode":false,"campfire_choices":[{"data":"Ghostly Armor","floor":6.0,"key":"SMITH"},{"data":"Body Slam","floor":8.0,"key":"SMITH"},{"data":"Ghostly Armor","floor":10.0,"key":"SMITH"},{"floor":15.0,"key":"RECALL"},{"data":"Body Slam","floor":23.0,"key":"SMITH"},{"data":"Defend_R","floor":25.0,"key":"SMITH"},{"data":"Bash","floor":32,"key":"SMITH"},{"data":"Armaments","floor":41,"key":"SMITH"},{"data":"Entrench","floor":44,"key":"SMITH"}],"circlet_count":0,"master_deck":["Strike_R","Strike_R","Strike_R","Strike_R","Strike_R","Defend_R","Defend_R","Defend_R","Defend_R+1","Bash+1","Ghostly Armor+1","Ghostly Armor+1","Infernal Blade+1","Body Slam+1","MostiFishMod:#F4004+1","Warcry+1","Body Slam+1","Armaments+1","Entrench+1","Madness","Madness","ReplayReversal"],"relics":["Burning Blood","DaveBox","BionicSphere","Question Card","LetterFromLob","Spirit Poop","Golden Egg","Strange Spoon","ReplayTheSpireMod:Lightbulb","Heaven_r","MagicBullet_r","ImportantClient","vexMod:CursedCompass","Replay:Accelerometer","Red Mask","PreservedInsect","Potion Belt","Enchiridion","PatriotShield","Bag of Preparation","StoneCalendar","Anchor","Replay:Bottled Flurry"],"acts_visited":["Exordium","TheCity","TheBeyond"],"potions_floor_usage":[51,51,51,51],"damage_taken":[{"damage":0.0,"enemies":"Jaw Worm","floor":1.0,"turns":3.0},{"damage":0.0,"enemies":"2 Louse","floor":3.0,"turns":3.0},{"damage":0.0,"enemies":"Cultist","floor":7.0,"turns":5.0},{"damage":0.0,"enemies":"Red Slaver","floor":11.0,"turns":4.0},{"damage":9.0,"enemies":"Exordium Wildlife","floor":14.0,"turns":4.0},{"damage":0.0,"enemies":"Fading Forest","floor":16.0,"turns":11.0},{"damage":0.0,"enemies":"Shell Parasite","floor":18.0,"turns":3.0},{"damage":0.0,"enemies":"2 Thieves","floor":19.0,"turns":3.0},{"damage":0.0,"enemies":"Snecko","floor":20.0,"turns":4.0},{"damage":0.0,"enemies":"Snake Plant","floor":22.0,"turns":2.0},{"damage":0.0,"enemies":"Masked Bandits","floor":24.0,"turns":3.0},{"damage":20.0,"enemies":"Shelled Parasite and Fungi","floor":27.0,"turns":3.0},{"damage":0.0,"enemies":"Gremlin Leader","floor":28.0,"turns":3.0},{"damage":0.0,"enemies":"Sentry and Sphere","floor":29.0,"turns":3.0},{"damage":0,"enemies":"Champ","floor":33,"turns":7},{"damage":0,"enemies":"3 Shapes","floor":35,"turns":4},{"damage":0,"enemies":"3 Darklings","floor":37,"turns":1},{"damage":0,"enemies":"Mind Bloom Boss Battle","floor":38,"turns":2},{"damage":24,"enemies":"Transient","floor":39,"turns":5},{"damage":0,"enemies":"Nemesis","floor":40,"turns":3},{"damage":0,"enemies":"Sphere and 2 Shapes","floor":42,"turns":2},{"damage":0,"enemies":"Maw","floor":47,"turns":2},{"damage":0,"enemies":"Jaw Worm Horde","floor":48,"turns":2},{"damage":0,"enemies":"Time Eater","floor":50,"turns":6},{"damage":0,"enemies":"Malkuth","floor":51,"turns":6},{"damage":20,"enemies":"Netzach","floor":51,"turns":4},{"damage":0,"enemies":"Geburah","floor":51,"turns":9},{"damage":0,"enemies":"Binah","floor":51,"turns":13}],"seed_played":"-1077751709131365741","potions_obtained":[{"floor":0.0,"key":"DistilledChaos"},{"floor":0.0,"key":"Swift Potion"},{"floor":0.0,"key":"FearPotion"},{"floor":16.0,"key":"SmokeBomb"},{"floor":28.0,"key":"LifebloodPotion"},{"floor":29.0,"key":"SkillPotion"}],"is_trial":false,"path_per_floor":["M","?","M","$","?","R","M","R","T","R","M","$","T","M","R","B",null,"M","M","M","$","M","R","?","R","T","M","E","M","?","?","R","B",null,"M","T","M","?","M","E","R","M","T","R","$","?","M","M","R","B",null],"character_chosen":"IRONCLAD","items_purchased":["Infernal Blade+1","Strange Spoon","Replay:Accelerometer","Replay:Bottled Flurry"],"campfire_rested":0,"item_purchase_floors":[4,12,21,45],"current_hp_per_floor":[80,80,80,80,80,80,80,80,80,80,80,80,80,77,77,80,80,80,80,80,80,80,80,80,80,80,66,72,78,62,62,62,68,80,80,80,80,80,62,68,68,74,74,74,74,64,70,76,76,80],"gold":360,"neow_bonus":"THREE_SMALL_POTIONS","is_daily":false,"chose_seed":false,"campfire_upgraded":8,"win_rate":0.0,"timestamp":1608388616,"path_taken":["M","?","M","$","?","R","M","R","T","R","?","$","?","M","R","BOSS","M","M","M","$","M","R","?","R","T","M","E","M","?","?","R","BOSS","M","?","M","?","M","E","R","M","T","R","$","?","M","M","R","BOSS"],"items_purchased_type":["Card","Relic","Relic","Relic"],"build_version":"2020-12-13","purchased_purges":0,"victory":true,"max_hp_per_floor":[80,80,80,80,80,80,80,80,80,80,80,80,80,80,80,80,80,80,80,80,80,80,80,80,80,80,80,80,80,80,80,80,80,80,80,80,80,80,80,80,80,80,80,80,80,80,80,80,80,80],"relic_stats":{"Strange Spoon":[38],"counters":[29,126],"StoneCalendar":[104],"PreservedInsect":100,"Bag of Preparation":[26],"Question Card":21,"obtain_stats":[{"Potion Belt":28,"Golden Egg":9,"Replay:Accelerometer":21,"PatriotShield":34,"DaveBox":0,"MagicBullet_r":14,"Spirit Poop":5,"Enchiridion":30,"StoneCalendar":38,"PreservedInsect":26,"Bag of Preparation":36,"Question Card":1,"Burning Blood":0,"Heaven_r":14,"Strange Spoon":12,"Anchor":40,"BionicSphere":0,"LetterFromLob":1,"vexMod:CursedCompass":17,"Red Mask":24,"Replay:Bottled Flurry":45,"ReplayTheSpireMod:Lightbulb":13,"ImportantClient":16},{"Potion Belt":13,"Golden Egg":3,"Replay:Accelerometer":9,"PatriotShield":15,"DaveBox":0,"MagicBullet_r":5,"Spirit Poop":2,"Enchiridion":14,"StoneCalendar":18,"PreservedInsect":11,"Bag of Preparation":16,"Question Card":1,"Burning Blood":0,"Heaven_r":5,"Strange Spoon":4,"Anchor":20,"BionicSphere":0,"LetterFromLob":1,"vexMod:CursedCompass":6,"Red Mask":11,"Replay:Bottled Flurry":21,"ReplayTheSpireMod:Lightbulb":4,"ImportantClient":6},{"Potion Belt":51,"Golden Egg":11,"Replay:Accelerometer":40,"PatriotShield":61,"DaveBox":0,"MagicBullet_r":19,"Spirit Poop":6,"Enchiridion":54,"StoneCalendar":68,"PreservedInsect":45,"Bag of Preparation":65,"Question Card":3,"Burning Blood":0,"Heaven_r":19,"Strange Spoon":15,"Anchor":76,"BionicSphere":0,"LetterFromLob":3,"vexMod:CursedCompass":30,"Red Mask":45,"Replay:Bottled Flurry":78,"ReplayTheSpireMod:Lightbulb":15,"ImportantClient":30}],"Burning Blood":73},"card_choices":[{"not_picked":["Anger","Dual Wield"],"picked":"Ghostly Armor","floor":1.0},{"not_picked":["Sentinel","ReplayTheSpireMod:Corrosion Curse","Seeing Red"],"picked":"Ghostly Armor","floor":3.0},{"not_picked":["Shrug It Off","Infernal Blade","Heavy Blade"],"picked":"Body Slam","floor":7.0},{"not_picked":["Replay:Undeath\u0027s Touch","Clothesline","Run Through","Feed"],"picked":"SKIP","floor":11.0},{"not_picked":["Double Tap","Eclipse","Immolate"],"picked":"MostiFishMod:#F4004","floor":16.0},{"not_picked":["Warcry","Heavy Blade","Inflame","Cleave+1"],"picked":"SKIP","floor":18.0},{"not_picked":["Perfected Strike","Headbutt","Abandon"],"picked":"Warcry+1","floor":19.0},{"not_picked":["Sentinel+1","Searing Blow","ReplayTheSpireMod:Limb From Limb"],"picked":"Body Slam","floor":20.0},{"not_picked":["Corruption","Rampage","Body Slam","Cleave+1"],"picked":"SKIP","floor":22.0},{"not_picked":["MostiFishMod:OrdinaryWorld","Cleave+1","Disarm","Thunderclap"],"picked":"SKIP","floor":27.0},{"not_picked":["Defy Death","ReplayTheSpireMod:Strike From Hell","Twin Strike","Cleave+1"],"picked":"SKIP","floor":28.0},{"not_picked":["Perfected Strike","Carnage+1","True Grit","Whirlwind"],"picked":"SKIP","floor":29.0},{"not_picked":["Evolve","Warcry+1","Replay:Undeath\u0027s Touch+1","Perfected Strike+1"],"picked":"SKIP","floor":35},{"not_picked":["Shrug It Off","Intimidate+1","Pommel Strike","Perfected Strike+1"],"picked":"SKIP","floor":37},{"not_picked":["Anger","Combust","Spot Weakness+1"],"picked":"Armaments","floor":38},{"not_picked":["Sentinel+1","Flex","Shrug It Off+1","Run Through+1"],"picked":"SKIP","floor":39},{"not_picked":["Flex+1","Dark Embrace","Cleave+1","Carnage+1"],"picked":"SKIP","floor":40},{"not_picked":["Perfected Strike","Pommel Strike+1","Clothesline"],"picked":"Entrench","floor":42},{"not_picked":["Dark Embrace+1","Warcry+1","Inflame+1"],"picked":"ReplayReversal","floor":47},{"not_picked":["True Grit","Demon Form","Dropkick","Bloodletting+1"],"picked":"SKIP","floor":48}],"player_experience":379095,"relics_obtained":[{"floor":1.0,"key":"Question Card"},{"floor":1.0,"key":"LetterFromLob"},{"floor":9.0,"key":"Golden Egg"},{"floor":13.0,"key":"ReplayTheSpireMod:Lightbulb"},{"floor":16.0,"key":"ImportantClient"},{"floor":24.0,"key":"Red Mask"},{"floor":26.0,"key":"PreservedInsect"},{"floor":28.0,"key":"Potion Belt"},{"floor":30.0,"key":"Enchiridion"},{"floor":36,"key":"Bag of Preparation"},{"floor":38,"key":"StoneCalendar"},{"floor":40,"key":"Anchor"}],"event_choices":[{"damage_healed":0.0,"max_hp_gain":0.0,"max_hp_loss":0.0,"gold_gain":175.0,"event_name":"Liars Game","player_choice":"AGREE","floor":2.0,"gold_loss":0.0,"damage_taken":0.0,"cards_obtained":["Doubt"]},{"cards_removed":["Doubt"],"damage_healed":0.0,"max_hp_gain":0.0,"max_hp_loss":0.0,"gold_gain":0.0,"event_name":"Bonfire Elementals","player_choice":"Offered Curse","floor":5.0,"gold_loss":0.0,"damage_taken":0.0,"relics_obtained":["Spirit Poop"]},{"damage_healed":0.0,"max_hp_gain":0.0,"max_hp_loss":0.0,"gold_gain":0.0,"event_name":"Masked Bandits","player_choice":"Fought Bandits","floor":24.0,"gold_loss":0.0,"damage_taken":0.0},{"damage_healed":0.0,"max_hp_gain":0.0,"max_hp_loss":0.0,"gold_gain":0.0,"event_name":"Cursed Tome","player_choice":"Obtained Book","floor":30.0,"gold_loss":0.0,"damage_taken":16.0},{"damage_healed":0,"gold_gain":0,"player_choice":"0 cards matched","damage_taken":0,"max_hp_gain":0,"max_hp_loss":0,"event_name":"Match and Keep!","floor":31,"gold_loss":0,"cards_obtained":[]},{"damage_healed":0,"gold_gain":0,"player_choice":"Fight","damage_taken":0,"max_hp_gain":0,"max_hp_loss":0,"event_name":"MindBloom","floor":38,"gold_loss":0},{"damage_healed":0,"gold_gain":0,"player_choice":"Embrace Madness","damage_taken":10,"max_hp_gain":0,"max_hp_loss":0,"event_name":"Winding Halls","floor":46,"gold_loss":0,"cards_obtained":["Madness","Madness"]},{"damage_healed":0,"gold_gain":0,"player_choice":"Ignored","damage_taken":0,"max_hp_gain":0,"max_hp_loss":0,"event_name":"Mysterious Sphere","floor":49,"gold_loss":0}],"is_beta":false,"boss_relics":[{"not_picked":["BirthdayGift-Icosahedron","Tiny House"],"picked":"vexMod:CursedCompass"},{"not_picked":["Runic Cube","FeatherPendant"],"picked":"PatriotShield"}],"items_purged_floors":[],"is_endless":false,"potions_floor_spawned":[7,14,16,19,28,29,35,37,48],"ascension_level":0}}