{"host":"o3t9m50m4q0n13yw","time":1608414436,"event":{"mods":["BaseMod","Marisa????????","Minty Spire (QoL Compilation)","StSLib"],"gold_per_floor":[118,137,102,102,102,102,119,194,194,194,213,213,254,112,112,112,112],"floor_reached":16,"playtime":514,"items_purged":["Pain"],"score":147,"play_id":"8401b5a3-69d7-44e5-9105-444a03d56d11","local_time":"20201219154716","is_ascension_mode":true,"campfire_choices":[{"data":"Footwork","floor":6.0,"key":"SMITH"},{"floor":12.0,"key":"REST"},{"floor":15.0,"key":"REST"}],"circlet_count":0,"master_deck":["AscendersBane","Strike_G","Strike_G+1","Strike_G","Strike_G","Strike_G","Defend_G","Defend_G","Defend_G","Defend_G","Defend_G+1","Survivor","Neutralize","Footwork+1","Injury","Footwork"],"relics":["Ring of the Snake","CaptainsWheel","Pantograph","Torii","Golden Idol","Ninja Scroll"],"acts_visited":[],"potions_floor_usage":[16],"damage_taken":[{"damage":8.0,"enemies":"Cultist","floor":1.0,"turns":5.0},{"damage":12.0,"enemies":"2 Louse","floor":2.0,"turns":3.0},{"damage":15.0,"enemies":"Jaw Worm","floor":7.0,"turns":4.0},{"damage":1.0,"enemies":"2 Fungi Beasts","floor":11.0,"turns":5.0},{"damage":37.0,"enemies":"Gremlin Nob","floor":13.0,"turns":6.0},{"damage":56,"enemies":"Slime Boss","floor":16,"turns":15}],"seed_played":"-746866695959321394","potions_obtained":[{"floor":1.0,"key":"SteroidPotion"},{"floor":7.0,"key":"SteroidPotion"},{"floor":13.0,"key":"DistilledChaos"}],"is_trial":false,"path_per_floor":["M","M","?","?","?","R","M","?","T","?","M","R","E","$","R","B"],"character_chosen":"THE_SILENT","items_purchased":["Footwork"],"campfire_rested":2,"item_purchase_floors":[14],"current_hp_per_floor":[55,43,60,46,46,46,31,20,20,20,19,40,3,3,24,0,0],"gold":112,"neow_bonus":"ONE_RARE_RELIC","is_daily":false,"chose_seed":false,"campfire_upgraded":1,"win_rate":0.0,"timestamp":1608414436,"path_taken":["M","?","?","?","?","R","?","?","T","?","M","R","E","$","R","BOSS"],"items_purchased_type":["Card"],"build_version":"2020-12-13","purchased_purges":1,"victory":false,"max_hp_per_floor":[70,70,70,70,70,70,70,70,70,70,70,70,70,70,70,70,70],"card_choices":[{"not_picked":["Dagger Spray","Prepared"],"picked":"Footwork","floor":1.0},{"not_picked":["Blade Dance","Sucker Punch","Distraction"],"picked":"SKIP","floor":2.0},{"not_picked":["Outmaneuver","Blade Dance","Accuracy"],"picked":"SKIP","floor":7.0},{"not_picked":["Dash","Accuracy","Backflip"],"picked":"SKIP","floor":11.0},{"not_picked":["Quick Slash","Catalyst","Unload"],"picked":"SKIP","floor":13.0}],"player_experience":700876,"relics_obtained":[{"floor":5.0,"key":"Pantograph"},{"floor":9.0,"key":"Torii"},{"floor":13.0,"key":"Ninja Scroll"}],"event_choices":[{"damage_healed":17.0,"max_hp_gain":0.0,"max_hp_loss":0.0,"gold_gain":0.0,"event_name":"The Cleric","player_choice":"Healed","floor":3.0,"gold_loss":35.0,"damage_taken":0.0},{"damage_healed":0.0,"max_hp_gain":0.0,"max_hp_loss":0.0,"gold_gain":0.0,"event_name":"Shining Light","player_choice":"Entered Light","floor":4.0,"gold_loss":0.0,"damage_taken":14.0,"cards_upgraded":["Defend_G","Strike_G"]},{"damage_healed":0.0,"max_hp_gain":0.0,"max_hp_loss":0.0,"gold_gain":0.0,"event_name":"Wheel of Change","player_choice":"Relic","floor":5.0,"gold_loss":0.0,"damage_taken":0.0},{"damage_healed":0.0,"max_hp_gain":0.0,"max_hp_loss":0.0,"gold_gain":75.0,"event_name":"World of Goop","player_choice":"Gather Gold","floor":8.0,"gold_loss":0.0,"damage_taken":11.0},{"damage_healed":0.0,"max_hp_gain":0.0,"max_hp_loss":0.0,"gold_gain":0.0,"event_name":"Golden Idol","player_choice":"Take Wound","floor":10.0,"gold_loss":0.0,"damage_taken":0.0,"relics_obtained":["Golden Idol"],"cards_obtained":["Injury"]}],"is_beta":false,"boss_relics":[],"items_purged_floors":[14],"is_endless":false,"potions_floor_spawned":[1,7,13],"killed_by":"Slime Boss","ascension_level":10}}