{"host":"8u7tvcybuv0u72fd","time":1608338129,"event":{"mods":["BaseMod","BetterRewards","Colored Map","Colored Powertips","Minty Spire (QoL Compilation)","Quick Restart","Shop Mod"],"gold_per_floor":[23,23,43,43,68,68,109,109,109,149,224,224,238,263,263,384,384,405,429,133,147,147,147,147,165,219,219,219,258,282,305,305,424,487,503,571,634,433,433,433,447,463,513,546,567,567,567,581,581,581,581,581,15,47,47],"floor_reached":56,"playtime":3437,"items_purged":["Strike_R"],"score":1582,"play_id":"2dad3514-1c0d-4830-b1f1-f0ae5b26a75c","local_time":"20201218193529","is_ascension_mode":false,"campfire_choices":[{"data":"Bash","floor":6.0,"key":"SMITH"},{"data":"Double Tap","floor":8.0,"key":"SMITH"},{"data":"Body Slam","floor":15.0,"key":"SMITH"},{"data":"Berserk","floor":23.0,"key":"SMITH"},{"data":"Shrug It Off","floor":27.0,"key":"SMITH"},{"data":"Bite","floor":32.0,"key":"SMITH"},{"data":"Uppercut","floor":40.0,"key":"SMITH"},{"data":"Bite","floor":46.0,"key":"SMITH"},{"floor":49.0,"key":"RECALL"},{"data":"Bite","floor":52.0,"key":"SMITH"}],"circlet_count":0,"master_deck":["Defend_R+1","Defend_R","Defend_R","Defend_R+1","Bash+1","Headbutt","Inflame","Double Tap+1","Shrug It Off+1","Feed+1","Body Slam+1","Berserk+1","Bite+1","Bite","Bite+1","Bite+1","Bite+1","Flame Barrier+1","Uppercut+1","Disarm+1","Pommel Strike+1","Heavy Blade+1"],"relics":["Burning Blood","Vajra","White Beast Statue","Pantograph","Busted Crown","Kunai","Potion Belt","Bag of Marbles","The Courier","Calipers","Membership Card","MerchantsRug","Art of War","Molten Egg 2","TungstenRod","Paper Frog","Boot","Strawberry","Lee\u0027s Waffle","War Paint","Oddly Smooth Stone","Anchor","Bag of Preparation","Pear","Pen Nib"],"acts_visited":["Exordium","TheCity","TheBeyond","TheEnding"],"potions_floor_usage":[54,55,55,55,55,55,55,55],"damage_taken":[{"damage":2.0,"enemies":"2 Louse","floor":1.0,"turns":4.0},{"damage":6.0,"enemies":"Jaw Worm","floor":3.0,"turns":3.0},{"damage":0.0,"enemies":"Small Slimes","floor":5.0,"turns":3.0},{"damage":19.0,"enemies":"Lagavulin","floor":7.0,"turns":7.0},{"damage":6.0,"enemies":"Gremlin Nob","floor":10.0,"turns":3.0},{"damage":1.0,"enemies":"3 Louse","floor":13.0,"turns":2.0},{"damage":3.0,"enemies":"Lots of Slimes","floor":14.0,"turns":4.0},{"damage":24.0,"enemies":"The Guardian","floor":16.0,"turns":8.0},{"damage":0.0,"enemies":"Chosen","floor":18.0,"turns":3.0},{"damage":5.0,"enemies":"3 Byrds","floor":19.0,"turns":4.0},{"damage":33.0,"enemies":"Shelled Parasite and Fungi","floor":21.0,"turns":6.0},{"damage":24.0,"enemies":"Snake Plant","floor":25.0,"turns":3.0},{"damage":31.0,"enemies":"Slavers","floor":29.0,"turns":4.0},{"damage":8.0,"enemies":"3 Cultists","floor":30.0,"turns":5.0},{"damage":22.0,"enemies":"Snecko","floor":31.0,"turns":3.0},{"damage":66.0,"enemies":"Collector","floor":33.0,"turns":13.0},{"damage":11.0,"enemies":"3 Darklings","floor":35.0,"turns":6.0},{"damage":24.0,"enemies":"Mind Bloom Boss Battle","floor":37.0,"turns":7.0},{"damage":16.0,"enemies":"3 Shapes","floor":41.0,"turns":3.0},{"damage":20.0,"enemies":"Sphere and 2 Shapes","floor":42.0,"turns":5.0},{"damage":71.0,"enemies":"Nemesis","floor":44.0,"turns":7.0},{"damage":33.0,"enemies":"Jaw Worm Horde","floor":45.0,"turns":6.0},{"damage":5.0,"enemies":"4 Shapes","floor":48.0,"turns":6.0},{"damage":132.0,"enemies":"Donu and Deca","floor":50.0,"turns":12.0},{"damage":71,"enemies":"Shield and Spear","floor":54,"turns":6},{"damage":104,"enemies":"The Heart","floor":55,"turns":9}],"seed_played":"6055276258838050605","potions_obtained":[{"floor":1.0,"key":"EssenceOfSteel"},{"floor":5.0,"key":"Block Potion"},{"floor":7.0,"key":"Strength Potion"},{"floor":10.0,"key":"Block Potion"},{"floor":16.0,"key":"Fire Potion"},{"floor":18.0,"key":"FearPotion"},{"floor":19.0,"key":"Swift Potion"},{"floor":21.0,"key":"PowerPotion"},{"floor":25.0,"key":"SteroidPotion"},{"floor":29.0,"key":"Dexterity Potion"},{"floor":30.0,"key":"BloodPotion"},{"floor":31.0,"key":"LiquidBronze"},{"floor":33.0,"key":"EntropicBrew"},{"floor":34.0,"key":"DuplicationPotion"},{"floor":35.0,"key":"PowerPotion"},{"floor":44.0,"key":"ElixirPotion"},{"floor":45.0,"key":"SkillPotion"},{"floor":54,"key":"Energy Potion"}],"is_trial":false,"path_per_floor":["M","?","M","?","M","R","E","R","T","E","?","?","M","M","R","B",null,"M","M","$","M","?","R","?","M","T","R","?","E","M","M","R","B",null,"M","T","?","$","?","R","M","M","T","E","M","R","T","M","R","B",null,"R","$","E","B",null],"character_chosen":"IRONCLAD","items_purchased":["Vajra","Fruit Juice","Omamori","Whetstone","Tiny Chest","Membership Card","MerchantsRug","FairyPotion","TungstenRod","Paper Frog","Boot","Strawberry","Lee\u0027s Waffle","War Paint","Oddly Smooth Stone","Anchor","Bag of Preparation","Pear"],"campfire_rested":0,"item_purchase_floors":[0,0,0,20,20,38,38,38,53,53,53,53,53,53,53,53,53,53],"current_hp_per_floor":[66,66,66,59,65,65,66,66,66,66,55,55,63,69,69,79,108,108,111,111,88,80,80,80,70,70,70,70,65,83,79,79,69,101,101,101,101,101,101,101,104,109,109,91,88,88,88,109,109,30,113,113,137,99,50],"gold":47,"neow_bonus":"","is_daily":false,"chose_seed":false,"campfire_upgraded":9,"win_rate":0.0,"timestamp":1608338129,"path_taken":["M","?","M","?","M","R","E","R","T","E","?","?","M","?","R","BOSS","M","M","$","M","?","R","?","M","T","R","?","E","M","M","R","BOSS","M","?","?","$","?","R","M","M","T","E","M","R","?","M","R","BOSS","R","$","E","BOSS"],"items_purchased_type":["Relic","Potion","Relic","Relic","Relic","Relic","Relic","Potion","Relic","Relic","Relic","Relic","Relic","Relic","Relic","Relic","Relic","Relic"],"build_version":"2020-12-13","purchased_purges":1,"victory":true,"max_hp_per_floor":[85,85,85,85,85,85,99,99,99,99,99,99,102,105,105,108,108,108,111,111,115,80,80,80,84,84,84,84,88,92,92,92,96,101,101,101,101,101,101,101,105,109,109,109,113,113,113,113,113,113,113,113,137,137,137],"card_choices":[{"not_picked":["Twin Strike","Feel No Pain","Thunderclap"],"picked":"SKIP","floor":1.0},{"not_picked":["Havoc","Evolve"],"picked":"Headbutt","floor":3.0},{"not_picked":["Perfected Strike","Flex"],"picked":"Inflame","floor":5.0},{"not_picked":["Thunderclap","Sentinel"],"picked":"Double Tap","floor":7.0},{"not_picked":["Spot Weakness","Second Wind"],"picked":"Shrug It Off","floor":10.0},{"not_picked":["Thunderclap","Heavy Blade"],"picked":"Body Slam","floor":13.0},{"not_picked":["Combust","Anger","Warcry"],"picked":"SKIP","floor":14.0},{"not_picked":["Double Tap","Immolate"],"picked":"Berserk","floor":16.0},{"not_picked":["Entrench"],"picked":"SKIP","floor":18.0},{"not_picked":["Anger"],"picked":"SKIP","floor":19.0},{"not_picked":["Dropkick"],"picked":"SKIP","floor":21.0},{"not_picked":["Wild Strike"],"picked":"SKIP","floor":25.0},{"not_picked":[],"picked":"Flame Barrier+1","floor":29.0},{"not_picked":["Pummel"],"picked":"SKIP","floor":30.0},{"not_picked":["Entrench+1"],"picked":"SKIP","floor":31.0},{"not_picked":["Havoc"],"picked":"SKIP","floor":35.0},{"not_picked":[],"picked":"Uppercut","floor":37.0},{"not_picked":["Disarm"],"picked":"SKIP","floor":41.0},{"not_picked":["Havoc+1"],"picked":"SKIP","floor":42.0},{"not_picked":[],"picked":"Disarm+1","floor":44.0},{"not_picked":[],"picked":"Pommel Strike+1","floor":45.0},{"not_picked":["Iron Wave+1"],"picked":"SKIP","floor":48.0},{"not_picked":[],"picked":"Heavy Blade+1","floor":54}],"player_experience":1176145,"relics_obtained":[{"floor":7.0,"key":"Mango"},{"floor":9.0,"key":"White Beast Statue"},{"floor":10.0,"key":"Pantograph"},{"floor":26.0,"key":"Potion Belt"},{"floor":29.0,"key":"Bag of Marbles"},{"floor":36.0,"key":"The Courier"},{"floor":37.0,"key":"Calipers"},{"floor":44.0,"key":"Art of War"},{"floor":47.0,"key":"Molten Egg 2"},{"floor":54,"key":"Pen Nib"}],"event_choices":[{"damage_healed":0.0,"max_hp_gain":0.0,"max_hp_loss":0.0,"gold_gain":0.0,"event_name":"Golden Idol","player_choice":"Take Wound","floor":2.0,"gold_loss":0.0,"damage_taken":0.0,"relics_obtained":["Golden Idol"],"cards_obtained":["Injury"]},{"cards_removed":["Strike_R"],"damage_healed":0.0,"max_hp_gain":0.0,"max_hp_loss":0.0,"gold_gain":0.0,"event_name":"Golden Wing","player_choice":"Card Removal","floor":4.0,"gold_loss":0.0,"damage_taken":7.0},{"damage_healed":0.0,"max_hp_gain":0.0,"max_hp_loss":0.0,"gold_gain":75.0,"event_name":"World of Goop","player_choice":"Gather Gold","floor":11.0,"gold_loss":0.0,"damage_taken":11.0},{"damage_healed":0.0,"max_hp_gain":0.0,"max_hp_loss":0.0,"gold_gain":0.0,"event_name":"Match and Keep!","player_choice":"1 cards matched","floor":12.0,"gold_loss":0.0,"damage_taken":0.0,"cards_obtained":["Feed"]},{"damage_healed":0.0,"max_hp_gain":0.0,"max_hp_loss":35.0,"gold_gain":0.0,"event_name":"Vampires","player_choice":"Became a vampire","floor":22.0,"gold_loss":0.0,"damage_taken":0.0,"cards_obtained":["Bite","Bite","Bite","Bite","Bite"]},{"damage_healed":0.0,"max_hp_gain":0.0,"max_hp_loss":0.0,"gold_gain":0.0,"event_name":"The Mausoleum","player_choice":"Opened","floor":24.0,"gold_loss":0.0,"damage_taken":0.0,"relics_obtained":["Kunai"]},{"damage_healed":0.0,"max_hp_gain":0.0,"max_hp_loss":0.0,"gold_gain":0.0,"event_name":"Ghosts","player_choice":"Ignored","floor":28.0,"gold_loss":0.0,"damage_taken":0.0},{"damage_healed":0.0,"max_hp_gain":0.0,"max_hp_loss":0.0,"gold_gain":0.0,"event_name":"MindBloom","player_choice":"Fight","floor":37.0,"gold_loss":0.0,"damage_taken":0.0},{"damage_healed":0.0,"max_hp_gain":0.0,"max_hp_loss":0.0,"gold_gain":0.0,"event_name":"Tomb of Lord Red Mask","player_choice":"Ignored","floor":39.0,"gold_loss":0.0,"damage_taken":0.0}],"is_beta":false,"boss_relics":[{"not_picked":["Pandora\u0027s Box","SacredBark"],"picked":"Busted Crown"},{"not_picked":["Fusion Hammer","Velvet Choker"],"picked":"Tiny House"}],"items_purged_floors":[0],"is_endless":false,"potions_floor_spawned":[1,5,7,10,13,14,16,18,19,21,25,29,30,31,33,35,37,41,42,44,45,48,54],"ascension_level":0}}