{"host":"0hox0qpnlg577bpn","time":1608373675,"event":{"mods":["BaseMod","BetterRewards","Downfall","Minty Spire (QoL Compilation)","Remove Card Discount Mod","Replay The Spire","Shop Mod","StSLib"],"gold_per_floor":[99,100019,100019,100019,99773,99786,99813,99454,99466,99499,99511,99524,99535,99535,99596,99693,99693,99693,99711,99378,99118,99152,99170,99197,98731,98506,98538,98538,98554,98654,98654,98665,98766,98866,98866,98877,98544,98165,98210,98225,98225,98225,98252,98252,98268,97919,97919,97981,98041,98041,98041,98069,97769,97769,97769],"floor_reached":56,"playtime":4510,"items_purged":["Slimebound:Strike_Slimebound","Slimebound:Tackle","Slimebound:Defend_Slimebound","Flash of Steel","Slimebound:ViciousTackle","Slimebound:Overexert+1","Slimebound:Replication","Slimebound:Gluttony","Slimebound:CorrosiveSpit","Slimebound:HauntingLick","Apotheosis","Slimebound:RallyTheTroops","Slimebound:Darklings+1"],"score":1317,"play_id":"7b84e786-72de-496b-855c-f87ea2a817cf","local_time":"20201219182755","is_ascension_mode":false,"campfire_choices":[{"data":"Slimebound:Defend_Slimebound","floor":1.0,"key":"PURGE"},{"floor":4,"key":"RECALL"},{"data":"Slimebound:LeechEnergy","floor":26,"key":"SMITH"},{"data":"Slimebound:LeechEnergy","floor":35,"key":"SMITH"},{"data":"Slimebound:DouseInSlime","floor":42,"key":"SMITH"},{"data":"Slimebound:SplitMire","floor":44,"key":"SMITH"},{"data":"Flash of Steel","floor":54,"key":"SMITH"},{"data":"Flash of Steel","floor":54,"key":"SMITH"}],"circlet_count":0,"master_deck":["Flash of Steel+1","Flash of Steel+1","Finesse","Slimebound:Split+1","Slimebound:LeechEnergy+1","Slimebound:LeechEnergy+1","Slimebound:RallyTheTroops","Slimebound:LeadByExample+1","Slimebound:SplitMire+1","Panache+1","Slimebound:LeechEnergy+1","Slimebound:DouseInSlime+1","Finesse","Sadistic Nature+1"],"relics":["Slimebound:AbsorbEndCombat","MerchantsRug","Membership Card","Regal Pillow","Art of War","Replay:Ringing Soul","Pondfish Scales","ClockworkSouvenir","Letter Opener","ReplayTheSpireMod:Ring of Challenge","Ring of Hypnosis","Coffee Dripper","Omamori","Frozen Egg 2","Happy Flower","Pen Nib","Chemical X","Bronze Scales","Bag of Preparation","Bag of Marbles","OrangePellets","Pet Ghost","downfall:HeartBlessingGreen","downfall:HeartBlessingRed","downfall:HeartBlessingBlue","Bottled Flame","MutagenicStrength","Replay:Wanted Poster","Molten Egg 2","Darkstone Periapt","Blue Candle","Pear","Replay:Bottled Steam","Chameleon Ring","Eternal Feather","War Paint","Medical Kit","Replay:Arrowhead","Boot"],"acts_visited":["Exordium","TheCity","TheBeyond","TheEnding"],"potions_floor_usage":[5,19,32,55],"damage_taken":[{"damage":5,"enemies":"2 Louse","floor":2,"turns":2},{"damage":12,"enemies":"downfall:FleeingMerchant","floor":5,"turns":3},{"damage":4,"enemies":"Cultist","floor":6,"turns":2},{"damage":1,"enemies":"Jaw Worm","floor":9,"turns":2},{"damage":0,"enemies":"Replay:BlueRogue","floor":10,"turns":2},{"damage":0,"enemies":"2 Fungi Beasts","floor":11,"turns":2},{"damage":0,"enemies":"Exordium Wildlife","floor":12,"turns":2},{"damage":7,"enemies":"Red Slaver","floor":13,"turns":2},{"damage":0,"enemies":"2 Fungi Beasts","floor":15,"turns":3},{"damage":8,"enemies":"downfall:Ironclad","floor":16,"turns":3},{"damage":6,"enemies":"Chosen","floor":19,"turns":2},{"damage":10,"enemies":"Replay:Snechameleon","floor":22,"turns":2},{"damage":13,"enemies":"3 Byrds","floor":23,"turns":2},{"damage":21,"enemies":"Slavers","floor":27,"turns":2},{"damage":14,"enemies":"Snake Plant","floor":29,"turns":2},{"damage":26,"enemies":"downfall:Augmenter","floor":30,"turns":2},{"damage":12,"enemies":"3 Cultists","floor":32,"turns":2},{"damage":27,"enemies":"downfall:Silent","floor":33,"turns":3},{"damage":8,"enemies":"3 Shapes","floor":36,"turns":2},{"damage":0,"enemies":"Orb Walker","floor":40,"turns":1},{"damage":15,"enemies":"R_Hoarder","floor":43,"turns":3},{"damage":13,"enemies":"4 Shapes","floor":45,"turns":2},{"damage":26,"enemies":"Jaw Worm Horde","floor":48,"turns":2},{"damage":4,"enemies":"Maw","floor":49,"turns":2},{"damage":5,"enemies":"downfall:Defect","floor":50,"turns":2},{"damage":5,"enemies":"downfall:CharBossMerchant","floor":52,"turns":2},{"damage":13,"enemies":"downfall:NeowBoss","floor":55,"turns":8}],"seed_played":"8441160363708850705","potions_obtained":[{"floor":2,"key":"Fire Potion"},{"floor":3,"key":"LiquidBronze"},{"floor":3,"key":"Swift Potion"},{"floor":19,"key":"Fruit Juice"},{"floor":28,"key":"CultistPotion"},{"floor":32,"key":"GamblersBrew"},{"floor":33,"key":"Adrenaline Potion"},{"floor":45,"key":"Swift Potion"}],"is_trial":false,"path_per_floor":["R","M","?","R","$","M","T","$","M","E","M","M","M","?","M","B",null,"R","M","$","$","E","M","T","$","R","E","?","M","?","?","M","B",null,"R","M","?","$","?","M","T","R","E","R","M","$","?","M","M","B",null,"E","$","R","B",null],"character_chosen":"SLIMEBOUND","items_purchased":["MerchantsRug","Membership Card","Regal Pillow","Art of War","Slimebound:Gluttony","FairyPotion","Replay:Ringing Soul","Pondfish Scales","ClockworkSouvenir","Omamori","Frozen Egg 2","Slimebound:LeadByExample+1","Apotheosis","Happy Flower","Pen Nib","Chemical X","Slimebound:LeadByExample+1","Panache+1","Bag of Marbles","OrangePellets","Pet Ghost","Slimebound:RallyTheTroops","Slimebound:Overexert+1","Molten Egg 2","Slimebound:DouseInSlime","Finesse","Darkstone Periapt","Chameleon Ring","Eternal Feather","Sadistic Nature+1","Medical Kit","Replay:Arrowhead","Boot"],"campfire_rested":0,"item_purchase_floors":[5,5,5,5,5,5,8,8,8,20,20,20,20,21,21,21,21,25,25,25,25,25,25,38,38,38,38,46,46,46,53,53,53],"current_hp_per_floor":[66,77,77,77,97,117,117,117,135,167,183,203,208,208,228,271,672,672,677,680,683,686,685,685,688,698,693,693,691,684,668,687,704,708,708,700,797,800,600,612,622,622,661,661,672,675,678,672,696,727,816,816,816,816,816],"gold":97769,"neow_bonus":"TEN_PERCENT_HP_BONUS","is_daily":false,"chose_seed":false,"campfire_upgraded":6,"win_rate":0.0,"timestamp":1608373675,"path_taken":["R","M","?","R","$","?","T","$","M","E","M","?","M","?","M","BOSS","R","M","$","$","E","M","T","$","R","E","?","M","?","?","M","BOSS","R","M","?","$","?","M","T","R","E","R","?","$","?","M","M","BOSS","E","$","R","BOSS"],"items_purchased_type":["Relic","Relic","Relic","Relic","Card","Potion","Relic","Relic","Relic","Relic","Relic","Card","Card","Relic","Relic","Relic","Card","Card","Relic","Relic","Relic","Card","Card","Relic","Card","Card","Relic","Relic","Relic","Card","Relic","Relic","Relic"],"build_version":"2020-12-13","purchased_purges":13,"victory":true,"max_hp_per_floor":[66,666,666,666,666,666,666,666,669,669,669,669,669,669,669,672,672,672,677,680,683,686,686,686,689,699,702,702,702,705,705,708,708,708,708,708,797,800,800,800,810,810,810,810,810,813,816,816,816,816,816,816,816,816,816],"card_choices":[{"not_picked":["Slimebound:HungryTackle","Slimebound:LivingWall"],"picked":"Slimebound:LeechEnergy","floor":2},{"not_picked":["Slimebound:FinishingTackle","Slimebound:PressTheAttack","Slimebound:HungryTackle"],"picked":"SKIP","floor":5},{"not_picked":["Slimebound:GoopSpray","Slimebound:ForwardTackle"],"picked":"Slimebound:HauntingLick","floor":6},{"not_picked":["Slimebound:ViciousTackle","Slimebound:GrowthPunch"],"picked":"Slimebound:LeechEnergy","floor":9},{"not_picked":["Slimebound:SplitAcid","Slimebound:SlimeSlap","Slimebound:Schlurp"],"picked":"SKIP","floor":10},{"not_picked":["Slimebound:PressTheAttack","Slimebound:FinishingTackle","Slimebound:Chomp"],"picked":"SKIP","floor":11},{"not_picked":["Slimebound:SplitBruiser","Slimebound:Recollect","Slimebound:Chomp"],"picked":"SKIP","floor":12},{"not_picked":["Slimebound:SplitMire","Slimebound:FinishingTackle","Slimebound:LeechLife"],"picked":"SKIP","floor":13},{"not_picked":["Slimebound:SplitAcid","Slimebound:ViciousTackle","Slimebound:PressTheAttack"],"picked":"SKIP","floor":15},{"not_picked":["Slimebound:OozeBath","Slimebound:SlimeSlap"],"picked":"Slimebound:RallyTheTroops","floor":16},{"not_picked":["Slimebound:GrowthPunch","Slimebound:SlimeBarrage","Slimebound:ProtectTheBoss+1"],"picked":"SKIP","floor":19},{"not_picked":["Slimebound:Recollect","Slimebound:PressTheAttack"],"picked":"Slimebound:SplitMire","floor":22},{"not_picked":["Slimebound:ComboTackle","Slimebound:PressTheAttack+1","Slimebound:LeadByExample+1"],"picked":"SKIP","floor":23},{"not_picked":["Slimebound:GrowthPunch","Slimebound:SamplingLick"],"picked":"Slimebound:Replication","floor":27},{"not_picked":["Slimebound:LeadByExample+1","Slimebound:SamplingLick","Slimebound:LeechEnergy+1"],"picked":"SKIP","floor":29},{"not_picked":["Slimebound:SplitAcid","Slimebound:SamplingLick+1"],"picked":"Slimebound:LeechEnergy","floor":32},{"not_picked":["Slimebound:SplitBruiser","Slimebound:Recollect","Slimebound:RainOfGoop"],"picked":"SKIP","floor":36},{"not_picked":["Slimebound:Chomp+1","Slimebound:SlimeBrawl","Slimebound:MegaLick+1"],"picked":"SKIP","floor":40},{"not_picked":["Slimebound:HauntingLick","Slimebound:SlimeSpikes","Slimebound:Replication+1"],"picked":"SKIP","floor":43},{"not_picked":["Slimebound:LeechEnergy+1","Slimebound:SpikyOuterGoop+1","Slimebound:SlimeSpikes"],"picked":"SKIP","floor":45},{"not_picked":["Slimebound:FinishingTackle+1","Slimebound:Repurpose+1","Slimebound:PressTheAttack+1"],"picked":"SKIP","floor":48},{"not_picked":["Slimebound:LevelUp+1","Slimebound:DivideAndConquer","Slimebound:MassFeed+1"],"picked":"SKIP","floor":49},{"not_picked":["Slimebound:Nibble+1","Slimebound:SplitLeeching+1","Slimebound:SplitAcid"],"picked":"SKIP","floor":52}],"player_experience":316283,"relics_obtained":[{"floor":10,"key":"Letter Opener"},{"floor":14,"key":"ReplayTheSpireMod:Ring of Challenge"},{"floor":14,"key":"Ring of Hypnosis"},{"floor":22,"key":"Bronze Scales"},{"floor":24,"key":"Bag of Preparation"},{"floor":27,"key":"Bottled Flame"},{"floor":30,"key":"MutagenicStrength"},{"floor":39,"key":"Blue Candle"},{"floor":41,"key":"Pear"},{"floor":43,"key":"Replay:Bottled Steam"},{"floor":52,"key":"War Paint"}],"event_choices":[{"damage_healed":0,"gold_gain":0,"player_choice":"Got Potions","damage_taken":0,"max_hp_gain":0,"max_hp_loss":0,"event_name":"Lab","floor":3,"gold_loss":0}],"is_beta":false,"boss_relics":[{"not_picked":["Replay:Drink Me","Ectoplasm"],"picked":"Coffee Dripper"},{"not_picked":["Sozu","ReplayTheSpireMod:DimensionalGlitch"],"picked":"Replay:Wanted Poster"}],"items_purged_floors":[5,5,5,20,38,38,38,38,38,38,38,46,53],"is_endless":false,"potions_floor_spawned":[2,9,10,11,13,19,32,33,43,45,52],"ascension_level":0}}