{"host":"qwv9nni2x0umspiu","time":1608415730,"event":{"mods":["BaseMod","Downfall","Minty Spire (QoL Compilation)","Replay The Spire","StSLib","The Hierophant","Wandering Minibosses"],"gold_per_floor":[113,113,132,142,142,169,169,178,201,201,201,208,208,225,235,245,245,313,313,325,394,153,193,245,304,304,219,219,219,219,209,209],"floor_reached":31,"playtime":1402,"items_purged":["hierophant:Strike_Hierophant"],"score":600,"play_id":"e54e142b-f17c-4310-8944-8e90cb3c0edf","local_time":"20201219140850","is_ascension_mode":true,"campfire_choices":[{"data":"hierophant:ChurchCoffers","floor":7,"key":"SMITH"},{"data":"hierophant:SealAway","floor":13,"key":"SMITH"},{"floor":17,"key":"REST"},{"floor":26,"key":"REST"},{"data":"hierophant:Upheaval","floor":29,"key":"SMITH"}],"circlet_count":0,"master_deck":["AscendersBane","hierophant:Strike_Hierophant","hierophant:Punish","hierophant:Defend_Hierophant","hierophant:Defend_Hierophant","hierophant:Defend_Hierophant","hierophant:ChurchCoffers+1","hierophant:Kindle+1","hierophant:Zeal","hierophant:SealAway+1","hierophant:Racketeering","hierophant:HammerAndAnvil","hierophant:Smite","hierophant:BulkyChest","hierophant:Upheaval+1","hierophant:Exaltation"],"relics":["hierophant:PropheticMaskRelic","NeowsBlessing","Art of War","Tiny Chest","Bronze Scales","Simple Rune","Empty Cage","Mummified Hand","Anchor"],"acts_visited":["Exordium","TheCity"],"potions_floor_usage":[6,6,16,18,23],"damage_taken":[{"damage":0,"enemies":"Cultist","floor":1,"turns":1},{"damage":0,"enemies":"Jaw Worm","floor":3,"turns":1},{"damage":0,"enemies":"2 Louse","floor":4,"turns":1},{"damage":10,"enemies":"Lagavulin","floor":6,"turns":3},{"damage":0,"enemies":"3 Sentries","floor":8,"turns":4},{"damage":30,"enemies":"Lagavulin","floor":12,"turns":4},{"damage":5,"enemies":"Blue Slaver","floor":14,"turns":2},{"damage":0,"enemies":"Looter","floor":15,"turns":1},{"damage":13,"enemies":"Exordium Thugs","floor":16,"turns":3},{"damage":23,"enemies":"Fading Forest","floor":18,"turns":13},{"damage":8,"enemies":"2 Thieves","floor":20,"turns":6},{"damage":0,"enemies":"Spheric Guardian","floor":21,"turns":1},{"damage":30,"enemies":"Chosen and Byrds","floor":23,"turns":4},{"damage":5,"enemies":"Cultist and Chosen","floor":24,"turns":6},{"damage":28,"enemies":"Book of Stabbing","floor":25,"turns":3},{"damage":16,"enemies":"Replay:Snechameleon","floor":31,"turns":5}],"seed_played":"-8087683734636191374","potions_obtained":[{"floor":3,"key":"Adrenaline Potion"},{"floor":4,"key":"FearPotion"},{"floor":14,"key":"PowerPotion"},{"floor":15,"key":"champ:CounterPotion"},{"floor":18,"key":"Regen Potion"},{"floor":23,"key":"SpeedPotion"}],"is_trial":false,"path_per_floor":["M","?","M","M","?","E","R","E","T","PTL","PTL","E","R","M","M","M","R","B",null,"M","M","$","M","M","E","R","?","T","R","?","E"],"character_chosen":"HIEROPHANT","items_purchased":["hierophant:Upheaval","hierophant:Exaltation"],"campfire_rested":2,"item_purchase_floors":[22,22],"current_hp_per_floor":[68,68,68,68,68,58,58,58,58,58,58,28,28,23,23,10,32,17,61,53,53,53,35,30,2,24,24,24,24,24,8,8],"gold":209,"neow_bonus":"THREE_ENEMY_KILL","is_daily":false,"chose_seed":false,"campfire_upgraded":3,"win_rate":0.0,"timestamp":1608415730,"path_taken":["M","?","M","M","?","E","R","E","T","PTL","PTL","E","R","M","M","?","R","BOSS","M","M","$","M","M","E","R","?","T","R","?","E"],"items_purchased_type":["Card","Card"],"build_version":"2020-12-13","purchased_purges":1,"victory":false,"max_hp_per_floor":[75,75,75,75,75,75,75,75,75,75,75,75,75,75,75,75,75,75,75,75,75,75,75,75,75,75,75,75,75,75,75,75],"card_choices":[{"not_picked":["hierophant:RepressedViolence","hierophant:MorningPrayer","hierophant:HolyVerse"],"picked":"SKIP","floor":1},{"not_picked":["hierophant:Purify","hierophant:AuricShield"],"picked":"hierophant:Zeal","floor":3},{"not_picked":["hierophant:RepressedViolence","hierophant:OrnateJavelin"],"picked":"hierophant:SealAway","floor":4},{"not_picked":["hierophant:LocustPlague","hierophant:Purify"],"picked":"hierophant:Racketeering","floor":6},{"not_picked":["hierophant:SealAway","hierophant:OrnateBuckler","hierophant:Charity"],"picked":"SKIP","floor":8},{"not_picked":["hierophant:AuricBeam","hierophant:Rebuild","hierophant:TollTheBells"],"picked":"SKIP","floor":12},{"not_picked":["hierophant:Doubloon","hierophant:FieryStrike","hierophant:Remorse"],"picked":"SKIP","floor":14},{"not_picked":["hierophant:RustyCrate","hierophant:AuricBeam"],"picked":"hierophant:HammerAndAnvil","floor":15},{"not_picked":["hierophant:DisplayOfPower","hierophant:Anathema"],"picked":"hierophant:Smite","floor":16},{"not_picked":["hierophant:LocustPlague","hierophant:DivineIntervention"],"picked":"hierophant:BulkyChest","floor":18},{"not_picked":["hierophant:Remorse+1","hierophant:Martyrdom","hierophant:Purify"],"picked":"SKIP","floor":20},{"not_picked":["hierophant:Sermon","hierophant:Remorse+1","hierophant:Zeal"],"picked":"SKIP","floor":21},{"not_picked":["hierophant:Doubloon","hierophant:Blessing","hierophant:AuricBeam"],"picked":"SKIP","floor":23},{"not_picked":["hierophant:Anathema","hierophant:Purify","hierophant:Smite"],"picked":"SKIP","floor":24},{"not_picked":["hierophant:Rebuild","hierophant:Encroach","hierophant:Anathema"],"picked":"SKIP","floor":25}],"player_experience":1277795,"relics_obtained":[{"floor":6,"key":"Art of War"},{"floor":8,"key":"Tiny Chest"},{"floor":9,"key":"Bronze Scales"},{"floor":12,"key":"Simple Rune"},{"floor":25,"key":"Mummified Hand"}],"event_choices":[{"damage_healed":0,"gold_gain":0,"player_choice":"Obtained Relic","damage_taken":0,"relics_obtained":["Anchor"],"max_hp_gain":0,"max_hp_loss":0,"event_name":"Addict","floor":27,"gold_loss":85}],"is_beta":false,"boss_relics":[{"not_picked":["Ring of Chaos","Runic Pyramid"],"picked":"Empty Cage"}],"items_purged_floors":[22],"is_endless":false,"potions_floor_spawned":[3,4,14,15,18,23],"killed_by":"Replay:Snechameleon","ascension_level":20}}