{"host":"ljavmhyz2e552xgo","time":1608341577,"event":{"mods":["BaseMod","Better Third Choice","Downfall","Friendly Minions","Minty Spire (QoL Compilation)","Permanent Neow","Spicy Shops","StSLib"],"gold_per_floor":[99,109,123,123,139,139,165,165,193,43,61,236,252,264,283,385,385,385,414,414,414,425,425,451,41,41,41,41,61,46,65,85,181,181,106,106,124,124,140,156,156,156,156],"floor_reached":42,"playtime":2567,"items_purged":["Regret","Doubt"],"score":463,"play_id":"b41d9e9c-c7d7-4ba7-8c51-2c27b510d5a9","local_time":"20201218193257","is_ascension_mode":false,"campfire_choices":[{"data":"sneckomod:SnekBite","floor":1,"key":"SMITH"},{"data":"sneckomod:TailWhip","floor":6,"key":"SMITH"},{"floor":8,"key":"RECALL"},{"data":"sneckomod:DiceBoulder","floor":10,"key":"SMITH"},{"data":"sneckomod:DiceBoulder+1","floor":18,"key":"SMITH"},{"data":"sneckomod:DiceBoulder+2","floor":21,"key":"SMITH"},{"data":"sneckomod:UnknownRarePower","floor":23,"key":"SMITH"},{"floor":27,"key":"REST"},{"data":"sneckomod:MasterEye","floor":35,"key":"SMITH"}],"circlet_count":0,"master_deck":["sneckomod:Strike","sneckomod:Strike","sneckomod:Strike","sneckomod:Defend","sneckomod:Defend+1","sneckomod:Defend","sneckomod:TailWhip+1","sneckomod:SnekBite+1","sneckomod:Unknown+1","sneckomod:Unknown","sneckomod:SerpentMind","sneckomod:CheapStock","sneckomod:UnknownUncommonAttack","sneckomod:Rotation+1","sneckomod:DiceBoulder+3","sneckomod:UnknownBlock","sneckomod:SerpentIdol","sneckomod:MixItUp","sneckomod:UnknownRarePower+1","sneckomod:UnknownVulnerable+1","sneckomod:UnknownBlock+1","sneckomod:UnlimitedRolls","Normality","sneckomod:UnknownUncommonSkill+1","sneckomod:UnknownDexterity+1","sneckomod:QuickBite+1","sneckomod:MasterEye+1","sneckomod:Mudshield","expansioncontent:PrepareCrush","expansioncontent:PolyBeam","sneckomod:SnakeSap+1","Normality"],"relics":["sneckomod:SneckoSoul","Tiny Chest","War Paint","Lizard Tail","downfall:HeartBlessingRed","downfall:HeartBlessingGreen","Cursed Key","Singing Bowl","Regal Pillow","Sling","Bag of Marbles","Busted Crown","downfall:HeartBlessingBlue","Turnip"],"acts_visited":["Exordium","TheCity","TheBeyond"],"potions_floor_usage":[11,16,19,26,33,33,42],"damage_taken":[{"damage":2,"enemies":"2 Louse","floor":2,"turns":2},{"damage":7,"enemies":"Small Slimes","floor":3,"turns":5},{"damage":3,"enemies":"Jaw Worm","floor":5,"turns":4},{"damage":10,"enemies":"Gremlin Nob","floor":9,"turns":3},{"damage":9,"enemies":"Red Slaver","floor":11,"turns":5},{"damage":2,"enemies":"3 Louse","floor":13,"turns":3},{"damage":1,"enemies":"Exordium Wildlife","floor":14,"turns":3},{"damage":0,"enemies":"Blue Slaver","floor":15,"turns":2},{"damage":11,"enemies":"downfall:Watcher","floor":16,"turns":7},{"damage":28,"enemies":"Gremlin Leader","floor":19,"turns":6},{"damage":0,"enemies":"Chosen","floor":22,"turns":4},{"damage":10,"enemies":"downfall:FleeingMerchant","floor":25,"turns":4},{"damage":0,"enemies":"Book of Stabbing","floor":26,"turns":1},{"damage":9,"enemies":"3 Cultists","floor":29,"turns":5},{"damage":7,"enemies":"downfall:FleeingMerchant","floor":30,"turns":4},{"damage":15,"enemies":"Snecko","floor":31,"turns":4},{"damage":8,"enemies":"Centurion and Healer","floor":32,"turns":5},{"damage":80,"enemies":"downfall:Silent","floor":33,"turns":8},{"damage":0,"enemies":"Orb Walker","floor":37,"turns":1},{"damage":7,"enemies":"3 Darklings","floor":39,"turns":3},{"damage":15,"enemies":"Spire Growth","floor":40,"turns":5},{"damage":3,"enemies":"Nemesis","floor":42,"turns":3}],"seed_played":"5670769027732166577","potions_obtained":[{"floor":5,"key":"sneckomod:MuddlingPotion"},{"floor":14,"key":"BlessingOfTheForge"},{"floor":15,"key":"sneckomod:MuddlingPotion"},{"floor":16,"key":"Energy Potion"},{"floor":22,"key":"SteroidPotion"},{"floor":32,"key":"Guardian:BlockOnCardUsePotion"},{"floor":33,"key":"DuplicationPotion"},{"floor":40,"key":"LiquidMemories"}],"is_trial":false,"path_per_floor":["R","M","M","?","M","R","T","R","E","R","M","?","M","M","M","B",null,"R","E","?","R","M","R","T","$","E","R","T","M","$","M","M","B",null,"R","?","M","?","M","M","T","E"],"character_chosen":"THE_SNECKO","items_purchased":["Sling","Bag of Marbles"],"campfire_rested":1,"item_purchase_floors":[25,25],"current_hp_per_floor":[90,88,82,70,67,67,67,67,57,57,48,48,47,46,46,36,93,93,71,71,71,72,72,72,62,62,100,100,92,86,71,63,56,102,112,104,106,106,99,86,86,83,83],"gold":156,"neow_bonus":"ONE_RANDOM_RARE_CARD","is_daily":false,"chose_seed":false,"campfire_upgraded":7,"win_rate":0.0,"timestamp":1608341577,"path_taken":["R","M","M","?","M","R","T","R","E","R","M","?","M","?","M","BOSS","R","E","?","R","M","R","T","$","E","R","?","M","$","M","M","BOSS","R","?","M","?","M","M","T","E"],"items_purchased_type":["Relic","Relic"],"build_version":"2020-12-13","purchased_purges":2,"victory":false,"max_hp_per_floor":[90,90,91,91,91,91,91,91,91,91,91,91,92,92,92,93,93,93,99,99,99,100,100,100,100,100,100,100,101,102,102,102,102,102,112,114,116,116,116,118,118,118,118],"card_choices":[{"not_picked":["sneckomod:UnknownUncommonAttack","sneckomod:UnknownVulnerable"],"picked":"sneckomod:CheapStock","floor":2},{"not_picked":["sneckomod:Unknown2Cost","sneckomod:UnknownClassTHE_CHAMP_GRAY"],"picked":"sneckomod:UnknownUncommonAttack","floor":3},{"not_picked":["sneckomod:Unknown1Cost","sneckomod:IronFang"],"picked":"sneckomod:Rotation","floor":5},{"not_picked":["sneckomod:Unknown1Cost","sneckomod:UnknownClassSLIMEBOUND"],"picked":"sneckomod:DiceBoulder","floor":9},{"not_picked":["sneckomod:Unknown1Cost","sneckomod:UnknownClassGUARDIAN","sneckomod:UnknownCommonAttack"],"picked":"SKIP","floor":11},{"not_picked":["sneckomod:UnknownCommonAttack","sneckomod:QuickMove"],"picked":"sneckomod:UnknownBlock","floor":13},{"not_picked":["sneckomod:CheapStock","sneckomod:UnknownClassGREEN"],"picked":"sneckomod:SerpentIdol","floor":14},{"not_picked":["sneckomod:SnekBeam","sneckomod:UnknownClassPURPLE"],"picked":"sneckomod:MixItUp","floor":15},{"not_picked":["sneckomod:DangerNoodle","sneckomod:Mudshield"],"picked":"sneckomod:UnknownRarePower","floor":16},{"not_picked":["sneckomod:UnknownClassRED","sneckomod:SoulRoll"],"picked":"sneckomod:UnknownVulnerable+1","floor":19},{"not_picked":["sneckomod:UnknownCommonAttack","sneckomod:QuickMove"],"picked":"sneckomod:UnknownBlock+1","floor":22},{"not_picked":["sneckomod:UnknownCommonSkill","sneckomod:UnknownBlock"],"picked":"sneckomod:UnlimitedRolls","floor":25},{"not_picked":["sneckomod:Unknown1Cost","sneckomod:MixItUp+1"],"picked":"sneckomod:UnknownUncommonSkill+1","floor":29},{"not_picked":["sneckomod:IronFang","sneckomod:UnknownBlock"],"picked":"sneckomod:UnknownDexterity+1","floor":30},{"not_picked":["sneckomod:UnknownVulnerable","sneckomod:UnknownBlock"],"picked":"sneckomod:QuickBite+1","floor":31},{"not_picked":["sneckomod:Restock","sneckomod:UnknownStrike"],"picked":"sneckomod:MasterEye","floor":32},{"not_picked":["sneckomod:GlitteringGambit","sneckomod:Transmogrify"],"picked":"sneckomod:Mudshield","floor":33},{"not_picked":["expansioncontent:SlimeTackle"],"picked":"Singing Bowl","floor":36},{"not_picked":[],"picked":"expansioncontent:PrepareCrush","floor":36},{"not_picked":[],"picked":"expansioncontent:PolyBeam","floor":36},{"not_picked":["sneckomod:UnknownCommonSkill+1"],"picked":"Singing Bowl","floor":37},{"not_picked":[],"picked":"sneckomod:SnakeSap+1","floor":39},{"not_picked":["sneckomod:Unknown1Cost+1"],"picked":"Singing Bowl","floor":40}],"player_experience":1408184,"relics_obtained":[{"floor":7,"key":"War Paint"},{"floor":9,"key":"Lizard Tail"},{"floor":19,"key":"Singing Bowl"},{"floor":24,"key":"Regal Pillow"},{"floor":41,"key":"Turnip"}],"event_choices":[{"damage_healed":0,"gold_gain":0,"player_choice":"Relic ","damage_taken":12,"max_hp_gain":0,"max_hp_loss":0,"event_name":"betterThird:BetterScrap","floor":4,"gold_loss":0,"cards_obtained":["Doppelganger"]}],"is_beta":false,"boss_relics":[{"not_picked":["Ectoplasm","Philosopher\u0027s Stone"],"picked":"Cursed Key"},{"not_picked":["Fusion Hammer","Coffee Dripper"],"picked":"Busted Crown"}],"items_purged_floors":[25,25],"is_endless":false,"potions_floor_spawned":[5,14,15,16,22,26,32,33,40],"killed_by":"Nemesis","ascension_level":0}}