{"host":"a5e2zwd8c2ad7the","time":1608382414,"event":{"mods":["Act Like it!","BaseMod","Colored Map","Hallownest","Minty Spire (QoL Compilation)","Quick Restart","Replay The Spire","StSLib","The Bug Knight","The Jungle"],"gold_per_floor":[110,121,132,145,163,191,119,139,139,9,9,9],"floor_reached":11,"playtime":349,"items_purged":[],"score":77,"play_id":"e321d67e-73aa-4520-bab5-9345491a7c15","local_time":"20201219205334","is_ascension_mode":false,"campfire_choices":[],"circlet_count":0,"master_deck":["Strike_G","Strike_G+1","Strike_G+1","Strike_G","Strike_G","Defend_G","Defend_G","Defend_G","Defend_G","Defend_G","Survivor","Neutralize","Deadly Poison","Bane","Underhanded Strike","Dagger Throw","Bane","ReplayTheSpireMod:Necrosis","Toxin Wave"],"relics":["Ring of the Snake","NeowsBlessing","Snake Skull","Whetstone"],"acts_visited":["Exordium"],"potions_floor_usage":[],"damage_taken":[{"damage":0,"enemies":"Cultist","floor":1,"turns":1},{"damage":0,"enemies":"Jaw Worm","floor":2,"turns":1},{"damage":0,"enemies":"2 Louse","floor":3,"turns":1},{"damage":13,"enemies":"Red Slaver","floor":4,"turns":2},{"damage":2,"enemies":"3 Louse","floor":5,"turns":2},{"damage":31,"enemies":"3 Sentries","floor":6,"turns":9},{"damage":12,"enemies":"Exordium Thugs","floor":8,"turns":3},{"damage":16,"enemies":"Gremlin Nob","floor":11,"turns":2}],"seed_played":"7493271398515295413","potions_obtained":[{"floor":4,"key":"Swift Potion"},{"floor":6,"key":"AttackPotion"}],"is_trial":false,"path_per_floor":["M","M","M","M","M","E","$","M","T","$","E"],"character_chosen":"THE_SILENT","items_purchased":["Toxic Potion","Toxin Wave","Flashbang"],"campfire_rested":0,"item_purchase_floors":[7,10,10],"current_hp_per_floor":[70,70,70,57,55,24,24,12,12,12,0,0],"gold":9,"neow_bonus":"THREE_ENEMY_KILL","is_daily":false,"chose_seed":false,"campfire_upgraded":0,"win_rate":0.0,"timestamp":1608382414,"path_taken":["M","M","?","?","M","E","$","M","T","$","E"],"items_purchased_type":["Potion","Card","Potion"],"build_version":"2020-12-13","purchased_purges":0,"victory":false,"max_hp_per_floor":[70,70,70,70,70,70,70,70,70,70,70,70],"card_choices":[{"not_picked":["Blade Dance","Masterful Stab"],"picked":"Deadly Poison","floor":1},{"not_picked":["Backflip","Heel Hook","Prepared"],"picked":"SKIP","floor":2},{"not_picked":["Acrobatics","Terror"],"picked":"Bane","floor":3},{"not_picked":["Backflip","Dagger Throw"],"picked":"Underhanded Strike","floor":4},{"not_picked":["Sucker Punch","Endless Agony"],"picked":"Dagger Throw","floor":5},{"not_picked":["Outmaneuver","Dagger Throw"],"picked":"Bane","floor":6},{"not_picked":["Deflect","Accuracy"],"picked":"ReplayTheSpireMod:Necrosis","floor":8}],"player_experience":20965,"relics_obtained":[{"floor":6,"key":"Snake Skull"},{"floor":9,"key":"Whetstone"}],"event_choices":[],"is_beta":false,"boss_relics":[],"items_purged_floors":[],"is_endless":false,"potions_floor_spawned":[4,6],"killed_by":"Gremlin Nob","ascension_level":0}}