{"host":"2pffx5rqbod9ds0c","time":1608412299,"event":{"mods":["BaseMod","Better Altar","Better Match","Better Note","Better Sensory Stone","Better Skull","Better Third Choice","Custom Start","Hubris","Minty Spire (QoL Compilation)","Quick Restart","Relic Stats","Robot Space Explorer","Spicy Shops","StSLib"],"gold_per_floor":[109,109,130,146,146,184,184,215,215,236,250,204,217,233,233,357,357,372,3816,2570,2570,2570,2608,2621,2655,2655,1290,1314,1333,1333,1354,1354,1478,1478,1493,1518,1541,1565,1565,1599,1622,301,352,352,1201,1235,1250,776,776,776],"floor_reached":51,"playtime":2323,"items_purged":["Shame","RobotSpaceExplorer:Strike","RobotSpaceExplorer:Strike","RobotSpaceExplorer:Strike","RobotSpaceExplorer:Strike+1","RobotSpaceExplorer:Defend","RobotSpaceExplorer:Defend+1","RobotSpaceExplorer:Defend+1"],"score":1053,"play_id":"237d5a3a-5674-45c7-855c-b7ea5e30a3ed","local_time":"20201219131139","is_ascension_mode":true,"campfire_choices":[{"data":"RobotSpaceExplorer:DoubleFind","floor":7.0,"key":"SMITH"},{"data":"RobotSpaceExplorer:Discharger","floor":15.0,"key":"SMITH"},{"floor":30.0,"key":"DIG"},{"data":"RobotSpaceExplorer:Asteroid","floor":32.0,"key":"SMITH"},{"floor":44.0,"key":"DIG"},{"floor":49,"key":"DIG"}],"circlet_count":0,"master_deck":["RobotSpaceExplorer:Defend+1","RobotSpaceExplorer:Scan","RobotSpaceExplorer:SlimeMissile","RobotSpaceExplorer:DoubleFind+1","RobotSpaceExplorer:Reload","RobotSpaceExplorer:Asteroid+1","RobotSpaceExplorer:LuckyStrike","RobotSpaceExplorer:Discharger+1","RobotSpaceExplorer:SlimeMissile","RobotSpaceExplorer:Autoloader","Thinking Ahead","RobotSpaceExplorer:SelfCleaning","RobotSpaceExplorer:Discharger","Panache","Magnetism","RobotSpaceExplorer:TrailblazerForm","RobotSpaceExplorer:Discharger+1","RobotSpaceExplorer:Discharger+1","Madness","RobotSpaceExplorer:Asteroid"],"relics":["RobotSpaceExplorer:RoboCore","hubris:ToyBattleship","Golden Idol","hubris:Potato","Lizard Tail","hubris:64BitClover","hubris:Zylophone","Medical Kit","Happy Flower","Girya","hubris:Backtick","Mummified Hand","Frozen Eye","Potion Belt","White Beast Statue","Pantograph","OrangePellets","Bird Faced Urn","Art of War","TheAbacus","Singing Bowl","War Paint","Shovel","Ancient Tea Set","Oddly Smooth Stone","Unceasing Top","Orichalcum","Vajra","Pen Nib","hubris:CrystalStatue","Strange Spoon","HandDrill","hubris:MysteriousPyramids","Fusion Hammer","Question Card","RobotSpaceExplorer:ClockworkSextant","Blood Vial","Toy Ornithopter","Mango","hubris:GlazedTorus","hubris:EmptyBottle","DollysMirror","Lantern","RobotSpaceExplorer:ToughPlating","Membership Card","Boot","Sling","Akabeko","Ginger","Thread and Needle","hubris:DisguiseKit","hubris:TinFlute","Bag of Marbles","Torii","CeramicFish","Cauldron","hubris:TenFootPole"],"acts_visited":["Exordium","TheCity","TheBeyond"],"potions_floor_usage":[50,50,50,50,50,50],"damage_taken":[{"damage":0.0,"enemies":"2 Louse","floor":1.0,"turns":2.0},{"damage":1.0,"enemies":"Jaw Worm","floor":3.0,"turns":4.0},{"damage":0.0,"enemies":"Cultist","floor":4.0,"turns":3.0},{"damage":18.0,"enemies":"3 Sentries","floor":6.0,"turns":5.0},{"damage":14.0,"enemies":"Lagavulin","floor":8.0,"turns":6.0},{"damage":0.0,"enemies":"Exordium Wildlife","floor":10.0,"turns":3.0},{"damage":0.0,"enemies":"Large Slime","floor":11.0,"turns":4.0},{"damage":0.0,"enemies":"Red Slaver","floor":13.0,"turns":3.0},{"damage":1.0,"enemies":"2 Fungi Beasts","floor":14.0,"turns":3.0},{"damage":0.0,"enemies":"Slime Boss","floor":16.0,"turns":4.0},{"damage":23.0,"enemies":"Shell Parasite","floor":18.0,"turns":4.0},{"damage":0.0,"enemies":"Gremlin Leader","floor":23.0,"turns":4.0},{"damage":7.0,"enemies":"3 Byrds","floor":24.0,"turns":2.0},{"damage":29.0,"enemies":"Book of Stabbing","floor":25.0,"turns":5.0},{"damage":0.0,"enemies":"Snecko","floor":28.0,"turns":3.0},{"damage":0.0,"enemies":"Centurion and Healer","floor":29.0,"turns":2.0},{"damage":0.0,"enemies":"Shelled Parasite and Fungi","floor":31.0,"turns":2.0},{"damage":4.0,"enemies":"Champ","floor":33.0,"turns":3.0},{"damage":0.0,"enemies":"3 Shapes","floor":35.0,"turns":2.0},{"damage":0.0,"enemies":"3 Darklings","floor":36.0,"turns":2.0},{"damage":0.0,"enemies":"4 Shapes","floor":37.0,"turns":1.0},{"damage":0.0,"enemies":"Jaw Worm Horde","floor":38.0,"turns":2.0},{"damage":0.0,"enemies":"Reptomancer","floor":40.0,"turns":3.0},{"damage":0.0,"enemies":"Sphere and 2 Shapes","floor":41.0,"turns":2.0},{"damage":1,"enemies":"Nemesis","floor":46,"turns":3},{"damage":0,"enemies":"Transient","floor":47,"turns":5},{"damage":6,"enemies":"Donu and Deca","floor":50,"turns":3}],"seed_played":"8162793266154746182","potions_obtained":[{"floor":11.0,"key":"EssenceOfSteel"},{"floor":13.0,"key":"Fire Potion"},{"floor":14.0,"key":"Strength Potion"},{"floor":16.0,"key":"Block Potion"},{"floor":23.0,"key":"Strength Potion"},{"floor":48,"key":"CultistPotion"}],"is_trial":false,"path_per_floor":["M","?","M","M","?","E","R","E","T","M","M","$","M","M","R","B",null,"M","$","$","?","?","E","M","E","T","$","M","M","R","M","R","B",null,"M","M","M","M","?","E","M","$","T","R","$","E","M","$","R","B",null],"character_chosen":"RobotSpaceExplorer","items_purchased":["hubris:Zylophone","Medical Kit","Happy Flower","RobotSpaceExplorer:Discharger","RobotSpaceExplorer:SlimeMissile","Girya","Frozen Eye","Potion Belt","Thinking Ahead","White Beast Statue","Pantograph","OrangePellets","Bird Faced Urn","RobotSpaceExplorer:SelfCleaning","RobotSpaceExplorer:Discharger","Art of War","TheAbacus","Singing Bowl","War Paint","Panache","Orichalcum","Vajra","Pen Nib","hubris:CrystalStatue","Strange Spoon","HandDrill","Magnetism","Blood Vial","Toy Ornithopter","Mango","hubris:GlazedTorus","hubris:EmptyBottle","DollysMirror","Membership Card","Boot","Sling","Akabeko","Ginger","Thread and Needle","Madness","hubris:TinFlute","Bag of Marbles","Torii","CeramicFish","Cauldron"],"campfire_rested":0,"item_purchase_floors":[12,12,12,12,12,12,19,19,19,19,19,19,20,20,20,20,20,20,20,20,27,27,27,27,27,27,27,42,42,42,42,42,42,45,45,45,45,45,45,45,48,48,48,48,48],"current_hp_per_floor":[75,57,56,56,41,23,23,9,9,9,9,9,9,8,8,8,75,52,52,52,52,52,64,65,50,50,50,62,74,74,87,87,87,87,89,91,93,95,95,97,99,113,113,113,113,114,115,115,115,115],"gold":776,"neow_bonus":"RANDOM_COMMON_RELIC","is_daily":false,"chose_seed":false,"campfire_upgraded":3,"win_rate":0.0,"timestamp":1608412299,"path_taken":["M","?","M","M","?","E","R","E","T","M","M","$","M","M","R","BOSS","M","?","$","?","?","E","M","E","T","$","M","M","R","M","R","BOSS","M","?","M","M","?","E","?","$","T","R","$","E","M","$","R","BOSS"],"items_purchased_type":["Relic","Relic","Relic","Card","Card","Relic","Relic","Relic","Card","Relic","Relic","Relic","Relic","Card","Card","Relic","Relic","Relic","Relic","Card","Relic","Relic","Relic","Relic","Relic","Relic","Card","Relic","Relic","Relic","Relic","Relic","Relic","Relic","Relic","Relic","Relic","Relic","Relic","Card","Relic","Relic","Relic","Relic","Relic"],"build_version":"2020-12-13","purchased_purges":8,"victory":true,"max_hp_per_floor":[75,75,75,75,75,75,75,75,75,75,75,75,75,75,75,75,75,75,75,75,75,75,77,79,81,81,81,83,85,85,87,87,87,87,89,91,93,95,95,97,99,113,113,113,113,115,115,115,115,115],"relic_stats":{"Singing Bowl":26,"Torii":0,"CeramicFish":0,"Ginger":[0],"Boot":[8],"Blood Vial":1,"Lizard Tail":0,"TheAbacus":[48],"Shovel":3,"Mummified Hand":[131],"Pantograph":0,"HandDrill":[18],"Happy Flower":[19],"counters":[27,85],"Golden Idol":182,"Pen Nib":[9],"War Paint":["RobotSpaceExplorer:Defend","RobotSpaceExplorer:Defend"],"Orichalcum":[12],"Medical Kit":[7],"Question Card":6,"OrangePellets":[22],"Strange Spoon":[40],"Bird Faced Urn":[63],"Art of War":[1],"obtain_stats":[{"RobotSpaceExplorer:ClockworkSextant":40,"hubris:CrystalStatue":27,"CeramicFish":48,"Vajra":27,"Ginger":45,"hubris:MysteriousPyramids":30,"Boot":45,"Sling":45,"Blood Vial":42,"Lizard Tail":8,"DollysMirror":42,"Fusion Hammer":34,"HandDrill":27,"hubris:TinFlute":48,"Girya":12,"Happy Flower":12,"Oddly Smooth Stone":25,"Pen Nib":27,"War Paint":20,"Question Card":37,"Akabeko":45,"hubris:Zylophone":12,"OrangePellets":19,"Bird Faced Urn":20,"RobotSpaceExplorer:ToughPlating":44,"hubris:ToyBattleship":0,"hubris:TenFootPole":49,"Unceasing Top":26,"Lantern":43,"Singing Bowl":20,"Torii":48,"Mango":42,"hubris:EmptyBottle":42,"Ancient Tea Set":24,"Frozen Eye":19,"hubris:Backtick":17,"TheAbacus":20,"Shovel":23,"Mummified Hand":17,"Pantograph":19,"hubris:GlazedTorus":42,"Potion Belt":19,"hubris:DisguiseKit":46,"Golden Idol":2,"hubris:64BitClover":9,"RobotSpaceExplorer:RoboCore":0,"Thread and Needle":45,"Orichalcum":27,"Medical Kit":12,"White Beast Statue":19,"Strange Spoon":27,"Cauldron":48,"Art of War":20,"Bag of Marbles":48,"Membership Card":45,"hubris:Potato":6,"Toy Ornithopter":42},{"RobotSpaceExplorer:ClockworkSextant":23,"hubris:CrystalStatue":14,"CeramicFish":26,"Vajra":14,"Ginger":24,"hubris:MysteriousPyramids":16,"Boot":24,"Sling":24,"Blood Vial":24,"Lizard Tail":5,"DollysMirror":24,"Fusion Hammer":18,"HandDrill":14,"hubris:TinFlute":26,"Girya":7,"Happy Flower":7,"Oddly Smooth Stone":14,"Pen Nib":14,"War Paint":11,"Question Card":21,"Akabeko":24,"hubris:Zylophone":7,"OrangePellets":11,"Bird Faced Urn":11,"RobotSpaceExplorer:ToughPlating":24,"hubris:ToyBattleship":0,"hubris:TenFootPole":26,"Unceasing Top":14,"Lantern":24,"Singing Bowl":11,"Torii":26,"Mango":24,"hubris:EmptyBottle":24,"Ancient Tea Set":13,"Frozen Eye":11,"hubris:Backtick":10,"TheAbacus":11,"Shovel":12,"Mummified Hand":10,"Pantograph":11,"hubris:GlazedTorus":24,"Potion Belt":11,"hubris:DisguiseKit":25,"Golden Idol":1,"hubris:64BitClover":5,"RobotSpaceExplorer:RoboCore":0,"Thread and Needle":24,"Orichalcum":14,"Medical Kit":7,"White Beast Statue":11,"Strange Spoon":14,"Cauldron":26,"Art of War":11,"Bag of Marbles":26,"Membership Card":24,"hubris:Potato":4,"Toy Ornithopter":24},{"RobotSpaceExplorer:ClockworkSextant":72,"hubris:CrystalStatue":52,"CeramicFish":82,"Vajra":52,"Ginger":74,"hubris:MysteriousPyramids":57,"Boot":74,"Sling":74,"Blood Vial":74,"Lizard Tail":20,"DollysMirror":74,"Fusion Hammer":62,"HandDrill":52,"hubris:TinFlute":82,"Girya":27,"Happy Flower":27,"Oddly Smooth Stone":52,"Pen Nib":52,"War Paint":41,"Question Card":67,"Akabeko":74,"hubris:Zylophone":27,"OrangePellets":41,"Bird Faced Urn":41,"RobotSpaceExplorer:ToughPlating":74,"hubris:ToyBattleship":0,"hubris:TenFootPole":82,"Unceasing Top":52,"Lantern":74,"Singing Bowl":41,"Torii":82,"Mango":74,"hubris:EmptyBottle":74,"Ancient Tea Set":47,"Frozen Eye":41,"hubris:Backtick":37,"TheAbacus":41,"Shovel":45,"Mummified Hand":37,"Pantograph":41,"hubris:GlazedTorus":74,"Potion Belt":41,"hubris:DisguiseKit":77,"Golden Idol":2,"hubris:64BitClover":20,"RobotSpaceExplorer:RoboCore":0,"Thread and Needle":74,"Orichalcum":52,"Medical Kit":27,"White Beast Statue":41,"Strange Spoon":52,"Cauldron":82,"Art of War":41,"Bag of Marbles":82,"Membership Card":74,"hubris:Potato":14,"Toy Ornithopter":74}],"Unceasing Top":[10],"Toy Ornithopter":5},"card_choices":[{"not_picked":["RobotSpaceExplorer:FrostMissile","RobotSpaceExplorer:Counterblock"],"picked":"RobotSpaceExplorer:SlimeMissile","floor":1.0},{"not_picked":["RobotSpaceExplorer:FranticSearch","RobotSpaceExplorer:Probe"],"picked":"RobotSpaceExplorer:DoubleFind","floor":3.0},{"not_picked":["RobotSpaceExplorer:SurgingShield","RobotSpaceExplorer:FreezingShield"],"picked":"RobotSpaceExplorer:Reload","floor":4.0},{"not_picked":["RobotSpaceExplorer:Pulsar","RobotSpaceExplorer:MetalStrike","RobotSpaceExplorer:DualCore"],"picked":"SKIP","floor":6.0},{"not_picked":["RobotSpaceExplorer:ScrapMissile","RobotSpaceExplorer:Probe"],"picked":"RobotSpaceExplorer:Asteroid","floor":8.0},{"not_picked":["RobotSpaceExplorer:ScrapShield","RobotSpaceExplorer:Counterblock","RobotSpaceExplorer:PlasmaMissile"],"picked":"SKIP","floor":10.0},{"not_picked":["RobotSpaceExplorer:ScrapMissile","RobotSpaceExplorer:Pulsar"],"picked":"RobotSpaceExplorer:LuckyStrike","floor":11.0},{"not_picked":["RobotSpaceExplorer:Fix","RobotSpaceExplorer:StunGrenade","RobotSpaceExplorer:Probe"],"picked":"SKIP","floor":13.0},{"not_picked":["RobotSpaceExplorer:BigMissile","RobotSpaceExplorer:FreezingShield","RobotSpaceExplorer:FranticSearch"],"picked":"SKIP","floor":14.0},{"not_picked":["RobotSpaceExplorer:BlastShield","RobotSpaceExplorer:DroneSwarm"],"picked":"RobotSpaceExplorer:Autoloader","floor":16.0},{"not_picked":["RobotSpaceExplorer:FrostMissile","RobotSpaceExplorer:IronShell","RobotSpaceExplorer:StunGrenade"],"picked":"SKIP","floor":18.0},{"not_picked":["RobotSpaceExplorer:MiniBoosters+1","RobotSpaceExplorer:MetalStrike","RobotSpaceExplorer:SurgingShield"],"picked":"Singing Bowl","floor":23.0},{"not_picked":["RobotSpaceExplorer:SurgingShield","RobotSpaceExplorer:GlueShot","RobotSpaceExplorer:SurgingStrike"],"picked":"Singing Bowl","floor":24.0},{"not_picked":["RobotSpaceExplorer:StarLightning+1","RobotSpaceExplorer:LaserBurst","RobotSpaceExplorer:ToxicBomb"],"picked":"Singing Bowl","floor":25.0},{"not_picked":["RobotSpaceExplorer:Ammunition","RobotSpaceExplorer:ScrapToss","RobotSpaceExplorer:DoubleBlock+1"],"picked":"Singing Bowl","floor":28.0},{"not_picked":["RobotSpaceExplorer:SwiftStep","RobotSpaceExplorer:SurgingStrike","RobotSpaceExplorer:Arsenal"],"picked":"Singing Bowl","floor":29.0},{"not_picked":["RobotSpaceExplorer:MiniDrones","RobotSpaceExplorer:MetalStrike","RobotSpaceExplorer:Counterblock+1"],"picked":"Singing Bowl","floor":31.0},{"not_picked":["RobotSpaceExplorer:ShockMissile","RobotSpaceExplorer:Explosion"],"picked":"RobotSpaceExplorer:TrailblazerForm","floor":33.0},{"not_picked":["RobotSpaceExplorer:Counterblock+1","RobotSpaceExplorer:MetalStrike","RobotSpaceExplorer:ShockKick+1"],"picked":"Singing Bowl","floor":35.0},{"not_picked":["RobotSpaceExplorer:PowerGlove","RobotSpaceExplorer:Smokescreen+1","RobotSpaceExplorer:Electropulse+1"],"picked":"Singing Bowl","floor":36.0},{"not_picked":["RobotSpaceExplorer:StunGrenade+1","RobotSpaceExplorer:ShovelStrike+1","RobotSpaceExplorer:Probe"],"picked":"Singing Bowl","floor":37.0},{"not_picked":["RobotSpaceExplorer:StarDust+1","RobotSpaceExplorer:Pulsar","RobotSpaceExplorer:SurgingShield","RobotSpaceExplorer:Ammunition"],"picked":"Singing Bowl","floor":38.0},{"not_picked":["RobotSpaceExplorer:SwiftStep","RobotSpaceExplorer:SurgingStrike+1","RobotSpaceExplorer:LaserBurst","RobotSpaceExplorer:Counterblock"],"picked":"Singing Bowl","floor":40.0},{"not_picked":["RobotSpaceExplorer:StunGrenade","RobotSpaceExplorer:TurboDodge+1","RobotSpaceExplorer:MetalStrike+1","RobotSpaceExplorer:GlueShot+1"],"picked":"Singing Bowl","floor":41.0},{"not_picked":["RobotSpaceExplorer:Reload+1","RobotSpaceExplorer:FranticSearch+1","RobotSpaceExplorer:ShovelStrike+1","RobotSpaceExplorer:SwiftStep"],"picked":"Singing Bowl","floor":46},{"not_picked":["RobotSpaceExplorer:Jetpack","RobotSpaceExplorer:SwiftStep","RobotSpaceExplorer:DoubleFind","FlyingSleeves"],"picked":"RobotSpaceExplorer:Asteroid","floor":47}],"player_experience":783749,"relics_obtained":[{"floor":6.0,"key":"hubris:Potato"},{"floor":8.0,"key":"Lizard Tail"},{"floor":9.0,"key":"hubris:64BitClover"},{"floor":23.0,"key":"Shovel"},{"floor":24.0,"key":"Ancient Tea Set"},{"floor":25.0,"key":"Oddly Smooth Stone"},{"floor":26.0,"key":"Unceasing Top"},{"floor":30.0,"key":"hubris:MysteriousPyramids"},{"floor":37.0,"key":"Question Card"},{"floor":40.0,"key":"RobotSpaceExplorer:ClockworkSextant"},{"floor":43.0,"key":"Lantern"},{"floor":44.0,"key":"RobotSpaceExplorer:ToughPlating"},{"floor":46,"key":"hubris:DisguiseKit"},{"floor":49,"key":"hubris:TenFootPole"}],"event_choices":[{"damage_healed":0.0,"max_hp_gain":0.0,"max_hp_loss":0.0,"gold_gain":0.0,"event_name":"Golden Idol","player_choice":"Take Damage","floor":2.0,"gold_loss":0.0,"damage_taken":18.0,"relics_obtained":["Golden Idol"]},{"damage_healed":56.0,"max_hp_gain":0.0,"max_hp_loss":75.0,"gold_gain":0.0,"event_name":"betterThird:BetterShining","player_choice":"Upgrade","floor":5.0,"gold_loss":0.0,"damage_taken":15.0,"cards_upgraded":["RobotSpaceExplorer:Defend","RobotSpaceExplorer:Strike"]},{"cards_removed":["RobotSpaceExplorer:Autoloader"],"damage_healed":0.0,"max_hp_gain":0.0,"max_hp_loss":0.0,"gold_gain":0.0,"event_name":"betterNote:BetterNote","player_choice":"Give","floor":21.0,"gold_loss":0.0,"damage_taken":0.0,"cards_obtained":["None"]},{"cards_removed":["RobotSpaceExplorer:MiniLasers"],"damage_healed":0.0,"max_hp_gain":0.0,"max_hp_loss":0.0,"gold_gain":0.0,"event_name":"Bonfire Elementals","player_choice":"Offered Basic","floor":22.0,"gold_loss":0.0,"damage_taken":0.0},{"damage_healed":0.0,"max_hp_gain":0.0,"max_hp_loss":0.0,"gold_gain":0.0,"event_name":"Duplicator","player_choice":"Copied","floor":39.0,"gold_loss":0.0,"damage_taken":0.0,"cards_obtained":["RobotSpaceExplorer:Discharger"]}],"is_beta":false,"boss_relics":[{"not_picked":["Busted Crown","RobotSpaceExplorer:SearchSpecs"],"picked":"hubris:Backtick"},{"not_picked":["hubris:VirtuousBlindfold","hubris:Stopwatch"],"picked":"Fusion Hammer"}],"items_purged_floors":[12,19,19,20,27,42,45,48],"is_endless":false,"potions_floor_spawned":[11,13,14,16,18,23,24,25,28,29,31,33,35,36,37,38,40,41,46,47],"ascension_level":1}}