{"host":"athd8lg4sftw81ak","time":1608344827,"event":{"mods":["BaseMod","Downfall","Hermit","Jorbs\u0027s Wanderer Trilogy","Minty Spire (QoL Compilation)","StSLib"],"gold_per_floor":[99,129,149,174,185,185,211,224,252,252,252,264,279,37,52,52,52],"floor_reached":16,"playtime":921,"items_purged":["hexamod:Strike"],"score":134,"play_id":"e4f5b9c0-85e1-441e-a8c9-e4f6e1e4c4dc","local_time":"20201218212707","is_ascension_mode":true,"campfire_choices":[{"data":"hexamod:Float","floor":1,"key":"SMITH"},{"data":"hexamod:GhostOfSpireFuture","floor":6,"key":"SMITH"},{"floor":10,"key":"REST"}],"circlet_count":0,"master_deck":["hexamod:Strike","hexamod:Strike","hexamod:Strike","hexamod:Defend","hexamod:Defend","hexamod:Defend","hexamod:Defend","hexamod:Sear","hexamod:Float+1","hexamod:InspiringFlames","hexamod:HauntingEcho","hexamod:GhostOfSpireFuture+1","hexamod:Firestarter","hexamod:SwordOfDarkness","hexamod:RadiantFlame","hexamod:ThermalTransfer","hexamod:NightmareGuise","expansioncontent:QuickStudy","hexamod:ShieldOfDarkness"],"relics":["hexamod:SpiritBrand","Boot","Bottled Lightning","Potion Belt","Smiling Mask","downfall:BrokenWingStatue"],"acts_visited":["Exordium"],"potions_floor_usage":[2,2,4,4,9],"damage_taken":[{"damage":4,"enemies":"3 Sentries","floor":2,"turns":9},{"damage":1,"enemies":"2 Louse","floor":3,"turns":2},{"damage":5,"enemies":"Lagavulin","floor":4,"turns":6},{"damage":6,"enemies":"Jaw Worm","floor":5,"turns":3},{"damage":0,"enemies":"Cultist","floor":8,"turns":3},{"damage":13,"enemies":"3 Sentries","floor":9,"turns":6},{"damage":9,"enemies":"3 Louse","floor":12,"turns":3},{"damage":13,"enemies":"Exordium Wildlife","floor":13,"turns":5},{"damage":0,"enemies":"downfall:FleeingMerchant","floor":14,"turns":4},{"damage":0,"enemies":"Large Slime","floor":15,"turns":6},{"damage":42,"enemies":"downfall:Defect","floor":16,"turns":6}],"seed_played":"-7581793342444585085","potions_obtained":[{"floor":0,"key":"DistilledChaos"},{"floor":0,"key":"hexamod:InfernoChargePotion"},{"floor":0,"key":"SkillPotion"},{"floor":3,"key":"Strength Potion"},{"floor":5,"key":"AttackPotion"},{"floor":15,"key":"Swift Potion"}],"is_trial":false,"path_per_floor":["R","E","M","E","M","R","T","M","E","R","?","M","M","$","M","B"],"character_chosen":"THE_SPIRIT","items_purchased":["expansioncontent:QuickStudy"],"campfire_rested":1,"item_purchase_floors":[14],"current_hp_per_floor":[70,66,65,60,54,54,54,54,41,62,62,53,40,40,40,0,0],"gold":52,"neow_bonus":"THREE_SMALL_POTIONS","is_daily":false,"chose_seed":false,"campfire_upgraded":2,"win_rate":0.0,"timestamp":1608344827,"path_taken":["R","E","M","E","M","R","T","M","E","R","?","M","M","$","M","BOSS"],"items_purchased_type":["Card"],"build_version":"2020-12-13","purchased_purges":1,"victory":false,"max_hp_per_floor":[70,70,70,70,70,70,70,70,70,70,70,70,70,70,70,70,70],"card_choices":[{"not_picked":["hexamod:Haunt","hexamod:GhostLash"],"picked":"hexamod:InspiringFlames","floor":2},{"not_picked":["hexamod:Hexaguard","hexamod:CatchUp"],"picked":"hexamod:HauntingEcho","floor":3},{"not_picked":["hexamod:PhantomFireball","hexamod:FirstSeal"],"picked":"hexamod:GhostOfSpireFuture","floor":4},{"not_picked":["hexamod:FastForward","hexamod:GhostShield"],"picked":"hexamod:Firestarter","floor":5},{"not_picked":["hexamod:NightmareGuise","hexamod:SpectersWail"],"picked":"hexamod:SwordOfDarkness","floor":8},{"not_picked":["hexamod:GhostShield","hexamod:Firestarter"],"picked":"hexamod:RadiantFlame","floor":9},{"not_picked":["hexamod:ChargedBarrage","hexamod:TimeOfNeed"],"picked":"hexamod:ThermalTransfer","floor":12},{"not_picked":["hexamod:GhostShield","hexamod:GhostLash","hexamod:BurningTouch"],"picked":"SKIP","floor":13},{"not_picked":["hexamod:HauntingEcho","hexamod:GhostShield"],"picked":"hexamod:NightmareGuise","floor":14},{"not_picked":["hexamod:NightmareStrike","hexamod:AdvancingGuard"],"picked":"hexamod:ShieldOfDarkness","floor":15}],"player_experience":557100,"relics_obtained":[{"floor":2,"key":"Boot"},{"floor":4,"key":"Bottled Lightning"},{"floor":7,"key":"Potion Belt"},{"floor":9,"key":"Smiling Mask"}],"event_choices":[],"is_beta":false,"boss_relics":[],"items_purged_floors":[14],"is_endless":false,"potions_floor_spawned":[3,5,15],"killed_by":"downfall:Defect","ascension_level":2}}