{"host":"1mxf43y0hzpoj3pg","time":1608376684,"event":{"mods":["AchievementEnabler","BaseMod","BetterRewards","Colored Map","Conspire","Downfall","Hubris","Minty Spire (QoL Compilation)","Permanent Neow","Replay The Spire","Shop Mod","StSLib","The Jungle"],"gold_per_floor":[99,99,111,122,153,170,170,170,170,170,170],"floor_reached":10,"playtime":561,"items_purged":[],"score":73,"play_id":"7901aa54-0123-46fb-ae29-d6d387a6f5b2","local_time":"20201219061804","is_ascension_mode":true,"campfire_choices":[{"floor":1,"key":"RECALL"},{"data":"Slimebound:SamplingLick","floor":9,"key":"SMITH"}],"circlet_count":0,"master_deck":["Slimebound:Strike_Slimebound","Slimebound:Strike_Slimebound","Slimebound:Tackle","Slimebound:Defend_Slimebound","Slimebound:Defend_Slimebound","Slimebound:Defend_Slimebound","Slimebound:Defend_Slimebound","Slimebound:Split","Slimebound:CorrosiveSpit","Slimebound:DuplicatedForm","Slimebound:SamplingLick+1","Slimebound:Chomp","Slimebound:FinishingTackle"],"relics":["Slimebound:AbsorbEndCombat","Meat on the Bone","ReplayTheSpireMod:Ninjato"],"acts_visited":["Exordium"],"potions_floor_usage":[10,10],"damage_taken":[{"damage":7,"enemies":"Jaw Worm","floor":3,"turns":4},{"damage":25,"enemies":"Cultist","floor":4,"turns":4},{"damage":36,"enemies":"Lagavulin","floor":5,"turns":6},{"damage":8,"enemies":"2 Louse","floor":6,"turns":2},{"damage":43,"enemies":"3 Sentries","floor":10,"turns":2}],"seed_played":"-4267535234163665078","potions_obtained":[{"floor":4,"key":"Dexterity Potion"},{"floor":5,"key":"DuplicationPotion"}],"is_trial":false,"path_per_floor":["R","?","M","M","E","M","T","?","R","E"],"character_chosen":"SLIMEBOUND","items_purchased":[],"campfire_rested":0,"item_purchase_floors":[],"current_hp_per_floor":[54,54,51,48,43,43,43,43,43,0,0],"gold":170,"neow_bonus":"THREE_RARE_CARDS","is_daily":false,"chose_seed":false,"campfire_upgraded":1,"win_rate":0.0,"timestamp":1608376684,"path_taken":["R","?","?","?","E","M","T","?","R","E"],"items_purchased_type":[],"build_version":"2020-12-13","purchased_purges":0,"victory":false,"max_hp_per_floor":[54,54,54,54,54,54,54,54,54,54,54],"card_choices":[{"not_picked":["Slimebound:MinionMaster","Slimebound:OozeBath"],"picked":"Slimebound:DuplicatedForm","floor":0},{"not_picked":["Slimebound:LeechingTouch","Slimebound:FinishingTackle"],"picked":"Slimebound:Chomp","floor":3},{"not_picked":["Slimebound:PressTheAttack","Slimebound:SamplingLick","Slimebound:SplitAcid"],"picked":"SKIP","floor":4},{"not_picked":["Slimebound:PressTheAttack","Slimebound:DivideAndConquer"],"picked":"Slimebound:FinishingTackle","floor":5},{"not_picked":["Slimebound:SamplingLick","Slimebound:RejuvenatingLick","Slimebound:PressTheAttack"],"picked":"SKIP","floor":6}],"player_experience":206032,"relics_obtained":[{"floor":5,"key":"Meat on the Bone"},{"floor":7,"key":"ReplayTheSpireMod:Ninjato"}],"event_choices":[{"damage_healed":0,"gold_gain":0,"cards_transformed":["Slimebound:Strike_Slimebound"],"player_choice":"Transformed","damage_taken":0,"max_hp_gain":0,"max_hp_loss":0,"event_name":"Transmorgrifier","floor":2,"gold_loss":0,"cards_obtained":["Slimebound:SamplingLick"]},{"damage_healed":0,"gold_gain":0,"player_choice":"Leave","damage_taken":0,"max_hp_gain":0,"max_hp_loss":0,"event_name":"conspire:Investor","floor":8,"gold_loss":0}],"is_beta":false,"boss_relics":[],"items_purged_floors":[],"is_endless":false,"potions_floor_spawned":[4,5],"killed_by":"3 Sentries","ascension_level":2}}