{"host":"tlbgt7ns5r9s9fgj","time":1608418621,"event":{"mods":["2.2 Compatiblity","Act Like it!","Aspiration","BaseMod","Better Altar","Better Match","Better Note","Better Sensory Stone","Better Skull","Better Third Choice","Better Vampires","BetterRewards","Challenge The Spire","Colored Map","Colored Powertips","Conspire","Downfall","Elementarium","Energized Spire","Friendly Minions","GifTheSpireLib","Halation","Highlight Path","Hubris","Ironclad Rager","Jedi Mod","Key Reminder","Marked Mod","Melee Mod","Minty Spire (QoL Compilation)","Pale of the Ancients","Permanent Neow","Pikachu Mod","Potionbrewer","Practice Mode","Relic Sorter","Remilia??????","Replay The Spire","Retaliation","SCP261 Mod","Shop Mod","Spicy Shops","Spikes Relics","StSLib","Stuff the Spire","The Factory","The Jungle","TheVacant","vexMod"],"gold_per_floor":[99,99,119,119,119,44,44,64,83,109,125,135,45,45,64,64,64],"floor_reached":16,"playtime":1521,"items_purged":["champ:Strike"],"score":102,"play_id":"bdc802d3-511c-48ed-9d3f-e20245606019","local_time":"20201219175701","is_ascension_mode":false,"campfire_choices":[{"floor":4,"key":"RECALL"},{"data":"champ:Taunt","floor":6,"key":"SMITH"}],"circlet_count":0,"master_deck":["champ:Defend","champ:Defend","champ:Defend","champ:Execute","champ:Taunt+1","champ:FanOfKnives","champ:HoldFirm","champ:GladiatorStyle+1","ReplayTheSpireMod:Trickstab","champ:RecklessLeap","champ:GladiatorStyle","champ:GladiatorStyle","champ:EndlessRage","champ:FaceSlap","champ:CalledShot","champ:BerserkerStyle"],"relics":["champ:ChampionCrown","keyreminder:keyreminder","downfall:HeartBlessingRed","Oddly Smooth Stone","Mirror"],"acts_visited":["Exordium"],"potions_floor_usage":[13],"damage_taken":[{"damage":0,"enemies":"2 Louse","floor":3,"turns":1},{"damage":11,"enemies":"conspire:RoseBush","floor":8,"turns":3},{"damage":0,"enemies":"Jaw Worm","floor":9,"turns":3},{"damage":38,"enemies":"Replay:BlueRogue","floor":10,"turns":6},{"damage":24,"enemies":"2 Fungi Beasts","floor":11,"turns":2},{"damage":1,"enemies":"Lots of Slimes","floor":12,"turns":2},{"damage":15,"enemies":"downfall:FleeingMerchant","floor":13,"turns":4},{"damage":6,"enemies":"Red Slaver","floor":15,"turns":4},{"damage":65,"enemies":"downfall:Defect","floor":16,"turns":5}],"seed_played":"-7601100250647269014","potions_obtained":[{"floor":8,"key":"Weak Potion"},{"floor":9,"key":"potionbrewer:AcidPotion"},{"floor":10,"key":"SCP261:GirlTearsPotion"},{"floor":11,"key":"SCP261:SweetSwarmPotion"},{"floor":12,"key":"LifebloodPotion"}],"is_trial":false,"path_per_floor":["R_BF","?","M","R","?","R","T","M","M","E","M","M","$","?","M","B"],"character_chosen":"THE_CHAMP","items_purchased":[],"campfire_rested":0,"item_purchase_floors":[],"current_hp_per_floor":[81,81,81,81,81,81,81,73,73,61,52,51,52,52,50,0,0],"gold":64,"neow_bonus":"TRANSFORM_TWO_CARDS","is_daily":false,"chose_seed":false,"campfire_upgraded":1,"win_rate":0.0,"timestamp":1608418621,"path_taken":["R_BF","?","?","R","?","R","T","M","?","E","?","M","$","?","M","BOSS"],"items_purchased_type":[],"build_version":"2020-12-13","purchased_purges":1,"victory":false,"max_hp_per_floor":[81,81,81,81,81,81,81,81,81,81,81,81,81,81,81,81,81],"card_choices":[{"not_picked":["DDmod:PotionAddictCard","Chrysalis"],"picked":"ReplayTheSpireMod:Trickstab","floor":2},{"not_picked":["champ:Circumvent","champ:BladeFlurry"],"picked":"champ:RecklessLeap","floor":3},{"not_picked":["champ:StanceDance","champ:FlashCut"],"picked":"champ:GladiatorStyle","floor":8},{"not_picked":["champ:DefensiveShout","champ:Backstep"],"picked":"champ:GladiatorStyle","floor":9},{"not_picked":["champ:IronFortress","champ:SkillfulDodge","champ:DefensiveStyle"],"picked":"SKIP","floor":10},{"not_picked":["champ:FlashCut","champ:DefensiveStyle"],"picked":"champ:EndlessRage","floor":11},{"not_picked":["champ:Circumvent","champ:CrookedStrike"],"picked":"champ:FaceSlap","floor":12},{"not_picked":["champ:Duel","champ:PerfectedStrike"],"picked":"champ:CalledShot","floor":13},{"not_picked":["champ:EnragedBash","champ:HeartStrike"],"picked":"champ:BerserkerStyle","floor":15}],"player_experience":287823,"relics_obtained":[{"floor":7,"key":"Oddly Smooth Stone"},{"floor":10,"key":"Mirror"}],"event_choices":[{"damage_healed":0,"gold_gain":1,"player_choice":"1","damage_taken":0,"max_hp_gain":0,"max_hp_loss":0,"event_name":"betterStone:BetterStone","floor":2,"gold_loss":0},{"damage_healed":0,"gold_gain":0,"player_choice":"Upgraded","damage_taken":0,"max_hp_gain":0,"max_hp_loss":0,"event_name":"Upgrade Shrine","floor":5,"gold_loss":0,"cards_upgraded":["champ:GladiatorStyle"]},{"cards_removed":["champ:Strike"],"damage_healed":0,"gold_gain":0,"player_choice":"Offered Basic","damage_taken":0,"max_hp_gain":0,"max_hp_loss":0,"event_name":"Bonfire Elementals","floor":14,"gold_loss":0}],"is_beta":false,"boss_relics":[],"items_purged_floors":[13],"is_endless":false,"potions_floor_spawned":[8,9,10,11,12],"killed_by":"downfall:Defect","ascension_level":0}}