{"host":"6azrrw3tf7wb0f4b","time":1608351255,"event":{"mods":["BaseMod","DeckTracker","Minty Spire (QoL Compilation)","SuperFastMode"],"gold_per_floor":[118,118,118,293,304,338,338,338,362,362,48,66,82,93,93,193,193,212,240,140,159,159,185,185,217,217,217,217,231,231,246,246,246,246],"floor_reached":33,"playtime":697,"items_purged":["Doubt","Defend_P"],"score":516,"play_id":"678889bf-3a91-4f2b-9226-c7529219f42a","local_time":"20201219131415","is_ascension_mode":true,"campfire_choices":[{"data":"Eruption","floor":8.0,"key":"SMITH"},{"data":"Devotion","floor":10.0,"key":"SMITH"},{"data":"Apotheosis","floor":15.0,"key":"SMITH"},{"floor":24.0,"key":"REST"},{"floor":28.0,"key":"REST"},{"floor":32,"key":"REST"}],"circlet_count":0,"master_deck":["AscendersBane","Defend_P+1","Eruption+1","Vigilance","EmptyBody","SashWhip","Devotion+1","Wallop","Apotheosis+1","ClearTheMind","Crescendo","Brilliance","Prostrate","Writhe","FlurryOfBlows","FlurryOfBlows+1","Collect","MentalFortress"],"relics":["PureWater","NeowsBlessing","Pen Nib","Centennial Puzzle","Empty Cage","Red Mask","Ice Cream","Darkstone Periapt","Bag of Preparation","Sundial"],"acts_visited":["Exordium","TheCity"],"potions_floor_usage":[31],"damage_taken":[{"damage":0.0,"enemies":"2 Louse","floor":1.0,"turns":1.0},{"damage":0.0,"enemies":"Jaw Worm","floor":5.0,"turns":2.0},{"damage":0.0,"enemies":"3 Sentries","floor":6.0,"turns":1.0},{"damage":5.0,"enemies":"Small Slimes","floor":12.0,"turns":3.0},{"damage":5.0,"enemies":"Exordium Wildlife","floor":13.0,"turns":5.0},{"damage":9.0,"enemies":"3 Louse","floor":14.0,"turns":3.0},{"damage":6.0,"enemies":"The Guardian","floor":16.0,"turns":7.0},{"damage":21.0,"enemies":"3 Byrds","floor":18.0,"turns":6.0},{"damage":12.0,"enemies":"Masked Bandits","floor":19.0,"turns":3.0},{"damage":5.0,"enemies":"Shell Parasite","floor":21.0,"turns":4.0},{"damage":3.0,"enemies":"Book of Stabbing","floor":23.0,"turns":4.0},{"damage":32.0,"enemies":"Gremlin Leader","floor":25.0,"turns":4.0},{"damage":6.0,"enemies":"Centurion and Healer","floor":29.0,"turns":5.0},{"damage":12,"enemies":"Snake Plant","floor":31,"turns":3},{"damage":36,"enemies":"Automaton","floor":33,"turns":6}],"seed_played":"8430398015231156240","potions_obtained":[{"floor":13.0,"key":"Energy Potion"},{"floor":14.0,"key":"SkillPotion"},{"floor":29.0,"key":"Dexterity Potion"}],"is_trial":false,"path_per_floor":["M","?","?","?","M","E","?","R","T","R","$","M","M","M","R","B",null,"M","?","$","M","?","E","R","E","T","?","R","M","?","M","R","B"],"character_chosen":"WATCHER","items_purchased":["Apotheosis","ClearTheMind"],"campfire_rested":3,"item_purchase_floors":[11,11],"current_hp_per_floor":[65,58,44,44,44,44,44,44,44,44,44,39,34,25,25,19,59,38,26,26,21,21,18,39,7,7,7,28,22,22,10,31,0,0],"gold":246,"neow_bonus":"THREE_ENEMY_KILL","is_daily":false,"chose_seed":false,"campfire_upgraded":3,"win_rate":0.0,"timestamp":1608351255,"path_taken":["M","?","?","?","?","E","?","R","T","R","?","M","M","M","R","BOSS","M","?","$","M","?","E","R","E","T","?","R","M","?","M","R","BOSS"],"items_purchased_type":["Card","Card"],"build_version":"2020-12-13","purchased_purges":2,"victory":false,"max_hp_per_floor":[72,72,72,72,72,72,72,72,72,72,72,72,72,72,72,72,72,72,72,72,72,72,72,72,72,72,72,72,72,72,72,72,72,72],"card_choices":[{"not_picked":["ThirdEye","Halt"],"picked":"EmptyBody","floor":1.0},{"not_picked":["SandsOfTime","PathToVictory"],"picked":"SashWhip","floor":5.0},{"not_picked":["SignatureMove","Protect"],"picked":"Devotion","floor":6.0},{"not_picked":["SandsOfTime","ThirdEye","CrushJoints"],"picked":"SKIP","floor":12.0},{"not_picked":["CrushJoints","FlyingSleeves"],"picked":"Crescendo","floor":13.0},{"not_picked":["ThirdEye","SashWhip","CutThroughFate"],"picked":"SKIP","floor":14.0},{"not_picked":["SpiritShield","Ragnarok"],"picked":"Brilliance","floor":16.0},{"not_picked":["BattleHymn+1","Perseverance","ClearTheMind+1"],"picked":"SKIP","floor":18.0},{"not_picked":["ClearTheMind","CarveReality+1"],"picked":"Prostrate","floor":19.0},{"not_picked":["PathToVictory","EmptyBody","Pray"],"picked":"SKIP","floor":21.0},{"not_picked":["ReachHeaven","FlyingSleeves","BowlingBash"],"picked":"SKIP","floor":23.0},{"not_picked":["ClearTheMind","ReachHeaven","SignatureMove+1"],"picked":"SKIP","floor":25.0},{"not_picked":["Fasting2+1","SashWhip"],"picked":"FlurryOfBlows+1","floor":29.0},{"not_picked":["Perseverance","FollowUp","Prostrate"],"picked":"SKIP","floor":31}],"player_experience":628713,"relics_obtained":[{"floor":6.0,"key":"Pen Nib"},{"floor":9.0,"key":"Centennial Puzzle"},{"floor":19.0,"key":"Red Mask"},{"floor":23.0,"key":"Darkstone Periapt"},{"floor":25.0,"key":"Bag of Preparation"},{"floor":26.0,"key":"Sundial"}],"event_choices":[{"cards_removed":["Defend_P"],"damage_healed":0.0,"max_hp_gain":0.0,"max_hp_loss":0.0,"gold_gain":0.0,"event_name":"Golden Wing","player_choice":"Card Removal","floor":2.0,"gold_loss":0.0,"damage_taken":7.0},{"damage_healed":0.0,"max_hp_gain":0.0,"max_hp_loss":0.0,"gold_gain":0.0,"event_name":"Shining Light","player_choice":"Entered Light","floor":3.0,"gold_loss":0.0,"damage_taken":14.0,"cards_upgraded":["Defend_P","Strike_P"]},{"damage_healed":0.0,"max_hp_gain":0.0,"max_hp_loss":0.0,"gold_gain":175.0,"event_name":"Liars Game","player_choice":"AGREE","floor":4.0,"gold_loss":0.0,"damage_taken":0.0,"cards_obtained":["Doubt"]},{"damage_healed":0.0,"max_hp_gain":0.0,"max_hp_loss":0.0,"gold_gain":0.0,"cards_transformed":["Strike_P"],"event_name":"Living Wall","player_choice":"Change","floor":7.0,"gold_loss":0.0,"damage_taken":0.0,"cards_obtained":["Wallop"]},{"damage_healed":0.0,"max_hp_gain":0.0,"max_hp_loss":0.0,"gold_gain":0.0,"event_name":"Masked Bandits","player_choice":"Fought Bandits","floor":19.0,"gold_loss":0.0,"damage_taken":0.0},{"damage_healed":0.0,"max_hp_gain":0.0,"max_hp_loss":0.0,"gold_gain":0.0,"event_name":"The Mausoleum","player_choice":"Opened","floor":22.0,"gold_loss":0.0,"damage_taken":0.0,"relics_obtained":["Ice Cream"],"cards_obtained":["Writhe"]},{"damage_healed":0.0,"max_hp_gain":0.0,"max_hp_loss":0.0,"gold_gain":0.0,"event_name":"The Library","player_choice":"Read","floor":27.0,"gold_loss":0.0,"damage_taken":0.0,"cards_obtained":["FlurryOfBlows"]},{"damage_healed":0.0,"max_hp_gain":0.0,"max_hp_loss":0.0,"gold_gain":0.0,"cards_transformed":["Defend_P","Strike_P"],"event_name":"Drug Dealer","player_choice":"Became Test Subject","floor":30.0,"gold_loss":0.0,"damage_taken":0.0,"cards_obtained":["Collect","MentalFortress"]}],"is_beta":false,"boss_relics":[{"not_picked":["HolyWater","Coffee Dripper"],"picked":"Empty Cage"}],"items_purged_floors":[11,20],"is_endless":false,"potions_floor_spawned":[13,14,16,18,29],"killed_by":"Automaton","ascension_level":11}}