{"host":"cyh4fejqtcjbfr7k","time":1608368102,"event":{"mods":["2.2 Compatiblity","AchievementEnabler","BaseMod","Colored Map","Colored Powertips","DeckTracker","Downfall","Googly Eyes","Hubris","Infinite Spire","Minty Spire (QoL Compilation)","Replay The Spire","Shop Mod","StSLib","SuperFastMode","Unceasing Turn Reminder"],"gold_per_floor":[111,121,139,139,139,139,172,172,172,188,188,217,232,76,76,172,172,185,205,131,149,149,149,169,169,169,169,179,179,189,189,189,189,189],"floor_reached":33,"playtime":1973,"items_purged":[],"score":298,"play_id":"f111f689-d053-4b36-9113-b075aa1bf77f","local_time":"20201219015502","is_ascension_mode":true,"campfire_choices":[{"floor":6.0,"key":"REST"},{"floor":8.0,"key":"REST"},{"data":"Berserk","floor":15.0,"key":"SMITH"},{"data":"Offering","floor":23.0,"key":"SMITH"},{"floor":25.0,"key":"REST"},{"data":"Rupture","floor":27.0,"key":"SMITH"},{"floor":29,"key":"REST"},{"floor":32,"key":"REST"}],"circlet_count":0,"master_deck":["Strike_R","Strike_R","Strike_R","Strike_R","Strike_R","Defend_R","Defend_R","Defend_R","Defend_R","Bash","Body Slam","Armaments","Offering+1","Blood for Blood","hubris:InfiniteBlow","Anger","Shrug It Off","Bloodletting","Iron Wave","Berserk+1","Double Tap","Pommel Strike","Pommel Strike","Inflame+1","Uppercut","Rupture+1","Disarm","Life Link"],"relics":["Burning Blood","hubris:KleinBottle","ReplayTheSpireMod:TigerMarble","Chameleon Ring","hubris:ScarierMask","WingedGreaves"],"acts_visited":["Exordium","TheCity"],"potions_floor_usage":[28,31,33],"damage_taken":[{"damage":12.0,"enemies":"Small Slimes","floor":1.0,"turns":3.0},{"damage":0.0,"enemies":"Cultist","floor":2.0,"turns":4.0},{"damage":2.0,"enemies":"2 Louse","floor":3.0,"turns":2.0},{"damage":36.0,"enemies":"3 Sentries","floor":7.0,"turns":8.0},{"damage":7.0,"enemies":"2 Fungi Beasts","floor":10.0,"turns":3.0},{"damage":10.0,"enemies":"Lagavulin","floor":12.0,"turns":3.0},{"damage":6.0,"enemies":"Looter","floor":13.0,"turns":1.0},{"damage":74.0,"enemies":"Hexaghost","floor":16.0,"turns":14.0},{"damage":9.0,"enemies":"Chosen","floor":18.0,"turns":3.0},{"damage":19.0,"enemies":"Spheric Guardian","floor":19.0,"turns":4.0},{"damage":6.0,"enemies":"Cultist and Chosen","floor":21.0,"turns":3.0},{"damage":28.0,"enemies":"Centurion and Healer","floor":24.0,"turns":4.0},{"damage":62,"enemies":"Snecko","floor":28,"turns":6},{"damage":9,"enemies":"Chosen and Byrds","floor":30,"turns":3},{"damage":3,"enemies":"Snake Plant","floor":31,"turns":1},{"damage":85,"enemies":"Collector","floor":33,"turns":10}],"seed_played":"-3709411379291386468","potions_obtained":[{"floor":10.0,"key":"SmokeBomb"},{"floor":12.0,"key":"FearPotion"},{"floor":16.0,"key":"SkillPotion"},{"floor":28,"key":"sneckomod:MuddlingPotion"}],"is_trial":false,"path_per_floor":["M","M","M","?","$","R","E","R","T","M","?","E","M","$","R","B",null,"M","M","$","M","?","R","M","R","T","R","M","R","M","M","R","B"],"character_chosen":"IRONCLAD","items_purchased":["hubris:KleinBottle","Berserk","Inflame"],"campfire_rested":5,"item_purchase_floors":[5,14,20],"current_hp_per_floor":[74,80,80,80,61,80,50,74,74,73,90,86,89,89,89,21,93,90,77,77,77,77,77,55,82,82,82,26,53,50,57,84,0,0],"gold":189,"neow_bonus":"ONE_RANDOM_RARE_CARD","is_daily":false,"chose_seed":false,"campfire_upgraded":3,"win_rate":0.0,"timestamp":1608368102,"path_taken":["M","M","M","?","?","R","E","R","T","?","?","E","?","$","R","BOSS","M","?","$","M","?","R","M","R","T","R","M","R","?","M","R","BOSS"],"items_purchased_type":["Relic","Card","Card"],"build_version":"2020-12-13","purchased_purges":0,"victory":false,"max_hp_per_floor":[80,80,80,80,80,80,80,80,80,80,90,90,93,93,93,93,93,93,93,93,93,93,93,93,93,93,93,93,93,93,93,93,93,93],"card_choices":[{"not_picked":["Second Wind","Warcry"],"picked":"Body Slam","floor":1.0},{"not_picked":["Shockwave","Pommel Strike"],"picked":"Armaments","floor":2.0},{"not_picked":["Headbutt","Replay:Undeath\u0027s Touch"],"picked":"Offering","floor":3.0},{"not_picked":["ReplayTheSpireMod:Book of Names","infinitespire:DeathsTouch"],"picked":"hubris:InfiniteBlow","floor":5.0},{"not_picked":["Headbutt","Thunderclap"],"picked":"Anger","floor":7.0},{"not_picked":["Thunderclap","Intimidate"],"picked":"Shrug It Off","floor":10.0},{"not_picked":["Run Through","Thunderclap"],"picked":"Bloodletting","floor":12.0},{"not_picked":["Second Wind","Reckless Charge"],"picked":"Iron Wave","floor":13.0},{"not_picked":["Eclipse","hubris:StunningStrike"],"picked":"Double Tap","floor":16.0},{"not_picked":["Flex","Battle Trance+1"],"picked":"Pommel Strike","floor":18.0},{"not_picked":["Clothesline","Flex"],"picked":"Pommel Strike","floor":19.0},{"not_picked":["Power Through","Bloodletting+1"],"picked":"Uppercut","floor":21.0},{"not_picked":["Run Through+1","Twin Strike"],"picked":"Rupture","floor":24.0},{"not_picked":["Rage","Clash+1"],"picked":"Disarm","floor":28},{"not_picked":["Cleave","Massacre"],"picked":"Life Link","floor":30}],"player_experience":587355,"relics_obtained":[{"floor":7.0,"key":"ReplayTheSpireMod:TigerMarble"},{"floor":12.0,"key":"Chameleon Ring"},{"floor":26.0,"key":"WingedGreaves"}],"event_choices":[{"damage_healed":0.0,"max_hp_gain":0.0,"max_hp_loss":0.0,"gold_gain":0.0,"event_name":"Match and Keep!","player_choice":"1 cards matched","floor":4.0,"gold_loss":0.0,"damage_taken":0.0,"cards_obtained":["Blood for Blood"]},{"cards_removed":["Brutality"],"damage_healed":7.0,"max_hp_gain":10.0,"max_hp_loss":0.0,"gold_gain":0.0,"event_name":"Bonfire Elementals","player_choice":"Offered Rare","floor":11.0,"gold_loss":0.0,"damage_taken":0.0},{"damage_healed":0.0,"max_hp_gain":0.0,"max_hp_loss":0.0,"gold_gain":0.0,"event_name":"Upgrade Shrine","player_choice":"Upgraded","floor":22.0,"gold_loss":0.0,"damage_taken":0.0,"cards_upgraded":["Inflame"]}],"is_beta":false,"boss_relics":[{"not_picked":["Cursed Key","infinitespire:Burning Sword"],"picked":"hubris:ScarierMask"}],"items_purged_floors":[],"is_endless":false,"potions_floor_spawned":[10,12,16,21,28],"killed_by":"Collector","ascension_level":3}}