{"host":"jtxptf9isiqyc7jm","time":1608385544,"event":{"mods":["Act Like it!","BaseMod","Bestiary","BetterRewards","Colored Powertips","Custom Start","Downfall","Friendly Minions","Hermit","Hubris","Infinite Spire","Jorbs\u0027s Wanderer Trilogy","Kiyohime????","Koishi","Lobotomy","Marisa????????","Minty Spire (QoL Compilation)","Prisma Mod","Remilia??????","Replay The Spire","Shop Mod","StSLib","The Construct","The Cursed","The Disciple","The Hierophant","The Jungle","The Runesmith","The Senshi","The Servant 0.9.4"],"gold_per_floor":[115,37,104,34,34,34,59,73,97,128,141,141,166,177,177,276,276,276,276],"floor_reached":18,"playtime":1532,"items_purged":[],"score":168,"play_id":"89fd6c1c-f6f0-421a-adc9-759d456389ab","local_time":"20201219134544","is_ascension_mode":false,"campfire_choices":[{"floor":12,"key":"REST"},{"floor":15,"key":"REST"}],"circlet_count":0,"master_deck":["TheCursedMod:Strike_TheCursed","TheCursedMod:Strike_TheCursed+1","TheCursedMod:Strike_TheCursed","TheCursedMod:Strike_TheCursed","TheCursedMod:Defend_TheCursed+1","TheCursedMod:Defend_TheCursed","TheCursedMod:Defend_TheCursed","TheCursedMod:Defend_TheCursed","TheCursedMod:CursedWand","TheCursedMod:CleanUpWorkshop","TheCursedMod:Dregs","TheCursedMod:SurpriseAttack","TheCursedMod:HellfireBreathing","TheCursedMod:SpitefulPray","TheCursedMod:Hemoplague+1","TheCursedMod:CircleOfAbyss+1","TheCursedMod:CursedAmulet","TheCursedMod:HellfireBreathing","TheCursedMod:Obscuration","TheCursedMod:CircleOfBlood","TheCursedMod:CursedShiv","TheCursedMod:AbyssShockwave","TheCursedMod:CollectTribute+1"],"relics":["TheCursedMod:BlackMagic101","Ancient Tea Set","Golden Egg","hubris:Icosahedron","Odd Mushroom","Gremlin Food","ReplayTheSpireMod:TigerMarble","Replay:Towering Pillar of Hats","hubris:TerracottaHorce"],"acts_visited":["Exordium","TheCity"],"potions_floor_usage":[7,16,16],"damage_taken":[{"damage":0,"enemies":"Jaw Worm","floor":1,"turns":5},{"damage":3,"enemies":"The Mushroom Lair","floor":7,"turns":4},{"damage":0,"enemies":"Cultist","floor":8,"turns":4},{"damage":1,"enemies":"Replay:BlueRogue","floor":10,"turns":5},{"damage":0,"enemies":"2 Louse","floor":11,"turns":3},{"damage":24,"enemies":"Gremlin Nob","floor":13,"turns":5},{"damage":0,"enemies":"Blue Slaver","floor":14,"turns":3},{"damage":29,"enemies":"Slime Boss","floor":16,"turns":8},{"damage":14,"enemies":"Spheric Guardian","floor":18,"turns":4}],"seed_played":"758461714730206038","potions_obtained":[{"floor":3,"key":"Adrenaline Potion"},{"floor":8,"key":"SpeedPotion"},{"floor":11,"key":"sneckomod:MuddlingPotion"},{"floor":13,"key":"Energy Potion"},{"floor":14,"key":"Toxic Potion"}],"is_trial":false,"path_per_floor":["M","$","?","$","?","?","?","M","T","E","M","R","E","M","R","B",null,"M"],"character_chosen":"THE_CURSED","items_purchased":["TheCursedMod:HellfireBreathing","TheCursedMod:Hemoplague"],"campfire_rested":2,"item_purchase_floors":[2,4],"current_hp_per_floor":[75,75,57,57,57,57,54,54,54,53,53,75,51,55,75,46,68,58,58],"gold":276,"neow_bonus":"RANDOM_COMMON_RELIC","is_daily":false,"chose_seed":false,"campfire_upgraded":0,"win_rate":0.0,"timestamp":1608385544,"path_taken":["M","$","?","?","?","?","?","?","T","E","M","R","E","M","R","BOSS","M"],"items_purchased_type":["Card","Card"],"build_version":"2020-12-13","purchased_purges":0,"victory":false,"max_hp_per_floor":[75,75,75,75,75,75,75,75,75,75,75,75,75,75,75,75,75,75,75],"card_choices":[{"not_picked":["TheCursedMod:CircleOfBlood","TheCursedMod:Obscuration"],"picked":"TheCursedMod:SurpriseAttack","floor":1},{"not_picked":["TheCursedMod:CircleOfCorruption","TheCursedMod:ReleasedStrength"],"picked":"TheCursedMod:SpitefulPray","floor":3},{"not_picked":["TheCursedMod:TacticalStrike","TheCursedMod:WearCloak"],"picked":"TheCursedMod:CursedAmulet","floor":7},{"not_picked":["TheCursedMod:Stigma","TheCursedMod:CursedAmulet"],"picked":"TheCursedMod:HellfireBreathing","floor":8},{"not_picked":["TheCursedMod:BloodBarrier","TheCursedMod:CircleOfCorruption"],"picked":"TheCursedMod:Obscuration","floor":10},{"not_picked":["TheCursedMod:SoulCrush","TheCursedMod:Obscuration"],"picked":"TheCursedMod:CircleOfBlood","floor":11},{"not_picked":["TheCursedMod:TacticalStrike","TheCursedMod:Stretching"],"picked":"TheCursedMod:CursedShiv","floor":13},{"not_picked":["TheCursedMod:TacticalStrike","TheCursedMod:Obscuration"],"picked":"TheCursedMod:AbyssShockwave","floor":14},{"not_picked":["TheCursedMod:ForbiddenAlchemy","TheCursedMod:CursedRelics"],"picked":"TheCursedMod:CollectTribute","floor":16}],"player_experience":100738,"relics_obtained":[{"floor":3,"key":"Golden Egg"},{"floor":7,"key":"Odd Mushroom"},{"floor":9,"key":"Gremlin Food"},{"floor":10,"key":"ReplayTheSpireMod:TigerMarble"},{"floor":13,"key":"Replay:Towering Pillar of Hats"}],"event_choices":[{"damage_healed":0,"gold_gain":0,"player_choice":"Fought Mushrooms","damage_taken":0,"max_hp_gain":0,"max_hp_loss":0,"event_name":"Mushrooms","floor":7,"gold_loss":0}],"is_beta":false,"boss_relics":[{"not_picked":["Fusion Hammer","hubris:BlackHole"],"picked":"hubris:TerracottaHorce"}],"items_purged_floors":[],"is_endless":false,"potions_floor_spawned":[8,11,13,14],"killed_by":"Spheric Guardian","ascension_level":0}}