{"host":"i09pxcjttd31eh4q","time":1608369754,"event":{"mods":["AchievementEnabler","BaseMod","Colored Map","Keyboard Shortcuts","Minty Spire (QoL Compilation)","StSLib","SuperFastMode"],"gold_per_floor":[17,36,49,49,67,67,86,86,164,184,194,204,129,141,141,243,243,256,355,368,268,268,268,285,302,302,302,177,196,210,229,229,324,324,343,360,210,260,260,260,260,270,270,284,284,284,284,109,109,109],"floor_reached":51,"playtime":1505,"items_purged":["Strike_P","Strike_P","Defend_P","CarveReality","Defend_P"],"score":920,"play_id":"f55eec1e-eeba-4f3f-a337-ab74e7be788a","local_time":"20201219182234","is_ascension_mode":false,"campfire_choices":[{"data":"Eruption","floor":6,"key":"SMITH"},{"data":"Tantrum","floor":8,"key":"SMITH"},{"data":"Adaptation","floor":15,"key":"SMITH"},{"data":"DeceiveReality","floor":23,"key":"SMITH"},{"data":"MentalFortress","floor":27,"key":"SMITH"},{"data":"Vigilance","floor":32,"key":"SMITH"},{"floor":40,"key":"REST"},{"floor":45,"key":"REST"},{"floor":47,"key":"REST"},{"floor":49,"key":"REST"}],"circlet_count":0,"master_deck":["Eruption+1","Vigilance+1","DeceiveReality+1","Tantrum+1","FearNoEvil","Adaptation+1","MentalFortress+1","InnerPeace"],"relics":["PureWater"],"acts_visited":["Exordium","TheCity","TheBeyond"],"potions_floor_usage":[5,20,25,50,50,50],"damage_taken":[{"damage":0,"enemies":"Small Slimes","floor":1,"turns":2},{"damage":0,"enemies":"Cultist","floor":2,"turns":2},{"damage":0,"enemies":"Jaw Worm","floor":3,"turns":3},{"damage":0,"enemies":"3 Louse","floor":5,"turns":4},{"damage":0,"enemies":"Large Slime","floor":7,"turns":2},{"damage":0,"enemies":"2 Fungi Beasts","floor":10,"turns":2},{"damage":1,"enemies":"Exordium Thugs","floor":11,"turns":3},{"damage":3,"enemies":"3 Louse","floor":12,"turns":2},{"damage":8,"enemies":"Exordium Wildlife","floor":14,"turns":2},{"damage":32,"enemies":"Hexaghost","floor":16,"turns":5},{"damage":0,"enemies":"Spheric Guardian","floor":18,"turns":2},{"damage":11,"enemies":"Shell Parasite","floor":20,"turns":3},{"damage":22,"enemies":"Snecko","floor":24,"turns":3},{"damage":0,"enemies":"Cultist and Chosen","floor":25,"turns":2},{"damage":0,"enemies":"Snake Plant","floor":29,"turns":4},{"damage":5,"enemies":"Centurion and Healer","floor":30,"turns":5},{"damage":0,"enemies":"3 Cultists","floor":31,"turns":3},{"damage":0,"enemies":"Collector","floor":33,"turns":3},{"damage":0,"enemies":"Orb Walker","floor":35,"turns":2},{"damage":30,"enemies":"3 Shapes","floor":36,"turns":5},{"damage":0,"enemies":"Mind Bloom Boss Battle","floor":38,"turns":5},{"damage":37,"enemies":"Writhing Mass","floor":42,"turns":5},{"damage":0,"enemies":"Transient","floor":44,"turns":3},{"damage":0,"enemies":"Donu and Deca","floor":50,"turns":1}],"seed_played":"-7565672910473721827","potions_obtained":[{"floor":2,"key":"EntropicBrew"},{"floor":3,"key":"SkillPotion"},{"floor":5,"key":"BlessingOfTheForge"},{"floor":10,"key":"LiquidMemories"},{"floor":20,"key":"Swift Potion"},{"floor":33,"key":"BottledMiracle"}],"is_trial":false,"path_per_floor":["M","M","M","?","M","R","M","R","T","M","M","M","$","M","R","B",null,"M","?","M","$","?","R","M","M","T","R","$","M","M","M","R","B",null,"M","M","$","?","?","R","?","M","T","M","R","?","R","$","R","B",null],"character_chosen":"WATCHER","items_purchased":[],"campfire_rested":4,"item_purchase_floors":[],"current_hp_per_floor":[72,72,72,72,72,72,72,72,72,72,71,68,68,60,60,28,72,72,72,61,61,61,61,39,39,39,39,39,39,34,34,34,34,72,72,42,42,42,42,63,63,26,26,26,46,46,66,66,68,68],"gold":109,"neow_bonus":"TRANSFORM_TWO_CARDS","is_daily":false,"chose_seed":false,"campfire_upgraded":6,"win_rate":0.0,"timestamp":1608369754,"path_taken":["M","M","M","?","M","R","M","R","T","M","M","?","$","M","R","BOSS","M","?","M","$","?","R","M","M","T","R","$","M","M","M","R","BOSS","M","M","$","?","?","R","?","M","T","M","R","?","R","$","R","BOSS"],"items_purchased_type":[],"build_version":"2020-12-13","purchased_purges":5,"victory":true,"max_hp_per_floor":[72,72,72,72,72,72,72,72,72,72,72,72,72,72,72,72,72,72,72,72,72,72,72,72,72,72,72,72,72,72,72,72,72,72,72,72,72,72,72,72,68,68,68,68,68,68,68,68,68,68],"card_choices":[{"not_picked":["Consecrate","CrushJoints"],"picked":"Tantrum","floor":1},{"not_picked":["Wireheading","BowlingBash","Prostrate"],"picked":"SKIP","floor":2},{"not_picked":["CrushJoints","EmptyBody","Halt"],"picked":"SKIP","floor":3},{"not_picked":["FlyingSleeves","SignatureMove","Prostrate"],"picked":"SKIP","floor":5},{"not_picked":["Prostrate","WheelKick","ClearTheMind"],"picked":"SKIP","floor":7},{"not_picked":["Prostrate","WheelKick","ClearTheMind"],"picked":"SKIP","floor":7},{"not_picked":["Tantrum","EmptyFist"],"picked":"FearNoEvil","floor":10},{"not_picked":["TalkToTheHand","Prostrate","MasterReality"],"picked":"SKIP","floor":11},{"not_picked":["SignatureMove","Protect"],"picked":"Adaptation","floor":12},{"not_picked":["Vengeance","WheelKick","Prostrate"],"picked":"SKIP","floor":14},{"not_picked":["Evaluate","PathToVictory","Tantrum+1"],"picked":"SKIP","floor":18},{"not_picked":["Halt","Collect","FlyingSleeves"],"picked":"SKIP","floor":20},{"not_picked":["EmptyBody","Prostrate","BattleHymn"],"picked":"SKIP","floor":24},{"not_picked":["Indignation","InnerPeace+1"],"picked":"MentalFortress","floor":25},{"not_picked":["TalkToTheHand","FlyingSleeves","JustLucky"],"picked":"SKIP","floor":29},{"not_picked":["Worship","PathToVictory","WreathOfFlame+1"],"picked":"SKIP","floor":30},{"not_picked":["ForeignInfluence+1","Protect"],"picked":"InnerPeace","floor":31},{"not_picked":["FlurryOfBlows","Prostrate+1","ThirdEye"],"picked":"SKIP","floor":35},{"not_picked":["CutThroughFate","ClearTheMind+1","MentalFortress+1"],"picked":"SKIP","floor":36},{"not_picked":["ThirdEye","FearNoEvil","PathToVictory"],"picked":"SKIP","floor":42},{"not_picked":["BowlingBash","EmptyFist+1","Alpha"],"picked":"SKIP","floor":44}],"player_experience":750365,"relics_obtained":[],"event_choices":[{"cards_removed":["Strike_P"],"damage_healed":0,"gold_gain":0,"player_choice":"Card Removal","damage_taken":0,"max_hp_gain":0,"max_hp_loss":0,"event_name":"Wheel of Change","floor":4,"gold_loss":0},{"damage_healed":0,"gold_gain":99,"player_choice":"Stole From Cult","damage_taken":0,"max_hp_gain":0,"max_hp_loss":0,"event_name":"Nest","floor":19,"gold_loss":0},{"cards_removed":["Defend_P"],"damage_healed":0,"gold_gain":0,"player_choice":"Elegance","damage_taken":0,"max_hp_gain":0,"max_hp_loss":0,"event_name":"Back to Basics","floor":22,"gold_loss":0},{"damage_healed":0,"gold_gain":0,"player_choice":"Fight","damage_taken":0,"max_hp_gain":0,"max_hp_loss":0,"event_name":"MindBloom","floor":38,"gold_loss":0},{"damage_healed":0,"gold_gain":0,"player_choice":"Ignored","damage_taken":0,"max_hp_gain":0,"max_hp_loss":0,"event_name":"Tomb of Lord Red Mask","floor":39,"gold_loss":0},{"damage_healed":0,"gold_gain":0,"player_choice":"Max HP","damage_taken":0,"max_hp_gain":0,"max_hp_loss":4,"event_name":"Winding Halls","floor":41,"gold_loss":0},{"damage_healed":0,"gold_gain":0,"player_choice":"0 cards matched","damage_taken":0,"max_hp_gain":0,"max_hp_loss":0,"event_name":"Match and Keep!","floor":46,"gold_loss":0,"cards_obtained":[]}],"is_beta":false,"boss_relics":[{"not_picked":[]},{"not_picked":[]}],"items_purged_floors":[13,21,28,37,48],"is_endless":false,"potions_floor_spawned":[2,3,5,10,18,20,33,42],"ascension_level":0}}