{"host":"5bdt6s51dmpd4l3v","time":1608349402,"event":{"mods":["AchievementEnabler","BaseMod","Colored Map","Colored Powertips","Highlight Path","Minty Spire (QoL Compilation)","Rare Cards Sparkle","StSLib"],"gold_per_floor":[219,219,93,93,108,108,124,124,150,182,182,207,218,218,218,323,323,323,238,238,238,37,37,37,37,37,37,37,37,37,37,37,37,37],"floor_reached":33,"playtime":905,"items_purged":[],"score":437,"play_id":"e605a038-39af-4a5a-92cf-98fec80d2af9","local_time":"20201219114321","is_ascension_mode":true,"campfire_choices":[{"floor":6,"key":"REST"},{"data":"Flex","floor":8,"key":"SMITH"},{"data":"Sever Soul","floor":11,"key":"SMITH"},{"floor":15,"key":"REST"},{"data":"Rupture","floor":23,"key":"SMITH"},{"data":"Flex","floor":25,"key":"SMITH"},{"data":"Rupture","floor":27,"key":"SMITH"},{"data":"Sword Boomerang","floor":32,"key":"SMITH"}],"circlet_count":0,"master_deck":["AscendersBane","Strike_R+1","Strike_R+1","Strike_R+1","Strike_R+1","Strike_R+1","Defend_R+1","Defend_R+1","Defend_R+1","Defend_R+1","Bash","Sword Boomerang+1","Rupture+1","Armaments+1","Clash","Flex+1","Sever Soul+1","Flex+1","Reaper+1","Sever Soul+1","Hemokinesis+1","Twin Strike+1","Rupture+1","Dramatic Entrance+1","Blood for Blood+1","Reaper+1","Heavy Blade+1","Sword Boomerang+1","Infernal Blade+1"],"relics":["Burning Blood","Lantern","Vajra","Magic Flower","Molten Egg 2","Ectoplasm","Toy Ornithopter","Darkstone Periapt","MealTicket"],"acts_visited":["Exordium","TheCity"],"potions_floor_usage":[7,10,12,21,31,33],"damage_taken":[{"damage":24,"enemies":"Small Slimes","floor":1,"turns":4},{"damage":8,"enemies":"2 Louse","floor":5,"turns":3},{"damage":0,"enemies":"Cultist","floor":7,"turns":3},{"damage":21,"enemies":"Gremlin Nob","floor":10,"turns":4},{"damage":27,"enemies":"Lagavulin","floor":12,"turns":6},{"damage":6,"enemies":"Exordium Thugs","floor":13,"turns":3},{"damage":55,"enemies":"Hexaghost","floor":16,"turns":9},{"damage":11,"enemies":"3 Byrds","floor":18,"turns":5},{"damage":0,"enemies":"Chosen","floor":21,"turns":3},{"damage":38,"enemies":"Shelled Parasite and Fungi","floor":24,"turns":4},{"damage":31,"enemies":"Slavers","floor":29,"turns":3},{"damage":0,"enemies":"Chosen and Byrds","floor":30,"turns":3},{"damage":8,"enemies":"Sentry and Sphere","floor":31,"turns":3},{"damage":106,"enemies":"Collector","floor":33,"turns":6}],"seed_played":"-205188422616241616","potions_obtained":[{"floor":5,"key":"PowerPotion"},{"floor":7,"key":"LiquidMemories"},{"floor":10,"key":"PowerPotion"},{"floor":18,"key":"Weak Potion"},{"floor":30,"key":"SkillPotion"},{"floor":31,"key":"ColorlessPotion"}],"is_trial":false,"path_per_floor":["M","?","$","?","M","R","M","R","T","E","R","E","M","T","R","B",null,"M","?","?","M","$","R","M","R","T","R","?","E","M","M","R","B"],"character_chosen":"IRONCLAD","items_purchased":["Rupture","Armaments","Twin Strike+1","Rupture","Dramatic Entrance+1"],"campfire_rested":2,"item_purchase_floors":[3,3,22,22,22],"current_hp_per_floor":[54,38,38,38,36,60,66,66,66,51,51,30,33,33,57,11,63,79,79,79,80,80,80,51,51,51,51,51,52,61,70,70,0,0],"gold":37,"neow_bonus":"HUNDRED_GOLD","is_daily":false,"chose_seed":false,"campfire_upgraded":6,"win_rate":0.0,"timestamp":1608349401,"path_taken":["M","?","$","?","M","R","M","R","T","E","R","E","?","?","R","BOSS","M","?","?","M","$","R","M","R","T","R","?","E","?","M","R","BOSS"],"items_purchased_type":["Card","Card","Card","Card","Card"],"build_version":"2020-12-13","purchased_purges":0,"victory":false,"max_hp_per_floor":[80,80,80,80,80,80,80,80,80,80,80,80,80,80,80,80,80,80,80,80,80,80,80,80,80,80,80,80,80,80,80,80,80,80],"card_choices":[{"not_picked":["Warcry","Power Through"],"picked":"Sword Boomerang","floor":1},{"not_picked":["Body Slam","True Grit"],"picked":"Clash","floor":5},{"not_picked":["Intimidate","Reckless Charge"],"picked":"Flex","floor":7},{"not_picked":["Impervious","Sword Boomerang"],"picked":"Sever Soul","floor":10},{"not_picked":["Uppercut","Wild Strike","Entrench"],"picked":"SKIP","floor":12},{"not_picked":["Shrug It Off","Body Slam"],"picked":"Flex","floor":13},{"not_picked":["Berserk","Barricade"],"picked":"Reaper+1","floor":16},{"not_picked":["Anger+1","Shrug It Off"],"picked":"Sever Soul+1","floor":18},{"not_picked":["Heavy Blade+1","Body Slam+1"],"picked":"Hemokinesis+1","floor":21},{"not_picked":["Fiend Fire+1","Body Slam+1"],"picked":"Blood for Blood+1","floor":24},{"not_picked":["Clothesline+1","Feel No Pain"],"picked":"Heavy Blade+1","floor":29},{"not_picked":["Heavy Blade+1","Evolve"],"picked":"Sword Boomerang+1","floor":30},{"not_picked":["Pommel Strike+1","Perfected Strike+1"],"picked":"Infernal Blade+1","floor":31}],"player_experience":137206,"relics_obtained":[{"floor":9,"key":"Lantern"},{"floor":10,"key":"Vajra"},{"floor":12,"key":"Magic Flower"},{"floor":14,"key":"Molten Egg 2"},{"floor":26,"key":"Darkstone Periapt"},{"floor":29,"key":"MealTicket"}],"event_choices":[{"damage_healed":0,"gold_gain":0,"player_choice":"Entered Light","damage_taken":16,"max_hp_gain":0,"max_hp_loss":0,"event_name":"Shining Light","floor":2,"gold_loss":0,"cards_upgraded":["Defend_R","Strike_R"]},{"damage_healed":0,"gold_gain":0,"player_choice":"Forge","damage_taken":0,"max_hp_gain":0,"max_hp_loss":0,"event_name":"Accursed Blacksmith","floor":4,"gold_loss":0,"cards_upgraded":["Armaments"]},{"damage_healed":0,"gold_gain":0,"player_choice":"Obtained Relic","damage_taken":0,"relics_obtained":["Toy Ornithopter"],"max_hp_gain":0,"max_hp_loss":0,"event_name":"Addict","floor":19,"gold_loss":85},{"damage_healed":0,"gold_gain":0,"player_choice":"Simplicity","damage_taken":0,"max_hp_gain":0,"max_hp_loss":0,"event_name":"Back to Basics","floor":20,"gold_loss":0,"cards_upgraded":["Strike_R","Strike_R","Strike_R","Strike_R","Defend_R","Defend_R","Defend_R"]},{"damage_healed":0,"gold_gain":0,"player_choice":"Copied","damage_taken":0,"max_hp_gain":0,"max_hp_loss":0,"event_name":"Duplicator","floor":28,"gold_loss":0,"cards_obtained":["Reaper"]}],"is_beta":false,"boss_relics":[{"not_picked":["Runic Dome","Velvet Choker"],"picked":"Ectoplasm"}],"items_purged_floors":[],"is_endless":false,"potions_floor_spawned":[5,7,10,18,30,31],"killed_by":"Collector","ascension_level":12}}