{"host":"5gc11emcm5chfr5t","time":1608410531,"event":{"mods":["2.2 Compatiblity","AchievementEnabler","BaseMod","Bestiary","Better Note","Colored Map","Colored Powertips","Downfall","Googly Eyes","Minty Spire (QoL Compilation)","Rare Cards Sparkle","StSLib"],"gold_per_floor":[99,114,132,57,85,104,404,404,404,432,449,459,77,97,113,113,113],"floor_reached":16,"playtime":715,"items_purged":[],"score":200,"play_id":"b9855ae0-a6a8-45a4-b56b-5aa132651e29","local_time":"20201219154211","is_ascension_mode":true,"campfire_choices":[{"floor":1,"key":"RECALL"},{"floor":4,"key":"REST"},{"floor":9,"key":"REST"}],"circlet_count":0,"master_deck":["AscendersBane","sneckomod:Strike","sneckomod:Strike","sneckomod:Strike","sneckomod:Defend","sneckomod:Defend","sneckomod:Defend","sneckomod:TailWhip","sneckomod:SnekBite","sneckomod:Unknown","sneckomod:Unknown","sneckomod:QuickBite","sneckomod:SoulRoll","sneckomod:QuickMove","sneckomod:UnknownBlock","sneckomod:UnlimitedRolls","sneckomod:SoulCleanse","sneckomod:UnknownUncommonAttack","sneckomod:ImprovisedGuard","sneckomod:UnknownRarePower","expansioncontent:QuickStudy","sneckomod:SoulRoll","sneckomod:UnknownClassGREEN","sneckomod:ImprovisedGuard"],"relics":["sneckomod:SneckoSoul","Torii","downfall:HeartBlessingRed","StoneCalendar","Old Coin","Thread and Needle"],"acts_visited":["Exordium"],"potions_floor_usage":[3,16,16],"damage_taken":[{"damage":32,"enemies":"Cultist","floor":2,"turns":6},{"damage":7,"enemies":"Small Slimes","floor":3,"turns":2},{"damage":32,"enemies":"Lagavulin","floor":5,"turns":8},{"damage":0,"enemies":"2 Louse","floor":6,"turns":2},{"damage":13,"enemies":"3 Sentries","floor":10,"turns":7},{"damage":0,"enemies":"Blue Slaver","floor":11,"turns":3},{"damage":16,"enemies":"Exordium Wildlife","floor":12,"turns":3},{"damage":0,"enemies":"downfall:FleeingMerchant","floor":13,"turns":4},{"damage":9,"enemies":"Blue Slaver","floor":14,"turns":4},{"damage":7,"enemies":"3 Louse","floor":15,"turns":2},{"damage":14,"enemies":"downfall:Silent","floor":16,"turns":4}],"seed_played":"3153183247044731353","potions_obtained":[{"floor":2,"key":"champ:CounterPotion"},{"floor":11,"key":"CultistPotion"},{"floor":12,"key":"Strength Potion"}],"is_trial":false,"path_per_floor":["R","M","M","R","E","M","T","?","R","E","M","M","$","M","M","B"],"character_chosen":"THE_SNECKO","items_purchased":["sneckomod:UnknownRarePower","expansioncontent:QuickStudy","sneckomod:SoulRoll"],"campfire_rested":2,"item_purchase_floors":[13,13,13],"current_hp_per_floor":[75,43,36,60,28,29,29,29,54,41,41,26,27,21,14,0,0],"gold":113,"neow_bonus":"ONE_RARE_RELIC","is_daily":false,"chose_seed":false,"campfire_upgraded":0,"win_rate":0.0,"timestamp":1608410531,"path_taken":["R","?","M","R","E","M","T","?","R","E","?","M","$","M","M","BOSS"],"items_purchased_type":["Card","Card","Card"],"build_version":"2020-12-13","purchased_purges":0,"victory":false,"max_hp_per_floor":[83,83,83,83,83,84,84,84,84,84,84,85,86,87,87,87,87],"card_choices":[{"not_picked":["sneckomod:Nope","sneckomod:SoulDraw"],"picked":"sneckomod:QuickBite","floor":2},{"not_picked":["sneckomod:QuickBite","sneckomod:UnknownBlock"],"picked":"sneckomod:SoulRoll","floor":3},{"not_picked":["sneckomod:SoulDraw","sneckomod:Nope"],"picked":"sneckomod:QuickMove","floor":5},{"not_picked":["sneckomod:SoulDraw","sneckomod:MixItUp"],"picked":"sneckomod:UnknownBlock","floor":6},{"not_picked":["sneckomod:QuickBite","sneckomod:DiceBlock"],"picked":"sneckomod:UnlimitedRolls","floor":10},{"not_picked":["sneckomod:UnknownClassGUARDIAN","sneckomod:UnknownClassHEXA_GHOST_PURPLE"],"picked":"sneckomod:SoulCleanse","floor":11},{"not_picked":["sneckomod:UnknownCommonSkill","sneckomod:UnknownStrike"],"picked":"sneckomod:UnknownUncommonAttack","floor":12},{"not_picked":["sneckomod:DiceCrush","sneckomod:RainOfDice"],"picked":"sneckomod:ImprovisedGuard","floor":13},{"not_picked":["sneckomod:SoulCleanse","sneckomod:SoulDraw"],"picked":"sneckomod:UnknownClassGREEN","floor":14},{"not_picked":["sneckomod:TrashToTreasure","sneckomod:UnknownExhaust"],"picked":"sneckomod:ImprovisedGuard","floor":15}],"player_experience":435478,"relics_obtained":[{"floor":5,"key":"StoneCalendar"},{"floor":7,"key":"Old Coin"},{"floor":10,"key":"Thread and Needle"}],"event_choices":[{"cards_removed":["Doubt"],"damage_healed":0,"gold_gain":0,"player_choice":"Purged","damage_taken":0,"max_hp_gain":0,"max_hp_loss":0,"event_name":"Purifier","floor":8,"gold_loss":0}],"is_beta":false,"boss_relics":[],"items_purged_floors":[],"is_endless":false,"potions_floor_spawned":[2,11,12,14],"killed_by":"downfall:Silent","ascension_level":15}}