{"host":"og6lam4kt3nibbw0","time":1608358120,"event":{"mods":["AchievementEnabler","BaseMod","Colored Map","DeckTracker","Highlight Path","Keyboard Shortcuts","Minty Spire (QoL Compilation)","Permanent Neow","Quick Restart","StSLib","SuperFastMode"],"gold_per_floor":[119,119,136,156,175,207,218,218,218,218,218,218,246,272,272,345,345,361,231,251,264,264,264,292,292,371,403,413,41,59,75,75,154,154,165,180,190,190,190,220,220,235,235,251,277,297,310,335,335,335,335],"floor_reached":50,"playtime":2555,"items_purged":["Strike_B","Defend_B"],"score":1372,"play_id":"3ce11b85-e9ef-4566-a48e-bd6362e3ef2d","local_time":"20201219150840","is_ascension_mode":true,"campfire_choices":[{"data":"Apotheosis","floor":8.0,"key":"SMITH"},{"floor":10.0,"key":"REST"},{"data":"Aggregate","floor":12.0,"key":"SMITH"},{"data":"Sweeping Beam","floor":15.0,"key":"SMITH"},{"floor":23.0,"key":"RECALL"},{"floor":25.0,"key":"REST"},{"floor":32,"key":"REST"},{"floor":41,"key":"REST"},{"data":"Seek","floor":49,"key":"SMITH"}],"circlet_count":0,"master_deck":["AscendersBane","Strike_B","Defend_B","Defend_B","Zap","Dualcast","Apotheosis+1","Sweeping Beam+1","Undo","Compile Driver","Lockon","Aggregate+1","Stack","Sunder+1","Reboot","Glacier","Turbo","Coolheaded","Flash of Steel","Stack","White Noise+1","Seek+1","Seek","Skim+1","Madness","Madness","Double Energy+1","Loop+1"],"relics":["Cracked Core","Bottled Lightning","PreservedInsect","Toy Ornithopter","Runic Pyramid","InkBottle","Eternal Feather","StrikeDummy","Busted Crown","Vajra","Ornamental Fan","Orichalcum","DataDisk"],"acts_visited":["Exordium","TheCity","TheBeyond"],"potions_floor_usage":[31,33,48,50],"damage_taken":[{"damage":4.0,"enemies":"Jaw Worm","floor":1.0,"turns":3.0},{"damage":0.0,"enemies":"Cultist","floor":3.0,"turns":3.0},{"damage":4.0,"enemies":"2 Louse","floor":4.0,"turns":2.0},{"damage":7.0,"enemies":"Exordium Wildlife","floor":5.0,"turns":4.0},{"damage":0.0,"enemies":"Gremlin Nob","floor":6.0,"turns":3.0},{"damage":0.0,"enemies":"Large Slime","floor":7.0,"turns":5.0},{"damage":10.0,"enemies":"3 Sentries","floor":13.0,"turns":4.0},{"damage":26.0,"enemies":"The Guardian","floor":16.0,"turns":11.0},{"damage":19.0,"enemies":"Shell Parasite","floor":18.0,"turns":8.0},{"damage":0.0,"enemies":"3 Byrds","floor":20.0,"turns":7.0},{"damage":0.0,"enemies":"Cultist and Chosen","floor":21.0,"turns":7.0},{"damage":4.0,"enemies":"Book of Stabbing","floor":24.0,"turns":4.0},{"damage":27.0,"enemies":"Slavers","floor":27.0,"turns":3.0},{"damage":39.0,"enemies":"Shelled Parasite and Fungi","floor":28.0,"turns":6.0},{"damage":1,"enemies":"Centurion and Healer","floor":30,"turns":2},{"damage":4,"enemies":"Cultist and Chosen","floor":31,"turns":5},{"damage":12,"enemies":"Collector","floor":33,"turns":8},{"damage":0,"enemies":"3 Shapes","floor":35,"turns":3},{"damage":1,"enemies":"3 Darklings","floor":36,"turns":3},{"damage":0,"enemies":"Jaw Worm Horde","floor":37,"turns":2},{"damage":17,"enemies":"Reptomancer","floor":40,"turns":5},{"damage":0,"enemies":"Maw","floor":42,"turns":6},{"damage":0,"enemies":"3 Darklings","floor":44,"turns":4},{"damage":0,"enemies":"Giant Head","floor":45,"turns":4},{"damage":0,"enemies":"Jaw Worm Horde","floor":46,"turns":3},{"damage":0,"enemies":"Maw","floor":47,"turns":7},{"damage":0,"enemies":"Nemesis","floor":48,"turns":3},{"damage":85,"enemies":"Time Eater","floor":50,"turns":13}],"seed_played":"5338711876835447374","potions_obtained":[{"floor":4.0,"key":"AttackPotion"},{"floor":5.0,"key":"Block Potion"},{"floor":6.0,"key":"SpeedPotion"},{"floor":7.0,"key":"Dexterity Potion"},{"floor":21.0,"key":"LiquidMemories"},{"floor":27.0,"key":"FairyPotion"},{"floor":30,"key":"DuplicationPotion"},{"floor":33,"key":"Dexterity Potion"},{"floor":36,"key":"Strength Potion"},{"floor":42,"key":"CultistPotion"}],"is_trial":false,"path_per_floor":["M","?","M","M","M","E","M","R","T","R","?","R","E","T","R","B",null,"M","$","M","M","?","R","E","R","T","E","M","$","M","M","R","B",null,"M","M","M","?","?","E","R","M","T","M","E","M","M","E","R","B"],"character_chosen":"DEFECT","items_purchased":["PowerPotion","Flash of Steel","Stack","Fruit Juice"],"campfire_rested":4,"item_purchase_floors":[19,29,29,29],"current_hp_per_floor":[42,42,42,38,31,31,31,31,31,52,52,52,42,42,42,21,59,40,40,40,40,40,40,36,57,57,30,14,24,23,24,58,51,70,70,69,69,69,55,38,75,75,75,75,75,75,75,76,76,0,0],"gold":335,"neow_bonus":"RANDOM_COLORLESS_2","is_daily":false,"chose_seed":false,"campfire_upgraded":4,"win_rate":0.0,"timestamp":1608358120,"path_taken":["M","?","M","M","?","E","M","R","T","R","?","R","E","?","R","BOSS","M","$","M","M","?","R","E","R","T","E","M","$","?","M","R","BOSS","M","M","M","?","?","E","R","M","T","M","E","M","M","E","R","BOSS"],"items_purchased_type":["Potion","Card","Card","Potion"],"build_version":"2020-12-13","purchased_purges":2,"victory":false,"max_hp_per_floor":[71,71,71,71,71,71,71,71,71,71,71,71,71,71,71,71,71,71,71,71,71,71,71,71,71,71,71,71,76,76,76,76,76,76,76,76,76,76,76,76,76,76,76,76,76,76,76,76,76,76,76],"card_choices":[{"not_picked":["Secret Technique","Chrysalis"],"picked":"Apotheosis","floor":0.0},{"not_picked":["Conserve Battery","Stack"],"picked":"Sweeping Beam","floor":1.0},{"not_picked":["Recycle","Ball Lightning"],"picked":"Undo","floor":3.0},{"not_picked":["Ball Lightning","Turbo"],"picked":"Compile Driver","floor":4.0},{"not_picked":["Auto Shields","Leap"],"picked":"Lockon","floor":5.0},{"not_picked":["Machine Learning","Gash"],"picked":"Aggregate","floor":6.0},{"not_picked":["Hello World","Ball Lightning"],"picked":"Stack","floor":7.0},{"not_picked":["Barrage","Rainbow","Cold Snap"],"picked":"SKIP","floor":13.0},{"not_picked":["Fission","Creative AI"],"picked":"Reboot","floor":16.0},{"not_picked":["Cold Snap","Scrape"],"picked":"Glacier","floor":18.0},{"not_picked":["Redo","Gash","Reprogram+1"],"picked":"SKIP","floor":20.0},{"not_picked":["Redo","Steam"],"picked":"Turbo","floor":21.0},{"not_picked":["Conserve Battery","Hello World+1","Sunder"],"picked":"SKIP","floor":24.0},{"not_picked":["Gash","Leap","Auto Shields"],"picked":"SKIP","floor":27.0},{"not_picked":["Barrage","Sunder"],"picked":"Coolheaded","floor":28.0},{"not_picked":["Undo","Gash"],"picked":"White Noise+1","floor":30},{"not_picked":["Beam Cell","Cold Snap"],"picked":"Seek","floor":31},{"not_picked":["All For One","Hyperbeam"],"picked":"Seek","floor":33},{"not_picked":["Gash"],"picked":"SKIP","floor":35},{"not_picked":["Cold Snap"],"picked":"SKIP","floor":36},{"not_picked":[],"picked":"Skim+1","floor":37},{"not_picked":[],"picked":"Double Energy+1","floor":40},{"not_picked":["Cold Snap+1"],"picked":"SKIP","floor":42},{"not_picked":["Coolheaded"],"picked":"SKIP","floor":44},{"not_picked":["Beam Cell"],"picked":"SKIP","floor":45},{"not_picked":["Sweeping Beam+1"],"picked":"SKIP","floor":46},{"not_picked":[],"picked":"Loop+1","floor":47},{"not_picked":["Hello World+1"],"picked":"SKIP","floor":48}],"player_experience":796195,"relics_obtained":[{"floor":6.0,"key":"Bottled Lightning"},{"floor":13.0,"key":"PreservedInsect"},{"floor":14.0,"key":"Toy Ornithopter"},{"floor":24.0,"key":"InkBottle"},{"floor":26.0,"key":"Eternal Feather"},{"floor":27.0,"key":"StrikeDummy"},{"floor":40,"key":"Vajra"},{"floor":43,"key":"Ornamental Fan"},{"floor":45,"key":"Orichalcum"},{"floor":48,"key":"DataDisk"}],"event_choices":[{"cards_removed":["Defend_B"],"damage_healed":0.0,"max_hp_gain":0.0,"max_hp_loss":0.0,"gold_gain":0.0,"event_name":"Bonfire Elementals","player_choice":"Offered Basic","floor":2.0,"gold_loss":0.0,"damage_taken":0.0},{"damage_healed":0.0,"max_hp_gain":0.0,"max_hp_loss":0.0,"gold_gain":0.0,"cards_transformed":["Strike_B"],"event_name":"Living Wall","player_choice":"Change","floor":11.0,"gold_loss":0.0,"damage_taken":0.0,"cards_obtained":["Sunder"]},{"damage_healed":0.0,"max_hp_gain":0.0,"max_hp_loss":0.0,"gold_gain":0.0,"event_name":"Accursed Blacksmith","player_choice":"Forge","floor":22.0,"gold_loss":0.0,"damage_taken":0.0,"cards_upgraded":["Sunder"]},{"cards_removed":["Strike_B"],"damage_healed":0,"gold_gain":0,"player_choice":"Removed Attack","damage_taken":0,"max_hp_gain":0,"max_hp_loss":0,"event_name":"Falling","floor":38,"gold_loss":0},{"damage_healed":0,"gold_gain":0,"player_choice":"Embrace Madness","damage_taken":14,"max_hp_gain":0,"max_hp_loss":0,"event_name":"Winding Halls","floor":39,"gold_loss":0,"cards_obtained":["Madness","Madness"]}],"is_beta":false,"boss_relics":[{"not_picked":["Ectoplasm","Snecko Eye"],"picked":"Runic Pyramid"},{"not_picked":["Velvet Choker","Runic Dome"],"picked":"Busted Crown"}],"items_purged_floors":[19,29],"is_endless":false,"potions_floor_spawned":[4,5,6,7,21,27,30,33,36,42,44,46],"killed_by":"Time Eater","ascension_level":20}}