{"host":"ficgsz0si2azpg0p","time":1608401996,"event":{"mods":["BaseMod","Downfall","Minty Spire (QoL Compilation)","StSLib","The Hierophant"],"gold_per_floor":[210,3,3,14,30,30,305,305,305],"floor_reached":8,"playtime":277,"items_purged":[],"score":46,"play_id":"a9d08773-9ec0-449b-87d9-0be924734d8c","local_time":"20201219131956","is_ascension_mode":false,"campfire_choices":[{"data":"Neutralize","floor":6.0,"key":"SMITH"}],"circlet_count":0,"master_deck":["Strike_G","Strike_G","Strike_G","Strike_G","Strike_G","Defend_G","Defend_G","Defend_G","Defend_G","Defend_G","Survivor","Neutralize+1","Dagger Throw","Flying Knee","Dagger Spray","Escape Plan","Regret"],"relics":["Ring of the Snake","Lee\u0027s Waffle"],"acts_visited":[],"potions_floor_usage":[8],"damage_taken":[{"damage":0.0,"enemies":"2 Louse","floor":1.0,"turns":3.0},{"damage":0.0,"enemies":"Cultist","floor":4.0,"turns":3.0},{"damage":0.0,"enemies":"Small Slimes","floor":5.0,"turns":2.0},{"damage":79,"enemies":"Lagavulin","floor":8,"turns":14}],"seed_played":"-8950614531775655443","potions_obtained":[{"floor":4.0,"key":"SmokeBomb"},{"floor":5.0,"key":"SkillPotion"}],"is_trial":false,"path_per_floor":["M","$","?","M","M","R","?","E"],"character_chosen":"THE_SILENT","items_purchased":["Lee\u0027s Waffle","Flying Knee"],"campfire_rested":0,"item_purchase_floors":[2,2],"current_hp_per_floor":[70,77,77,77,77,77,77,0,0],"gold":305,"neow_bonus":"HUNDRED_GOLD","is_daily":false,"chose_seed":false,"campfire_upgraded":1,"win_rate":0.0,"timestamp":1608401996,"path_taken":["M","$","?","?","M","R","?","E"],"items_purchased_type":["Relic","Card"],"build_version":"2020-12-13","purchased_purges":0,"victory":false,"max_hp_per_floor":[70,77,77,77,77,77,77,77,77],"card_choices":[{"not_picked":["Blade Dance","Quick Slash"],"picked":"Dagger Throw","floor":1.0},{"not_picked":["Dodge and Roll","Cloak And Dagger"],"picked":"Dagger Spray","floor":4.0},{"not_picked":["Quick Slash","Skewer"],"picked":"Escape Plan","floor":5.0}],"player_experience":11954863,"relics_obtained":[],"event_choices":[{"damage_healed":0.0,"max_hp_gain":0.0,"max_hp_loss":0.0,"gold_gain":0.0,"event_name":"NoteForYourself","player_choice":"Ignored","floor":3.0,"gold_loss":0.0,"damage_taken":0.0},{"damage_healed":0.0,"max_hp_gain":0.0,"max_hp_loss":0.0,"gold_gain":275.0,"event_name":"Golden Shrine","player_choice":"Desecrate","floor":7.0,"gold_loss":0.0,"damage_taken":0.0,"cards_obtained":["Regret"]}],"is_beta":false,"boss_relics":[],"items_purged_floors":[],"is_endless":false,"potions_floor_spawned":[4,5],"killed_by":"Lagavulin","ascension_level":0}}