{"host":"m9b9nkcj1hzhp9h6","time":1608390415,"event":{"mods":["AchievementEnabler","Act Like it!","AlwaysNeverKeys","Aspiration","BaseMod","Better Altar","Better Match","Better Note","Better Sensory Stone","Better Silent Start","Better Skull","Better Third Choice","Better Vampires","BetterRewards","Booster Modes","Colored Map","Colored Powertips","Colorless Booster Pack","Conspire","Custom Start","Defective Defect","Dio Mod","Displayed Cursed Tome","Dota2Spire","Downfall","Elementarium","Emptier Cage","Energized Spire","Friendly Minions","Gensokyo","GifTheSpireLib","Halation","HexUI Lib","Hubris","Infinite Spire","Ironclad Rager","Jedi Mod","Mari Mod (Legacy)","Mari\u0027s V1 Patch","Marked Mod","Menagerie","Mimic Mod","Minty Spire (QoL Compilation)","Pale of the Ancients","Permanent Neow","Prisma Mod","RRrroohrrRGHHhhh!!","Random Character Button","Random Character Mod","Relic Sorter","Relic Stats","Remilia??????","Replay The Spire","Reworked Bosses","Robot Space Explorer","RumiaBox-????????","SCP261 Mod","SacredBarkPlus","Small Relic Pack","Spikes Relics","StSLib","Stuff the Spire","The Animator","The Blue Laboratory","The Factory","The IronCluck","The Jungle","Trackpad","Transform Curses","Useless Jewels Mod","Virulent Crown","Waifu the Spire","Wandering Minibosses","Yohane!","Yuri Mod","egg","slay the spire mod where everything is the same but ironclad has a cowboy hat","thorton","vexMod"],"gold_per_floor":[115,127,127,127,127,166,166,200,279,290,310,82,257,257,257,257,257],"floor_reached":16,"playtime":596,"items_purged":["animator:Defend"],"score":173,"play_id":"62b3b581-2c74-4254-8b49-56f2e384c316","local_time":"20201219170655","is_ascension_mode":true,"campfire_choices":[{"data":"animator:Azekura","floor":7.0,"key":"SMITH"},{"data":"animator:Emonzaemon","floor":15,"key":"SMITH"}],"circlet_count":0,"master_deck":["AscendersBane","animator:Strike_Katanagatari","animator:Defend_Katanagatari","animator:Strike","animator:Strike","animator:Defend","animator:Defend","animator:Azekura+1","animator:Emonzaemon+1","Iron Wave","Iron Wave","Injury","animator:Togame","animator:ZankiKiguchi+1","animator:Darkness","Reaper+1","Doubt"],"relics":["animator:LivingPicture","animator:TheMissingPiece","aspiration:Nostalgia","Iron Core","Molten Egg 2","Magic Flower","halation:PromiseList","infinitespire:FocusingShard"],"acts_visited":["Exordium"],"potions_floor_usage":[14,16],"damage_taken":[{"damage":12.0,"enemies":"Jaw Worm","floor":1.0,"turns":4.0},{"damage":0.0,"enemies":"conspire:RoseBush","floor":2.0,"turns":3.0},{"damage":26.0,"enemies":"Replay:BlueRogue","floor":6.0,"turns":6.0},{"damage":1,"enemies":"Small Slimes","floor":8,"turns":8},{"damage":0,"enemies":"Small Slimes","floor":10,"turns":2},{"damage":0,"enemies":"Exordium Thugs","floor":11,"turns":4},{"damage":13,"enemies":"Gremlin Nob","floor":14,"turns":3},{"damage":0,"enemies":"Slime Boss","floor":16,"turns":3}],"seed_played":"-5348385199314055575","potions_obtained":[{"floor":2.0,"key":"SmokeBomb"},{"floor":6.0,"key":"blueLaboratory:HorrorPotion"}],"is_trial":false,"path_per_floor":["M","M","?","?","?","E","R","MIM","T","M","M","$","?","E","R","B"],"character_chosen":"THE_ANIMATOR","items_purchased":["Reaper+1"],"campfire_rested":0,"item_purchase_floors":[12],"current_hp_per_floor":[47,47,47,47,47,21,21,21,21,21,21,21,21,8,8,20,20],"gold":257,"neow_bonus":"NOSTALGIA","is_daily":false,"chose_seed":false,"campfire_upgraded":2,"win_rate":0.0,"timestamp":1608390415,"path_taken":["M","M","?","?","?","E","R","?","T","M","M","$","?","E","R","BOSS"],"items_purchased_type":["Card"],"build_version":"2020-12-13","purchased_purges":1,"victory":false,"max_hp_per_floor":[66,66,66,66,66,66,66,67,67,67,67,67,67,67,67,67,67],"relic_stats":{"counters":[8,33],"Magic Flower":[4],"obtain_stats":[{"Iron Core":0,"aspiration:Nostalgia":0,"animator:TheMissingPiece":0,"Magic Flower":6,"Molten Egg 2":5,"animator:LivingPicture":0,"infinitespire:FocusingShard":9,"halation:PromiseList":8},{"Iron Core":0,"aspiration:Nostalgia":0,"animator:TheMissingPiece":0,"Magic Flower":3,"Molten Egg 2":2,"animator:LivingPicture":0,"infinitespire:FocusingShard":4,"halation:PromiseList":4},{"Iron Core":0,"aspiration:Nostalgia":0,"animator:TheMissingPiece":0,"Magic Flower":13,"Molten Egg 2":7,"animator:LivingPicture":0,"infinitespire:FocusingShard":21,"halation:PromiseList":21}]},"card_choices":[{"not_picked":["animator:Mitsurugi","Beam Cell"],"picked":"Iron Wave","floor":1.0},{"not_picked":["ReplayTheSpireMod:Repulse","animator:Megumin"],"picked":"Iron Wave","floor":2.0},{"not_picked":["Turbo","animator:HigakiRinne"],"picked":"animator:Togame","floor":6.0},{"not_picked":["animator:Nanami","animator:TsurugaMeisai"],"picked":"animator:ZankiKiguchi+1","floor":8},{"not_picked":["Body Slam+1","Anger+1"],"picked":"animator:Darkness","floor":10},{"not_picked":["Flex","animator:Genos+1","animator:Verdia"],"picked":"SKIP","floor":11}],"player_experience":1362595,"relics_obtained":[{"floor":6.0,"key":"Magic Flower"},{"floor":8,"key":"halation:PromiseList"},{"floor":9,"key":"infinitespire:FocusingShard"}],"event_choices":[{"damage_healed":0,"gold_gain":175,"player_choice":"AGREE","damage_taken":82,"max_hp_gain":0,"max_hp_loss":0,"event_name":"betterThird:BetterSerpent","floor":13,"gold_loss":0}],"is_beta":false,"boss_relics":[],"items_purged_floors":[12],"is_endless":false,"potions_floor_spawned":[2,6,10],"killed_by":"Slime Boss","ascension_level":12}}