{"host":"c2f2v4g0x0pdj4uy","time":1608400863,"event":{"mods":["Aspiration","BaseMod","Better Note","BetterRewards","Challenge The Spire","Colored Map","Downfall","Luminous","Minty Spire (QoL Compilation)","MostiFishMod","Relic Stats","RumiaBox-露米娅的神秘盒子","Shop Mod","Spicy Shops","Spire Birthday Party","StSLib","The Servant 0.9.4","WarShipGirlsR/战舰少女R mod","【遗物卡牌】REMEMod"],"gold_per_floor":[99,131,146,146,165,197,197,197,197,230,241,259,259,273,292,397,397,322,335,367,367,402,418,418,418,430,462,473,473,493,510,521,623,623,548,579,635,689,182,72,72,72,112,37,37,73,18,41,63,102,102,142,24,24,96],"floor_reached":56,"playtime":3080,"items_purged":["Strike_S","Defend_S"],"score":1816,"play_id":"2306712a-d6cf-42a7-8146-ee5df83926e3","local_time":"20201220020103","is_ascension_mode":false,"campfire_choices":[{"data":"Bullet Time","floor":1.0,"key":"SMITH"},{"data":"Exchange","floor":4.0,"key":"SMITH"},{"data":"RealityMarble","floor":9.0,"key":"SMITH"},{"data":"Solidify","floor":18.0,"key":"SMITH"},{"data":"Snipe","floor":21.0,"key":"SMITH"},{"floor":35,"key":"RECALL"},{"data":"TheWorld","floor":44,"key":"SMITH"},{"data":"LightFlow","floor":54,"key":"SMITH"}],"circlet_count":0,"master_deck":["Strike_S","Strike_S","Strike_S","Defend_S","Defend_S","KidneyShot","Exchange+1","Bullet Time+1","DancingSilver","Snipe+1","RealityMarble+1","ShatteredReality","TimeTheft","Orbit","Advance","Rearm","InstantArmor","Dilation","Moonlight","Solidify+1","Orbit+1","LightFlow+1","Contraction","Alleviate+1","Moondial","Rearm","TheWorld+1","SilverBlades","TheWorld","Rearm+1","Luminosity","SilverBlades","Advance+1","FanOfKnives+1","BottledTime+1","Sunlight","TheWorld+1"],"relics":["Uniform","DaveBox","REME_ComplimentaryCards","PatriotShield","Tiny Chest","Centennial Puzzle","Prayer Wheel","REME_HandOfSuture","aspiration:HatOfInfinitePower","ImportantClient","Sozu","downfall:HeartBlessingGreen","aspiration:Lifesprig","GodSword4","KneeBrace","PreservedInsect","Coffee Dripper","downfall:HeartBlessingBlue","REME_ArchaeologicalTools","BionicSphere","WingedGreaves","Vajra","Sling","Question Card","Incense Burner","downfall:HeartBlessingRed","MealTicket","DianPoetry","Bottled Lightning","DollysMirror"],"acts_visited":["Exordium","TheCity","TheBeyond","TheEnding"],"potions_floor_usage":[],"damage_taken":[{"damage":0.0,"enemies":"Lagavulin","floor":2.0,"turns":7.0},{"damage":0.0,"enemies":"Jaw Worm","floor":3.0,"turns":1.0},{"damage":0.0,"enemies":"2 Louse","floor":5.0,"turns":2.0},{"damage":0.0,"enemies":"3 Sentries","floor":6.0,"turns":4.0},{"damage":0.0,"enemies":"Gremlin Nob","floor":10.0,"turns":3.0},{"damage":0.0,"enemies":"Cultist","floor":11.0,"turns":1.0},{"damage":0.0,"enemies":"Large Slime","floor":12.0,"turns":3.0},{"damage":0.0,"enemies":"Exordium Thugs","floor":14.0,"turns":3.0},{"damage":0.0,"enemies":"Lots of Slimes","floor":15.0,"turns":2.0},{"damage":0.0,"enemies":"downfall:Defect","floor":16.0,"turns":5.0},{"damage":0.0,"enemies":"3 Byrds","floor":19.0,"turns":3.0},{"damage":0.0,"enemies":"Slavers","floor":20.0,"turns":2.0},{"damage":0.0,"enemies":"REME_1_Revenger","floor":22.0,"turns":2.0},{"damage":0.0,"enemies":"Cultist and Chosen","floor":23.0,"turns":5.0},{"damage":0.0,"enemies":"Sentry and Sphere","floor":26.0,"turns":1.0},{"damage":0.0,"enemies":"Slavers","floor":27.0,"turns":3.0},{"damage":0.0,"enemies":"Centurion and Healer","floor":28.0,"turns":3.0},{"damage":0.0,"enemies":"Shelled Parasite and Fungi","floor":30.0,"turns":1.0},{"damage":0.0,"enemies":"Snake Plant","floor":31.0,"turns":2.0},{"damage":0.0,"enemies":"Sentry and Sphere","floor":32.0,"turns":3.0},{"damage":0.0,"enemies":"downfall:Ironclad","floor":33.0,"turns":3.0},{"damage":0,"enemies":"Reptomancer","floor":36,"turns":2},{"damage":0,"enemies":"3 Shapes","floor":37,"turns":1},{"damage":0,"enemies":"Orb Walker","floor":38,"turns":1},{"damage":0,"enemies":"downfall:FleeingMerchant","floor":39,"turns":2},{"damage":0,"enemies":"Giant Head","floor":43,"turns":1},{"damage":0,"enemies":"Maw","floor":46,"turns":2},{"damage":0,"enemies":"Spire Growth","floor":48,"turns":1},{"damage":0,"enemies":"3 Darklings","floor":49,"turns":1},{"damage":0,"enemies":"downfall:Watcher","floor":50,"turns":2},{"damage":0,"enemies":"downfall:CharBossMerchant","floor":52,"turns":1},{"damage":0,"enemies":"downfall:NeowBoss","floor":55,"turns":8}],"seed_played":"4935338081363840406","potions_obtained":[{"floor":3.0,"key":"ColorlessPotion"},{"floor":11.0,"key":"Block Potion"},{"floor":12.0,"key":"Slimebound:ThreeZeroPotion"}],"is_trial":false,"path_per_floor":["R","E","M","R","M","E","T","?","R","E","M","M","?","M","M","B",null,"R","M","E","R","E","M","T","?","M","E","M","T","M","M","M","B",null,"R","E","M","M","$","$","T","?","E","R","T","M","$","M","M","B",null,"E","$","R","B",null],"character_chosen":"THE_SERVANT","items_purchased":["BionicSphere","WingedGreaves","Vajra","Sling","SilverBlades","DianPoetry","DollysMirror"],"campfire_rested":0,"item_purchase_floors":[39,39,39,39,40,47,53],"current_hp_per_floor":[65,65,65,65,65,65,65,70,70,70,70,70,58,58,58,58,70,70,70,70,70,70,70,70,70,70,70,70,70,70,70,70,70,70,80,80,80,80,80,80,80,80,80,80,80,80,80,80,80,80,80,80,80,80,80],"gold":96,"neow_bonus":"THREE_CARDS","is_daily":false,"chose_seed":false,"campfire_upgraded":7,"win_rate":0.0,"timestamp":1608400863,"path_taken":["R","E","M","R","M","E","T","?","R","E","M","M","?","M","M","BOSS","R","M","E","R","E","M","T","?","M","E","M","?","?","M","M","BOSS","R","E","M","M","?","$","T","?","E","R","?","?","?","M","M","BOSS","E","$","R","BOSS"],"items_purchased_type":["Relic","Relic","Relic","Relic","Card","Relic","Relic"],"build_version":"2020-12-13","purchased_purges":2,"victory":true,"max_hp_per_floor":[65,65,65,65,65,65,65,70,70,70,70,70,70,70,70,70,70,70,70,70,70,70,70,70,70,70,70,70,70,70,70,70,70,70,80,80,80,80,80,80,80,80,80,80,80,80,80,80,80,80,80,80,80,80,80],"relic_stats":{"Sozu":10,"Centennial Puzzle":[0],"counters":[32,81],"Tiny Chest":2,"Prayer Wheel":16,"MealTicket":0,"PreservedInsect":383,"Question Card":8,"obtain_stats":[{"PatriotShield":0,"aspiration:Lifesprig":20,"KneeBrace":27,"DaveBox":0,"DianPoetry":47,"Vajra":39,"downfall:HeartBlessingGreen":18,"Uniform":0,"Incense Burner":43,"Sling":39,"Sozu":17,"Centennial Puzzle":6,"downfall:HeartBlessingBlue":35,"DollysMirror":53,"Tiny Chest":2,"Prayer Wheel":7,"MealTicket":45,"WingedGreaves":39,"REME_ArchaeologicalTools":36,"ImportantClient":16,"downfall:HeartBlessingRed":44,"PreservedInsect":29,"Question Card":41,"BionicSphere":39,"REME_HandOfSuture":10,"Coffee Dripper":34,"Bottled Lightning":52,"GodSword4":22,"aspiration:HatOfInfinitePower":13,"REME_ComplimentaryCards":0},{"PatriotShield":0,"aspiration:Lifesprig":12,"KneeBrace":16,"DaveBox":0,"DianPoetry":27,"Vajra":25,"downfall:HeartBlessingGreen":10,"Uniform":0,"Incense Burner":26,"Sling":25,"Sozu":10,"Centennial Puzzle":4,"downfall:HeartBlessingBlue":21,"DollysMirror":31,"Tiny Chest":1,"Prayer Wheel":4,"MealTicket":26,"WingedGreaves":25,"REME_ArchaeologicalTools":22,"ImportantClient":10,"downfall:HeartBlessingRed":26,"PreservedInsect":17,"Question Card":25,"BionicSphere":25,"REME_HandOfSuture":5,"Coffee Dripper":21,"Bottled Lightning":31,"GodSword4":13,"aspiration:HatOfInfinitePower":7,"REME_ComplimentaryCards":0},{"PatriotShield":0,"aspiration:Lifesprig":36,"KneeBrace":47,"DaveBox":0,"DianPoetry":68,"Vajra":65,"downfall:HeartBlessingGreen":31,"Uniform":0,"Incense Burner":66,"Sling":65,"Sozu":31,"Centennial Puzzle":14,"downfall:HeartBlessingBlue":59,"DollysMirror":73,"Tiny Chest":7,"Prayer Wheel":14,"MealTicket":66,"WingedGreaves":65,"REME_ArchaeologicalTools":61,"ImportantClient":31,"downfall:HeartBlessingRed":66,"PreservedInsect":50,"Question Card":65,"BionicSphere":65,"REME_HandOfSuture":17,"Coffee Dripper":59,"Bottled Lightning":73,"GodSword4":38,"aspiration:HatOfInfinitePower":21,"REME_ComplimentaryCards":0}]},"card_choices":[{"not_picked":["Alleviate","Defy"],"picked":"DancingSilver","floor":0.0},{"not_picked":["Deadline","Starlight"],"picked":"Snipe","floor":2.0},{"not_picked":["Spin","FastForward"],"picked":"RealityMarble","floor":3.0},{"not_picked":["Sabotage","Replace"],"picked":"ShatteredReality","floor":5.0},{"not_picked":["Defy","Gouge"],"picked":"TimeTheft","floor":6.0},{"not_picked":["Defy","SpecialFormula"],"picked":"Orbit","floor":10.0},{"not_picked":["Misdirection","DoubleEdge"],"picked":"Advance","floor":11.0},{"not_picked":["BottledTime","Reset"],"picked":"Rearm","floor":11.0},{"not_picked":["Revamp","Replace"],"picked":"InstantArmor","floor":12.0},{"not_picked":["Spin","FastForward","FloweringNight"],"picked":"SKIP","floor":12.0},{"not_picked":["Ricochet","DancingSilver"],"picked":"Dilation","floor":14.0},{"not_picked":["FastForward","TimeWarp","DoubleEdge"],"picked":"SKIP","floor":14.0},{"not_picked":["Potential","Shuttle"],"picked":"Moonlight","floor":15.0},{"not_picked":["WasteNot","Spin","Misdirection"],"picked":"SKIP","floor":15.0},{"not_picked":["PendulumOfEternity","SoulSculpture"],"picked":"Solidify","floor":16.0},{"not_picked":["ReturningBlade","Defy","Unruled"],"picked":"SKIP","floor":19.0},{"not_picked":["Reset+1","Rewind","TimeWarp"],"picked":"SKIP","floor":19.0},{"not_picked":["Spin+1","Potential","DualDimension"],"picked":"SKIP","floor":20.0},{"not_picked":["Replace","SurpressingFire"],"picked":"Orbit+1","floor":22.0},{"not_picked":["Ricochet","DoubleEdge"],"picked":"LightFlow","floor":23.0},{"not_picked":["Unruled+1","Shuttle","Potential+1"],"picked":"SKIP","floor":23.0},{"not_picked":["Orbit","Unruled"],"picked":"Contraction","floor":26.0},{"not_picked":["TimeWarp","DoubleEdge+1","Unruled+1"],"picked":"SKIP","floor":26.0},{"not_picked":["Deadline","Ricochet"],"picked":"Alleviate+1","floor":27.0},{"not_picked":["KillingDoll","Spin+1"],"picked":"Moondial","floor":28.0},{"not_picked":["Spin","InstantArmor","ShiftingGears"],"picked":"SKIP","floor":28.0},{"not_picked":["Potential+1","Snipe"],"picked":"Rearm","floor":30.0},{"not_picked":["Unruled","Defy","FanOfKnives"],"picked":"SKIP","floor":30.0},{"not_picked":["Foresight+1","DoubleEdge+1"],"picked":"TheWorld","floor":31.0},{"not_picked":["Spin","Defy","Comet+1"],"picked":"SKIP","floor":31.0},{"not_picked":["TimeWarp","BottledTime"],"picked":"SilverBlades","floor":32.0},{"not_picked":["DoubleEdge","ShiftingGears+1","SpecialFormula"],"picked":"SKIP","floor":32.0},{"not_picked":["Duplication","ForgedInTime"],"picked":"TheWorld","floor":33.0},{"not_picked":["Revamp","DualDimension","Unruled+1"],"picked":"SKIP","floor":36},{"not_picked":["Gouge+1","Contraction"],"picked":"Rearm+1","floor":37},{"not_picked":["Ricochet","Snipe","Gouge"],"picked":"SKIP","floor":37},{"not_picked":["RealityMarble+1","TrueSight"],"picked":"Luminosity","floor":38},{"not_picked":["Rewind","Barrier","ReturningBlade+1"],"picked":"SKIP","floor":38},{"not_picked":["Unruled+1","InstantArmor+1","MoonPhase+1"],"picked":"SKIP","floor":39},{"not_picked":["Alleviate+1","DoubleEdge+1","Barrier"],"picked":"Advance+1","floor":43},{"not_picked":["Replace","Rearm+1","Spin"],"picked":"FanOfKnives+1","floor":46},{"not_picked":["InstantArmor+1","ShiftingGears+1","Sabotage","Rewind"],"picked":"SKIP","floor":46},{"not_picked":["LightFlow","DoubleEdge+1","SurpressingFire"],"picked":"BottledTime+1","floor":48},{"not_picked":["TimeWarp+1","Potential+1","Reset","GearUp+1"],"picked":"SKIP","floor":48},{"not_picked":["Read+1","Rewind","Deadline"],"picked":"Sunlight","floor":49},{"not_picked":["Hightail+1","Alleviate+1","Rewind+1","BottledTime"],"picked":"SKIP","floor":49},{"not_picked":["Ricochet+1","Shuttle+1","Rearm","Revamp+1"],"picked":"SKIP","floor":52}],"player_experience":147657,"relics_obtained":[{"floor":2.0,"key":"Tiny Chest"},{"floor":6.0,"key":"Centennial Puzzle"},{"floor":7.0,"key":"Prayer Wheel"},{"floor":10.0,"key":"REME_HandOfSuture"},{"floor":16.0,"key":"ImportantClient"},{"floor":20.0,"key":"aspiration:Lifesprig"},{"floor":22.0,"key":"GodSword4"},{"floor":27.0,"key":"KneeBrace"},{"floor":29.0,"key":"PreservedInsect"},{"floor":36,"key":"REME_ArchaeologicalTools"},{"floor":41,"key":"Question Card"},{"floor":43,"key":"Incense Burner"},{"floor":45,"key":"MealTicket"},{"floor":52,"key":"Bottled Lightning"}],"event_choices":[{"damage_healed":0.0,"max_hp_gain":5.0,"max_hp_loss":0.0,"gold_gain":0.0,"event_name":"Big Fish","player_choice":"Donut","floor":8.0,"gold_loss":0.0,"damage_taken":0.0},{"damage_healed":0.0,"max_hp_gain":0.0,"max_hp_loss":0.0,"gold_gain":0.0,"event_name":"Scrap Ooze","player_choice":"Success","floor":13.0,"gold_loss":0.0,"damage_taken":12.0,"relics_obtained":["aspiration:HatOfInfinitePower"]},{"damage_healed":0.0,"max_hp_gain":0.0,"max_hp_loss":0.0,"gold_gain":0.0,"event_name":"betterNote:BetterNote","player_choice":"Ignored","floor":25.0,"gold_loss":0.0,"damage_taken":0.0,"cards_obtained":["Eruption"]},{"cards_removed":["Defend_S"],"damage_healed":0,"gold_gain":0,"player_choice":"Removed Skill","damage_taken":0,"max_hp_gain":0,"max_hp_loss":0,"event_name":"Falling","floor":42,"gold_loss":0}],"is_beta":false,"boss_relics":[{"not_picked":["Busted Crown","Ectoplasm"],"picked":"Sozu"},{"not_picked":["MostiFishMod:Hod","aspiration:SecretTechniqueScroll"],"picked":"Coffee Dripper"}],"items_purged_floors":[39,40],"is_endless":false,"potions_floor_spawned":[3,11,12,14,16,22,23,28,30,31,32,36,37,38,43,52],"ascension_level":0}}