{"host":"2461dio7vetlq1z3","time":1608413348,"event":{"mods":["2.2 Compatiblity","AchievementEnabler","BaseMod","Better Third Choice","Hermit","Marisa????????","Minty Spire (QoL Compilation)","Relic Stats","Spicy Shops","StSLib","Waifu the Spire"],"gold_per_floor":[119,138,138,152,136,171,171,215,240,240,240,279,317,357,357,481,481,511,511,511,536,149,225,225,291,314,339,4,43,43,72,72,278,278,308,308,308,338,412,480,480,553,553,581,620,651,651,727,727,727,727,727,48,123,123],"floor_reached":56,"playtime":3914,"items_purged":["Injury","hermit:Strike_Hermit","hermit:Strike_Hermit","hermit:Strike_Hermit"],"score":1664,"play_id":"c5e51ddf-3157-461e-9d56-e31a2ca0a6a9","local_time":"20201219222908","is_ascension_mode":true,"campfire_choices":[{"data":"hermit:NoHoldsBarred","floor":7,"key":"SMITH"},{"floor":10,"key":"REST"},{"data":"hermit:Dive","floor":15,"key":"SMITH"},{"data":"hermit:Adapt","floor":24,"key":"SMITH"},{"floor":32,"key":"REST"},{"data":"Enlightenment","floor":47,"key":"SMITH"},{"floor":49,"key":"RECALL"},{"data":"hermit:Cheat","floor":52,"key":"SMITH"}],"circlet_count":0,"master_deck":["hermit:Defend_Hermit","hermit:Defend_Hermit","hermit:Defend_Hermit","hermit:Defend_Hermit","hermit:Snapshot","hermit:Covet","hermit:NoHoldsBarred+1","hermit:SprayPray+1","hermit:Midnight","hermit:Manifest","hermit:Grudge","hermit:DeadOrAlive","hermit:Dive+1","hermit:NoHoldsBarred+1","hermit:Cheat+1","hermit:Adapt+1","hermit:GhostlyPresence","hermit:Horror+1","hermit:Cheat","hermit:ShadowCloak","hermit:Adapt+1","hermit:FinalCanter","hermit:Adapt","hermit:Snipe+1","hermit:Horror","hermit:RoundhouseKick","Enlightenment+1","hermit:ShadowCloak+1","hermit:FlashPowder"],"relics":["SlaversCollar","Golden Idol","Vajra","Nunchaku","Centennial Puzzle","Mercury Hourglass","Omamori","Pocketwatch","Black Star","Membership Card","Strange Spoon","hermit:CharredGlove","White Beast Statue","Gremlin Horn","Mummified Hand","Letter Opener","Blood Vial","DollysMirror","Anchor","HornCleat","Runic Pyramid","TungstenRod","Mango","Ornamental Fan","MealTicket","Torii","Dream Catcher","Ancient Tea Set","OrangePellets","Bird Faced Urn","Frozen Eye","Orichalcum","Whetstone","InkBottle","Lantern","Bag of Preparation"],"acts_visited":["Exordium","TheCity","TheBeyond","TheEnding"],"potions_floor_usage":[5,6,14,16,33,50,55,55],"damage_taken":[{"damage":2,"enemies":"Jaw Worm","floor":1,"turns":3},{"damage":0,"enemies":"2 Louse","floor":2,"turns":1},{"damage":0,"enemies":"Small Slimes","floor":4,"turns":2},{"damage":10,"enemies":"Exordium Thugs","floor":5,"turns":4},{"damage":18,"enemies":"Lagavulin","floor":6,"turns":5},{"damage":13,"enemies":"Gremlin Nob","floor":8,"turns":3},{"damage":10,"enemies":"Lagavulin","floor":12,"turns":4},{"damage":0,"enemies":"Looter","floor":13,"turns":2},{"damage":0,"enemies":"Gremlin Nob","floor":14,"turns":1},{"damage":16,"enemies":"Hexaghost","floor":16,"turns":6},{"damage":2,"enemies":"Shell Parasite","floor":18,"turns":6},{"damage":8,"enemies":"3 Byrds","floor":21,"turns":3},{"damage":22,"enemies":"Slavers","floor":23,"turns":3},{"damage":12,"enemies":"Book of Stabbing","floor":25,"turns":7},{"damage":7,"enemies":"Sentry and Sphere","floor":27,"turns":4},{"damage":0,"enemies":"Chosen and Byrds","floor":29,"turns":4},{"damage":0,"enemies":"Centurion and Healer","floor":31,"turns":5},{"damage":5,"enemies":"Automaton","floor":33,"turns":10},{"damage":0,"enemies":"Orb Walker","floor":35,"turns":6},{"damage":0,"enemies":"3 Darklings","floor":38,"turns":3},{"damage":13,"enemies":"2 Orb Walkers","floor":39,"turns":5},{"damage":5,"enemies":"Nemesis","floor":40,"turns":7},{"damage":9,"enemies":"Giant Head","floor":42,"turns":14},{"damage":0,"enemies":"Jaw Worm Horde","floor":44,"turns":6},{"damage":5,"enemies":"Writhing Mass","floor":45,"turns":9},{"damage":0,"enemies":"Sphere and 2 Shapes","floor":46,"turns":3},{"damage":0,"enemies":"Reptomancer","floor":48,"turns":7},{"damage":19,"enemies":"Time Eater","floor":50,"turns":8},{"damage":33,"enemies":"Shield and Spear","floor":54,"turns":5},{"damage":2,"enemies":"The Heart","floor":55,"turns":11}],"seed_played":"-4580633644968846260","potions_obtained":[{"floor":2,"key":"ColorlessPotion"},{"floor":4,"key":"SteroidPotion"},{"floor":12,"key":"CultistPotion"},{"floor":13,"key":"hermit:BlackBile"},{"floor":14,"key":"CultistPotion"},{"floor":27,"key":"Block Potion"},{"floor":29,"key":"Explosive Potion"},{"floor":31,"key":"CultistPotion"},{"floor":33,"key":"GamblersBrew"},{"floor":38,"key":"Energy Potion"},{"floor":39,"key":"CultistPotion"},{"floor":44,"key":"Strength Potion"}],"is_trial":false,"path_per_floor":["M","M","?","M","M","E","R","E","T","R","T","E","M","E","R","B",null,"M","?","?","M","$","E","R","E","T","M","$","M","?","M","R","B",null,"M","?","?","M","?","E","?","E","T","M","M","M","R","E","R","B",null,"R","$","E","B",null],"character_chosen":"HERMIT","items_purchased":["Membership Card","Strange Spoon","hermit:CharredGlove","DollysMirror","Anchor","HornCleat","OrangePellets","CultistPotion","Bird Faced Urn","Frozen Eye","Orichalcum","Whetstone","InkBottle","hermit:FlashPowder","hermit:Eclipse"],"campfire_rested":2,"item_purchase_floors":[22,22,22,28,28,28,53,53,53,53,53,53,53,53,53],"current_hp_per_floor":[66,66,66,66,56,38,38,25,25,47,47,37,37,37,37,21,62,60,60,60,52,52,30,30,18,18,13,13,15,6,8,30,27,63,65,65,65,67,56,67,67,60,60,62,59,61,61,63,63,46,75,75,85,56,66],"gold":123,"neow_bonus":"BOSS_RELIC","is_daily":false,"chose_seed":false,"campfire_upgraded":5,"win_rate":0.0,"timestamp":1608413348,"path_taken":["M","M","?","M","M","E","R","E","T","R","?","E","M","E","R","BOSS","M","?","?","M","$","E","R","E","T","M","$","?","?","M","R","BOSS","M","?","?","M","?","E","?","E","T","M","M","M","R","E","R","BOSS","R","$","E","BOSS"],"items_purchased_type":["Relic","Relic","Relic","Relic","Relic","Relic","Relic","Potion","Relic","Relic","Relic","Relic","Relic","Card","Potion"],"build_version":"2020-12-13","purchased_purges":4,"victory":true,"max_hp_per_floor":[75,75,75,75,75,75,75,75,75,75,75,75,75,75,75,75,75,75,75,75,75,75,75,75,75,75,75,75,75,75,75,75,75,75,75,71,71,71,71,85,85,85,85,85,85,85,85,85,85,85,85,85,85,85,85],"relic_stats":{"Gremlin Horn":[15,17],"Torii":5,"counters":[30,157],"Golden Idol":240,"Bag of Preparation":[2],"Letter Opener":[216],"Whetstone":["hermit:NoHoldsBarred","hermit:SprayPray"],"Orichalcum":[12],"Mercury Hourglass":[464],"Blood Vial":30,"Strange Spoon":[41],"OrangePellets":[6],"Nunchaku":[15],"Centennial Puzzle":[43],"Dream Catcher":0,"Mummified Hand":[63],"Ornamental Fan":[12],"Bird Faced Urn":[14],"MealTicket":10,"Black Star":6,"obtain_stats":[{"Lantern":54,"Gremlin Horn":23,"Torii":42,"Vajra":6,"Mango":40,"Bag of Preparation":54,"Whetstone":53,"Ancient Tea Set":48,"Blood Vial":26,"Frozen Eye":53,"Nunchaku":8,"Centennial Puzzle":9,"Dream Catcher":48,"HornCleat":28,"Mummified Hand":25,"DollysMirror":28,"MealTicket":42,"InkBottle":53,"Runic Pyramid":34,"Golden Idol":3,"Omamori":12,"Letter Opener":25,"Orichalcum":53,"White Beast Statue":23,"Mercury Hourglass":11,"SlaversCollar":0,"Strange Spoon":22,"OrangePellets":53,"Anchor":28,"Ornamental Fan":40,"hermit:CharredGlove":22,"Bird Faced Urn":53,"Black Star":17,"Membership Card":22,"hermit:Momento":0,"TungstenRod":39,"Pocketwatch":14},{"Lantern":29,"Gremlin Horn":13,"Torii":23,"Vajra":5,"Mango":22,"Bag of Preparation":29,"Whetstone":28,"Ancient Tea Set":27,"Blood Vial":14,"Frozen Eye":28,"Nunchaku":6,"Centennial Puzzle":6,"Dream Catcher":27,"HornCleat":15,"Mummified Hand":14,"DollysMirror":15,"MealTicket":23,"InkBottle":28,"Runic Pyramid":18,"Golden Idol":2,"Omamori":7,"Letter Opener":14,"Orichalcum":28,"White Beast Statue":13,"Mercury Hourglass":6,"SlaversCollar":0,"Strange Spoon":12,"OrangePellets":28,"Anchor":15,"Ornamental Fan":22,"hermit:CharredGlove":12,"Bird Faced Urn":28,"Black Star":10,"Membership Card":12,"hermit:Momento":0,"TungstenRod":21,"Pocketwatch":9},{"Lantern":146,"Gremlin Horn":43,"Torii":108,"Vajra":15,"Mango":94,"Bag of Preparation":146,"Whetstone":141,"Ancient Tea Set":133,"Blood Vial":50,"Frozen Eye":141,"Nunchaku":18,"Centennial Puzzle":18,"Dream Catcher":133,"HornCleat":54,"Mummified Hand":50,"DollysMirror":54,"MealTicket":108,"InkBottle":141,"Runic Pyramid":73,"Golden Idol":4,"Omamori":22,"Letter Opener":50,"Orichalcum":141,"White Beast Statue":43,"Mercury Hourglass":18,"SlaversCollar":0,"Strange Spoon":40,"OrangePellets":141,"Anchor":54,"Ornamental Fan":94,"hermit:CharredGlove":40,"Bird Faced Urn":141,"Black Star":31,"Membership Card":40,"hermit:Momento":0,"TungstenRod":87,"Pocketwatch":25}],"TungstenRod":32,"InkBottle":[6],"Pocketwatch":[109]},"card_choices":[{"not_picked":["hermit:ItchyTrigger","hermit:FullyLoaded"],"picked":"hermit:NoHoldsBarred","floor":1},{"not_picked":["hermit:CalledShot","hermit:HighCaliber"],"picked":"hermit:SprayPray","floor":2},{"not_picked":["hermit:Gestalt","hermit:Roulette"],"picked":"hermit:Midnight","floor":4},{"not_picked":["hermit:WideOpen","hermit:Coalescence"],"picked":"hermit:Manifest","floor":5},{"not_picked":["hermit:Desperado","hermit:Snipe"],"picked":"hermit:Grudge","floor":6},{"not_picked":["hermit:GoldenBullet","hermit:TakeAim"],"picked":"hermit:DeadOrAlive","floor":8},{"not_picked":["hermit:SprayPray","hermit:Coalescence"],"picked":"hermit:Dive","floor":12},{"not_picked":["hermit:GoldenBullet","hermit:Shortfuse"],"picked":"hermit:NoHoldsBarred","floor":13},{"not_picked":["hermit:Gestalt","hermit:Malice"],"picked":"hermit:Cheat","floor":14},{"not_picked":["hermit:HeroicBravado","hermit:FromBeyond"],"picked":"hermit:Adapt","floor":16},{"not_picked":["hermit:Manifest","hermit:HighCaliber"],"picked":"hermit:GhostlyPresence","floor":18},{"not_picked":["hermit:Manifest","hermit:TakeAim+1"],"picked":"hermit:Horror+1","floor":21},{"not_picked":["hermit:GhostlyPresence","hermit:FullyLoaded"],"picked":"hermit:Cheat","floor":23},{"not_picked":["hermit:HoleUp","hermit:Combo+1"],"picked":"hermit:ShadowCloak","floor":25},{"not_picked":["hermit:Coalescence","hermit:BigShot","hermit:Shortfuse"],"picked":"SKIP","floor":27},{"not_picked":["hermit:Coalescence","hermit:BigShot","hermit:Shortfuse"],"picked":"SKIP","floor":27},{"not_picked":["hermit:Grudge","hermit:Quickdraw"],"picked":"hermit:FinalCanter","floor":29},{"not_picked":["hermit:Malice","hermit:Snipe","hermit:Desperado"],"picked":"SKIP","floor":31},{"not_picked":["hermit:DeadOrAlive","hermit:Reprieve"],"picked":"hermit:Adapt","floor":33},{"not_picked":["hermit:Feint+1","hermit:Glare+1"],"picked":"hermit:Snipe+1","floor":35},{"not_picked":["hermit:Grudge","hermit:TrackingShot"],"picked":"hermit:Horror","floor":38},{"not_picked":["hermit:Vantage+1","hermit:GhostlyPresence+1"],"picked":"hermit:RoundhouseKick","floor":40},{"not_picked":["PanicButton","Bandage Up"],"picked":"Enlightenment","floor":41},{"not_picked":["hermit:ItchyTrigger","hermit:Dive+1","hermit:Snipe"],"picked":"SKIP","floor":42},{"not_picked":["hermit:Desperado","hermit:Manifest","hermit:ItchyTrigger"],"picked":"SKIP","floor":44},{"not_picked":["hermit:Dive","hermit:Desperado+1","hermit:LuckOfTheDraw+1"],"picked":"SKIP","floor":45},{"not_picked":["hermit:Shortfuse+1","hermit:NoHoldsBarred+1","hermit:HoleUp"],"picked":"SKIP","floor":46},{"not_picked":["hermit:CalledShot+1","hermit:BigShot"],"picked":"hermit:ShadowCloak+1","floor":48},{"not_picked":["hermit:ItchyTrigger","hermit:Combo","hermit:Quickdraw+1"],"picked":"SKIP","floor":54}],"player_experience":853182,"relics_obtained":[{"floor":6,"key":"Vajra"},{"floor":8,"key":"Nunchaku"},{"floor":9,"key":"Centennial Puzzle"},{"floor":11,"key":"Mercury Hourglass"},{"floor":12,"key":"Omamori"},{"floor":14,"key":"Pocketwatch"},{"floor":23,"key":"White Beast Statue"},{"floor":23,"key":"Gremlin Horn"},{"floor":25,"key":"Mummified Hand"},{"floor":25,"key":"Letter Opener"},{"floor":26,"key":"Blood Vial"},{"floor":39,"key":"TungstenRod"},{"floor":40,"key":"Mango"},{"floor":40,"key":"Ornamental Fan"},{"floor":42,"key":"MealTicket"},{"floor":42,"key":"Torii"},{"floor":48,"key":"Dream Catcher"},{"floor":48,"key":"Ancient Tea Set"},{"floor":54,"key":"Lantern"},{"floor":54,"key":"Bag of Preparation"}],"event_choices":[{"damage_healed":0,"gold_gain":0,"player_choice":"Take Wound","damage_taken":0,"relics_obtained":["Golden Idol"],"max_hp_gain":0,"max_hp_loss":0,"event_name":"Golden Idol","floor":3,"gold_loss":0,"cards_obtained":["Injury"]},{"damage_healed":0,"gold_gain":0,"player_choice":"Ignored","damage_taken":0,"max_hp_gain":0,"max_hp_loss":0,"event_name":"Ghosts","floor":19,"gold_loss":0},{"damage_healed":0,"gold_gain":0,"player_choice":"Ignored","damage_taken":0,"max_hp_gain":0,"max_hp_loss":0,"event_name":"Vampires","floor":20,"gold_loss":0},{"damage_healed":0,"gold_gain":0,"player_choice":"Stopped","damage_taken":9,"max_hp_gain":0,"max_hp_loss":0,"event_name":"Cursed Tome","floor":30,"gold_loss":0},{"damage_healed":0,"gold_gain":0,"player_choice":"Max HP","damage_taken":0,"max_hp_gain":0,"max_hp_loss":4,"event_name":"Winding Halls","floor":36,"gold_loss":0},{"cards_removed":["hermit:Strike_Hermit"],"damage_healed":0,"gold_gain":0,"player_choice":"Removed Attack","damage_taken":0,"max_hp_gain":0,"max_hp_loss":0,"event_name":"Falling","floor":37,"gold_loss":0},{"damage_healed":0,"gold_gain":0,"player_choice":"Fight","damage_taken":0,"max_hp_gain":0,"max_hp_loss":0,"event_name":"Mysterious Sphere","floor":39,"gold_loss":0},{"damage_healed":0,"gold_gain":0,"player_choice":"Memory 1","damage_taken":0,"max_hp_gain":0,"max_hp_loss":0,"event_name":"SensoryStone","floor":41,"gold_loss":0}],"is_beta":false,"boss_relics":[{"not_picked":["Cursed Key","Velvet Choker"],"picked":"Black Star"},{"not_picked":["Pandora\u0027s Box","Busted Crown"],"picked":"Runic Pyramid"}],"items_purged_floors":[22,22,28,53],"is_endless":false,"potions_floor_spawned":[2,4,12,13,14,27,29,31,33,35,38,39,44,45,46],"ascension_level":6}}