{"host":"k5dhp0bkccqfauyu","time":1608357501,"event":{"mods":["BaseMod","Better Note","Better Skull","Better Vampires","Colored Map","Colored Powertips","DeckTracker","Minty Spire (QoL Compilation)","Permanent Neow","StSLib","SuperFastMode"],"gold_per_floor":[109,123,143,153,173,207,207,240,314,346,346,57,90,105,105,183,183,202,221,233,148,148,193,205,252,290,17,33,75,86,120,120,120,120],"floor_reached":33,"playtime":1198,"items_purged":["Strike_P"],"score":878,"play_id":"0664a572-6a8d-4e70-a25c-6eb345cce9fe","local_time":"20201219165821","is_ascension_mode":true,"campfire_choices":[{"data":"Conclude","floor":11,"key":"SMITH"},{"data":"ThirdEye","floor":15,"key":"SMITH"},{"data":"Scrawl","floor":24,"key":"SMITH"},{"data":"Meditate","floor":32,"key":"SMITH"}],"circlet_count":0,"master_deck":["AscendersBane","Defend_P+1","Defend_P","Defend_P","Defend_P","Eruption+1","Vigilance","ClearTheMind+1","FearNoEvil+1","SandsOfTime","ReachHeaven","Conclude+1","Consecrate+1","JustLucky","InnerPeace","ThirdEye+1","Scrawl+1","Scrawl+1","LikeWater+1","ForeignInfluence+1","EmptyBody","Writhe","SashWhip+1","Adaptation","WheelKick","Wish","TalkToTheHand","Meditate+1"],"relics":["VioletLotus","Orichalcum","PreservedInsect","Shuriken","Lizard Tail","MealTicket","Vajra","Astrolabe","War Paint","MawBank","Potion Belt","Anchor","Whetstone","Medical Kit","Omamori"],"acts_visited":["Exordium","TheCity"],"potions_floor_usage":[4,6,8,8,15,20,23,31,33],"damage_taken":[{"damage":7,"enemies":"2 Louse","floor":1,"turns":6},{"damage":1,"enemies":"Cultist","floor":2,"turns":4},{"damage":4,"enemies":"Jaw Worm","floor":3,"turns":4},{"damage":0,"enemies":"Looter","floor":4,"turns":2},{"damage":15,"enemies":"Large Slime","floor":5,"turns":6},{"damage":3,"enemies":"Gremlin Nob","floor":6,"turns":3},{"damage":15,"enemies":"3 Sentries","floor":8,"turns":4},{"damage":0,"enemies":"Gremlin Nob","floor":10,"turns":2},{"damage":13,"enemies":"Lagavulin","floor":13,"turns":5},{"damage":0,"enemies":"3 Louse","floor":14,"turns":1},{"damage":0,"enemies":"Slime Boss","floor":16,"turns":5},{"damage":0,"enemies":"Spheric Guardian","floor":18,"turns":2},{"damage":5,"enemies":"3 Byrds","floor":19,"turns":4},{"damage":7,"enemies":"Centurion and Healer","floor":20,"turns":2},{"damage":12,"enemies":"Slavers","floor":23,"turns":3},{"damage":9,"enemies":"Book of Stabbing","floor":25,"turns":4},{"damage":21,"enemies":"Snecko","floor":28,"turns":4},{"damage":12,"enemies":"Shelled Parasite and Fungi","floor":29,"turns":6},{"damage":0,"enemies":"Centurion and Healer","floor":30,"turns":2},{"damage":0,"enemies":"Slavers","floor":31,"turns":1},{"damage":64,"enemies":"Collector","floor":33,"turns":5}],"seed_played":"1143547599412885342","potions_obtained":[{"floor":2,"key":"LiquidBronze"},{"floor":3,"key":"AttackPotion"},{"floor":4,"key":"SkillPotion"},{"floor":6,"key":"PowerPotion"},{"floor":8,"key":"EssenceOfSteel"},{"floor":14,"key":"Fruit Juice"},{"floor":18,"key":"Explosive Potion"},{"floor":29,"key":"BottledMiracle"},{"floor":31,"key":"BlessingOfTheForge"}],"is_trial":false,"path_per_floor":["M","M","M","M","M","E","?","E","T","E","R","$","E","M","R","B",null,"M","M","M","?","?","E","R","E","T","$","M","M","M","E","R","B"],"character_chosen":"WATCHER","items_purchased":["MealTicket","JustLucky","Adaptation","WheelKick","Medical Kit"],"campfire_rested":0,"item_purchase_floors":[12,12,27,27,27],"current_hp_per_floor":[54,53,49,49,34,31,31,16,16,16,16,16,3,3,8,8,57,57,52,45,45,45,33,33,24,24,39,18,6,6,6,6,0,0],"gold":120,"neow_bonus":"BOSS_RELIC","is_daily":false,"chose_seed":false,"campfire_upgraded":4,"win_rate":0.0,"timestamp":1608357501,"path_taken":["M","M","M","M","M","E","?","E","T","E","R","$","E","M","R","BOSS","M","M","?","?","?","E","R","E","T","$","M","M","M","E","R","BOSS"],"items_purchased_type":["Relic","Card","Card","Card","Relic"],"build_version":"2020-12-13","purchased_purges":1,"victory":false,"max_hp_per_floor":[68,68,68,68,68,68,68,68,68,68,68,68,68,68,73,73,73,73,73,73,73,73,73,73,73,73,73,73,73,73,73,73,73,73],"card_choices":[{"not_picked":["ClearTheMind","PathToVictory","Prostrate"],"picked":"SKIP","floor":1},{"not_picked":["PathToVictory","Prostrate"],"picked":"ClearTheMind","floor":1},{"not_picked":["Pray","DeceiveReality"],"picked":"FearNoEvil","floor":2},{"not_picked":["Wireheading","Halt","CrushJoints"],"picked":"SKIP","floor":3},{"not_picked":["Nirvana","Worship","Weave"],"picked":"SKIP","floor":4},{"not_picked":["BowlingBash","Evaluate"],"picked":"SandsOfTime","floor":5},{"not_picked":["DeusExMachina","Protect"],"picked":"ReachHeaven","floor":6},{"not_picked":["JustLucky","Consecrate"],"picked":"Conclude","floor":8},{"not_picked":["Devotion","FollowUp"],"picked":"Consecrate","floor":10},{"not_picked":["CrushJoints","BowlingBash"],"picked":"InnerPeace","floor":13},{"not_picked":["FlyingSleeves","Evaluate"],"picked":"ThirdEye","floor":14},{"not_picked":["DevaForm","ConjureBlade"],"picked":"Scrawl","floor":16},{"not_picked":["Consecrate","Evaluate"],"picked":"EmptyBody","floor":18},{"not_picked":["ThirdEye","Fasting2","WaveOfTheHand"],"picked":"SKIP","floor":19},{"not_picked":["Nirvana","SashWhip","CrushJoints"],"picked":"SKIP","floor":20},{"not_picked":["Worship+1","CrushJoints"],"picked":"SashWhip+1","floor":23},{"not_picked":["ReachHeaven","SandsOfTime+1","WreathOfFlame"],"picked":"SKIP","floor":25},{"not_picked":["FearNoEvil+1","Protect"],"picked":"Wish","floor":28},{"not_picked":["SashWhip","BowlingBash"],"picked":"TalkToTheHand","floor":29},{"not_picked":["WaveOfTheHand","WreathOfFlame"],"picked":"Meditate","floor":30},{"not_picked":["FollowUp","MasterReality","SashWhip+1"],"picked":"SKIP","floor":31}],"player_experience":1789351,"relics_obtained":[{"floor":6,"key":"Orichalcum"},{"floor":8,"key":"PreservedInsect"},{"floor":9,"key":"Shuriken"},{"floor":10,"key":"Lizard Tail"},{"floor":13,"key":"Vajra"},{"floor":23,"key":"Potion Belt"},{"floor":25,"key":"Anchor"},{"floor":26,"key":"Whetstone"},{"floor":31,"key":"Omamori"}],"event_choices":[{"damage_healed":0,"gold_gain":0,"player_choice":"Upgraded","damage_taken":0,"max_hp_gain":0,"max_hp_loss":0,"event_name":"Upgrade Shrine","floor":7,"gold_loss":0,"cards_upgraded":["Eruption"]},{"damage_healed":0,"gold_gain":0,"player_choice":"Obtained Relic","damage_taken":0,"relics_obtained":["War Paint"],"max_hp_gain":0,"max_hp_loss":0,"event_name":"Addict","floor":21,"gold_loss":85},{"damage_healed":0,"gold_gain":0,"player_choice":"Opened","damage_taken":0,"relics_obtained":["MawBank"],"max_hp_gain":0,"max_hp_loss":0,"event_name":"The Mausoleum","floor":22,"gold_loss":0,"cards_obtained":["Writhe"]}],"is_beta":false,"boss_relics":[{"not_picked":["Cursed Key","Calling Bell"],"picked":"Astrolabe"}],"items_purged_floors":[12],"is_endless":false,"potions_floor_spawned":[2,3,4,6,8,14,18,29,31],"killed_by":"Collector","ascension_level":20}}