{"host":"jgyoyy5iuhtvyvtg","time":1608348455,"event":{"mods":["2.2 Compatiblity","BaseMod","Challenge The Spire","Colored Map","Conspire","Downfall","Hermit","Highlight Path","Infinite Spire","Lobotomy","LobotomyExtend","Minty Spire (QoL Compilation)","Quick Restart","Replay The Spire","Spikes Relics","StSLib","The Construct","The Disciple","The Jungle","Yuri Mod"],"gold_per_floor":[116,126,126,154,165,165,179,179,179,179,179,42,56,85,85,182,182,199,24,24,24,37,37,64,64,64],"floor_reached":25,"playtime":847,"items_purged":["Strike_P"],"score":249,"play_id":"dc1dfca7-d3db-44b8-a134-d2fe3d59fcf1","local_time":"20201218192735","is_ascension_mode":false,"campfire_choices":[{"data":"Collect","floor":6,"key":"SMITH"},{"data":"FlurryOfBlows","floor":8,"key":"SMITH"},{"data":"Prostrate","floor":10,"key":"SMITH"},{"data":"Ragnarok","floor":15,"key":"SMITH"},{"data":"WreathOfFlame","floor":23,"key":"SMITH"}],"circlet_count":0,"master_deck":["Strike_P","Strike_P","Defend_P","Defend_P","Defend_P","Defend_P","Eruption","Vigilance","Swivel","FlurryOfBlows+1","Prostrate+1","UniverseFragment","Collect+1","EmptyFist","Ragnarok+1","Woodsman","WreathOfFlame+1","Ragnarok","JustLucky+1"],"relics":["PureWater","CogitoBucket","RabbitCall","LetterFromLob","Blue Doll","SpikesRelics:ToyHorsey","HellTrain","Happy Flower","conspire:SlowCooker","theJungle:ShellPeas","Toy Ornithopter","PreservedInsect"],"acts_visited":["Exordium","Exordium"],"potions_floor_usage":[22],"damage_taken":[{"damage":0,"enemies":"Small Slimes","floor":1,"turns":3},{"damage":1,"enemies":"Jaw Worm","floor":2,"turns":4},{"damage":3,"enemies":"conspire:MimicChest","floor":4,"turns":4},{"damage":0,"enemies":"2 Louse","floor":5,"turns":3},{"damage":7,"enemies":"Large Slime","floor":7,"turns":10},{"damage":24,"enemies":"Blue Slaver","floor":13,"turns":5},{"damage":8,"enemies":"Lagavulin","floor":14,"turns":5},{"damage":0,"enemies":"Slime Boss","floor":16,"turns":6},{"damage":28,"enemies":"theJungle:GiantWrat","floor":18,"turns":6},{"damage":0,"enemies":"theJungle:MUSHROOMGANG","floor":22,"turns":5},{"damage":81,"enemies":"theJungle:Snecko_Cultist_And_Trap","floor":25,"turns":9}],"seed_played":"3017346921506005682","potions_obtained":[{"floor":1,"key":"Ambrosia"},{"floor":5,"key":"sneckomod:MuddlingPotion"},{"floor":14,"key":"construct:ShiftPotion"},{"floor":22,"key":"Elixir"}],"is_trial":false,"path_per_floor":["M","M","?","?","M","R","M","R","T","R","?","$","M","E","R","B",null,"M","?","?","AVR","M","R","T","M"],"character_chosen":"WATCHER","items_purchased":["Ragnarok"],"campfire_rested":0,"item_purchase_floors":[12],"current_hp_per_floor":[72,71,76,73,73,73,66,66,66,66,66,66,42,40,40,70,77,55,55,55,55,77,77,77,0,0],"gold":64,"neow_bonus":"","is_daily":false,"chose_seed":false,"campfire_upgraded":5,"win_rate":0.0,"timestamp":1608348455,"path_taken":["M","M","?","?","M","R","M","R","T","R","?","$","M","E","R","BOSS","M","?","?","AVR","?","R","?","M"],"items_purchased_type":["Card"],"build_version":"2020-12-13","purchased_purges":1,"victory":false,"max_hp_per_floor":[72,72,77,77,77,77,77,77,77,77,77,77,77,77,77,77,77,77,77,77,77,77,77,77,77,77],"card_choices":[{"not_picked":["Murderer","Bloodbath","CherryBlossoms"],"picked":"Singing Bowl","floor":1},{"not_picked":["BowlingBash","Replay:Battleflow"],"picked":"Swivel","floor":1},{"not_picked":["OldLady","Mercenary","FairyFestival"],"picked":"Singing Bowl","floor":2},{"not_picked":["Evaluate","InnerPeace"],"picked":"FlurryOfBlows","floor":2},{"not_picked":["Scorched","Funeral","BigBird"],"picked":"Singing Bowl","floor":4},{"not_picked":["Replay:DivineShield","Study"],"picked":"Prostrate","floor":4},{"not_picked":["VoidDream","CherryBlossoms","LittleHelper"],"picked":"Singing Bowl","floor":5},{"not_picked":["Yin","SingingMachine"],"picked":"UniverseFragment","floor":5},{"not_picked":["Perseverance","BowlingBash"],"picked":"Collect","floor":5},{"not_picked":["Rudolta","LongBird","FairyFestival"],"picked":"Singing Bowl","floor":7},{"not_picked":["FollowUp","InnerPeace"],"picked":"EmptyFist","floor":7},{"not_picked":["Scarecrow","MHz","VoidDream"],"picked":"Singing Bowl","floor":13},{"not_picked":["HeroicMonk","BeautyBeast"],"picked":"Woodsman","floor":13},{"not_picked":["Crescendo","CarveReality"],"picked":"WreathOfFlame","floor":13},{"not_picked":["Wellcheers","DespairKnight","SpiderBud"],"picked":"Singing Bowl","floor":14},{"not_picked":["Replay:Cycle","Replay:AtTheReady","EmptyFist"],"picked":"SKIP","floor":14},{"not_picked":["QueenOfHatred","CrumblingArmor","WallGazer"],"picked":"Singing Bowl","floor":16},{"not_picked":["DevaForm","ConjureBlade"],"picked":"Ragnarok","floor":16},{"not_picked":["LongBird","Variant","HeroicMonk"],"picked":"Singing Bowl","floor":18},{"not_picked":["Consecrate","FlyingSleeves","WindmillStrike"],"picked":"SKIP","floor":18},{"not_picked":["GreedKing","WallGazer","Alriune"],"picked":"Singing Bowl","floor":22},{"not_picked":["CutThroughFate+1","Evaluate"],"picked":"JustLucky+1","floor":22}],"player_experience":3164397,"relics_obtained":[{"floor":1,"key":"LetterFromLob"},{"floor":4,"key":"Blue Doll"},{"floor":9,"key":"SpikesRelics:ToyHorsey"},{"floor":14,"key":"Happy Flower"},{"floor":24,"key":"PreservedInsect"}],"event_choices":[{"damage_healed":0,"gold_gain":0,"player_choice":"Donut","damage_taken":0,"max_hp_gain":5,"max_hp_loss":0,"event_name":"Big Fish","floor":3,"gold_loss":0},{"damage_healed":0,"gold_gain":0,"player_choice":"Leave","damage_taken":0,"max_hp_gain":0,"max_hp_loss":0,"event_name":"conspire:Investor","floor":11,"gold_loss":0},{"cards_removed":["Strike_P"],"damage_healed":0,"gold_gain":0,"player_choice":"Offered Basic","damage_taken":0,"max_hp_gain":0,"max_hp_loss":0,"event_name":"Bonfire Elementals","floor":20,"gold_loss":0}],"is_beta":false,"boss_relics":[{"not_picked":["expansioncontent:StudyCardRelic","ReplayTheSpireMod:DimensionalGlitch"],"picked":"conspire:SlowCooker"}],"items_purged_floors":[12],"is_endless":false,"potions_floor_spawned":[1,5,14,22],"killed_by":"theJungle:Snecko_Cultist_And_Trap","ascension_level":0}}