{"host":"ou23awlgcm0pi7o1","time":1608375829,"event":{"mods":["BaseMod","Colored Map","Downfall","Minty Spire (QoL Compilation)","StSLib","Unceasing Turn Reminder"],"gold_per_floor":[99,113,140,140,5,5,5,30,15,15,35,135,153,84,100,205,205,130,144,154,154,172,203,203,231,231,260,160,110,123,136,153,253,253,178,231,260,310,310,321,321,246,263,296,306,148,167,167,183,183,183,218,21,21,21],"floor_reached":56,"playtime":5045,"items_purged":["champ:Strike","champ:Defend","champ:Defend","champ:Haymaker"],"score":1398,"play_id":"a82db6ee-1be1-468b-88db-b785308849f1","local_time":"20201219110349","is_ascension_mode":true,"campfire_choices":[{"floor":1,"key":"RECALL"},{"data":"champ:Improvising","floor":6,"key":"SMITH"},{"floor":10,"key":"REST"},{"data":"champ:AdrenalArmor","floor":18,"key":"SMITH"},{"data":"champ:StrikeOfGenius","floor":26,"key":"SMITH"},{"data":"champ:Encircle","floor":35,"key":"SMITH"},{"data":"champ:Control","floor":42,"key":"SMITH"},{"data":"champ:AdrenalArmor","floor":54,"key":"SMITH"}],"circlet_count":0,"master_deck":["champ:Strike","champ:Execute","champ:Taunt","champ:Improvising+1","champ:ArenaPreparation","champ:SwordThrow","champ:FaceSlap","champ:FanOfKnives","champ:ShieldSigil","champ:AdrenalArmor+1","champ:BerserkersShout","champ:Encircle+1","champ:StrikeOfGenius+1","champ:Backstep","champ:SteelEdge","champ:Circumvent+1","champ:Control+1","champ:HeartStrike","champ:Improvising","champ:AdrenalArmor+1","champ:IronFortress+1","champ:FanOfKnives","champ:BringItOn","champ:FanOfKnives+1","champ:Improvising+1","champ:EndlessRage+1","champ:EnGarde+1","champ:CalledShot+1","champ:BerserkerStyle+1","champ:RageSigil+1","champ:MurderStrike","champ:Taunt","champ:SteelEdge","champ:DefensiveStyle+1","champ:BerserkerStyle+1","champ:AdrenalArmor+1","expansioncontent:GuardianWhirl","champ:EndlessRage+1"],"relics":["champ:ChampionCrown","Thread and Needle","StrikeDummy","StoneCalendar","Coffee Dripper","downfall:HeartBlessingRed","InkBottle","Frozen Egg 2","Smiling Mask","Turnip","Bird Faced Urn","Astrolabe","downfall:HeartBlessingGreen","Ice Cream","Oddly Smooth Stone","Du-Vu Doll","downfall:HeartBlessingBlue","Happy Flower","Akabeko","DollysMirror"],"acts_visited":["Exordium","TheCity","TheBeyond","TheEnding"],"potions_floor_usage":[9,14,15,25,27,27,27,27,27,33,55,55,55],"damage_taken":[{"damage":5,"enemies":"2 Louse","floor":2,"turns":3},{"damage":50,"enemies":"Gremlin Nob","floor":3,"turns":4},{"damage":20,"enemies":"downfall:FleeingMerchant","floor":5,"turns":4},{"damage":9,"enemies":"Lagavulin","floor":8,"turns":5},{"damage":42,"enemies":"downfall:FleeingMerchant","floor":9,"turns":4},{"damage":13,"enemies":"Cultist","floor":11,"turns":3},{"damage":10,"enemies":"Small Slimes","floor":13,"turns":1},{"damage":26,"enemies":"downfall:FleeingMerchant","floor":14,"turns":4},{"damage":16,"enemies":"Exordium Thugs","floor":15,"turns":4},{"damage":38,"enemies":"downfall:Ironclad","floor":16,"turns":5},{"damage":14,"enemies":"3 Byrds","floor":19,"turns":3},{"damage":53,"enemies":"Shelled Parasite and Fungi","floor":20,"turns":4},{"damage":25,"enemies":"Chosen and Byrds","floor":22,"turns":3},{"damage":58,"enemies":"Slavers","floor":23,"turns":3},{"damage":50,"enemies":"Gremlin Leader","floor":25,"turns":5},{"damage":60,"enemies":"Slavers","floor":27,"turns":6},{"damage":43,"enemies":"downfall:FleeingMerchant","floor":28,"turns":4},{"damage":57,"enemies":"Snake Plant","floor":30,"turns":7},{"damage":74,"enemies":"Sentry and Sphere","floor":31,"turns":4},{"damage":41,"enemies":"Shelled Parasite and Fungi","floor":32,"turns":4},{"damage":77,"enemies":"downfall:Watcher","floor":33,"turns":6},{"damage":76,"enemies":"2 Orb Walkers","floor":36,"turns":5},{"damage":102,"enemies":"Reptomancer","floor":37,"turns":4},{"damage":106,"enemies":"Mind Bloom Boss Battle","floor":38,"turns":6},{"damage":68,"enemies":"3 Darklings","floor":40,"turns":3},{"damage":50,"enemies":"Orb Walker","floor":43,"turns":3},{"damage":67,"enemies":"Giant Head","floor":44,"turns":5},{"damage":67,"enemies":"3 Darklings","floor":45,"turns":4},{"damage":112,"enemies":"Sphere and 2 Shapes","floor":47,"turns":5},{"damage":53,"enemies":"Jaw Worm Horde","floor":49,"turns":3},{"damage":95,"enemies":"downfall:Defect","floor":50,"turns":4},{"damage":101,"enemies":"downfall:CharBossMerchant","floor":52,"turns":7},{"damage":301,"enemies":"downfall:NeowBoss","floor":55,"turns":11}],"seed_played":"3315727101049534836","potions_obtained":[{"floor":2,"key":"sneckomod:MuddlingPotion"},{"floor":8,"key":"SkillPotion"},{"floor":13,"key":"AttackPotion"},{"floor":16,"key":"Fruit Juice"},{"floor":19,"key":"Energy Potion"},{"floor":23,"key":"EntropicBrew"},{"floor":25,"key":"GamblersBrew"},{"floor":27,"key":"Dexterity Potion"},{"floor":31,"key":"hexamod:EctoCoolerPotion"},{"floor":32,"key":"DistilledChaos"},{"floor":33,"key":"DuplicationPotion"},{"floor":44,"key":"PowerPotion"}],"is_trial":false,"path_per_floor":["R","M","E","?","$","R","T","E","$","R","M","?","M","$","M","B",null,"R","M","M","?","M","E","T","E","R","E","$","?","M","M","M","B",null,"R","?","E","?","?","M","T","R","M","E","M","$","M","?","M","B",null,"E","$","R","B",null],"character_chosen":"THE_CHAMP","items_purchased":["champ:FanOfKnives","champ:Haymaker","champ:IronFortress+1","champ:FanOfKnives","Bird Faced Urn","champ:BerserkerStyle+1","champ:AdrenalArmor","DollysMirror"],"campfire_rested":1,"item_purchase_floors":[5,14,28,28,28,46,46,53],"current_hp_per_floor":[90,90,62,27,27,27,27,23,17,44,42,42,42,42,39,19,90,90,90,85,85,82,58,58,57,57,43,39,73,79,70,64,45,100,100,95,83,100,100,100,100,110,110,110,108,108,110,110,110,110,110,110,110,110,115],"gold":21,"neow_bonus":"TRANSFORM_CARD","is_daily":false,"chose_seed":false,"campfire_upgraded":6,"win_rate":0.0,"timestamp":1608375829,"path_taken":["R","M","E","?","$","R","T","E","$","R","?","?","M","?","M","BOSS","R","M","M","?","M","E","T","E","R","E","$","?","M","M","M","BOSS","R","?","E","?","?","M","T","R","M","E","M","$","?","?","M","BOSS","E","$","R","BOSS"],"items_purchased_type":["Card","Card","Card","Card","Relic","Card","Card","Relic"],"build_version":"2020-12-13","purchased_purges":4,"victory":true,"max_hp_per_floor":[90,90,90,90,90,90,90,90,90,90,90,90,90,90,90,90,90,90,90,90,90,90,90,90,90,90,95,95,95,95,100,100,100,100,100,100,100,100,100,100,100,110,110,110,110,110,110,110,110,110,110,110,110,110,115],"card_choices":[{"not_picked":["champ:Duel","champ:GladiatorsShout"],"picked":"champ:ArenaPreparation","floor":2},{"not_picked":["champ:Haymaker","champ:BerserkersShout"],"picked":"champ:SwordThrow","floor":3},{"not_picked":["champ:DeathBlow","champ:DefensiveShout"],"picked":"champ:FaceSlap","floor":5},{"not_picked":["champ:FlashCut","champ:SwordSigil"],"picked":"champ:ShieldSigil","floor":8},{"not_picked":["champ:Duel","champ:Encircle"],"picked":"champ:AdrenalArmor","floor":9},{"not_picked":["champ:DeathBlow","champ:Encircle"],"picked":"champ:BerserkersShout","floor":11},{"not_picked":["champ:SkillfulDodge","champ:EnragedBash"],"picked":"champ:Encircle","floor":13},{"not_picked":["champ:RapidStrikes","champ:Circumvent"],"picked":"champ:StrikeOfGenius","floor":14},{"not_picked":["champ:RapidStrikes","champ:DefensiveShout"],"picked":"champ:Backstep","floor":15},{"not_picked":["champ:Improvising","champ:HoldFirm"],"picked":"champ:SteelEdge","floor":16},{"not_picked":["champ:ShieldSigil","champ:GladiatorsShout+1"],"picked":"champ:Circumvent+1","floor":19},{"not_picked":["champ:FocusedBerserking","champ:StanceDance"],"picked":"champ:Control","floor":20},{"not_picked":["champ:FaceSlap+1","champ:AdrenalArmor"],"picked":"champ:HeartStrike","floor":22},{"not_picked":["champ:PerfectedStrike","champ:DefensiveShout"],"picked":"champ:Improvising","floor":23},{"not_picked":["champ:BerserkersShout","champ:ShieldWall+1"],"picked":"champ:FightOn","floor":25},{"not_picked":["champ:ShieldWall+1","champ:TornadoPunch"],"picked":"champ:AdrenalArmor+1","floor":27},{"not_picked":["champ:EnGarde+1","champ:StanceDance+1","champ:Haymaker"],"picked":"SKIP","floor":28},{"not_picked":["champ:FlashCut","champ:DefensiveShout"],"picked":"champ:BringItOn","floor":30},{"not_picked":["champ:GladiatorsShout","champ:ViciousMockery","champ:SkillfulDodge"],"picked":"SKIP","floor":31},{"not_picked":["champ:EnragedBash+1","champ:BerserkersShout+1"],"picked":"champ:FanOfKnives+1","floor":32},{"not_picked":["champ:EnchantSword","champ:CrownThrow"],"picked":"champ:Improvising+1","floor":33},{"not_picked":["champ:EnGarde","champ:FightOn"],"picked":"champ:BerserkerStyle+1","floor":36},{"not_picked":["champ:SwordSigil+1","champ:EnGarde"],"picked":"champ:RageSigil+1","floor":37},{"not_picked":["champ:SwordSigil","champ:StanceDance","champ:Encircle"],"picked":"SKIP","floor":40},{"not_picked":["champ:EnGarde+1","champ:TornadoPunch","champ:FaceSlap+1"],"picked":"SKIP","floor":43},{"not_picked":["champ:ViciousMockery","champ:GladiatorsShout"],"picked":"champ:SteelEdge","floor":44},{"not_picked":["champ:Encircle+1","champ:SwordSigil+1"],"picked":"champ:DefensiveStyle+1","floor":45},{"not_picked":["champ:Encircle","champ:RisingSlash+1","champ:FaceSlap+1"],"picked":"SKIP","floor":47},{"not_picked":["expansioncontent:Flail","expansioncontent:ChargeUp"],"picked":"expansioncontent:GuardianWhirl","floor":48},{"not_picked":["champ:PerfectedStrike","champ:Duel+1","champ:FanOfKnives"],"picked":"SKIP","floor":49},{"not_picked":["champ:Backstep+1","champ:ShieldWall+1"],"picked":"champ:FightOn","floor":52}],"player_experience":321433,"relics_obtained":[{"floor":3,"key":"Thread and Needle"},{"floor":7,"key":"StrikeDummy"},{"floor":8,"key":"StoneCalendar"},{"floor":23,"key":"InkBottle"},{"floor":24,"key":"Frozen Egg 2"},{"floor":25,"key":"Smiling Mask"},{"floor":27,"key":"Turnip"},{"floor":36,"key":"Ice Cream"},{"floor":37,"key":"Oddly Smooth Stone"},{"floor":38,"key":"Du-Vu Doll"},{"floor":44,"key":"Happy Flower"},{"floor":52,"key":"Akabeko"}],"event_choices":[{"damage_healed":0,"gold_gain":0,"player_choice":"Ignored","damage_taken":0,"max_hp_gain":0,"max_hp_loss":0,"event_name":"Vampires","floor":21,"gold_loss":0},{"damage_healed":0,"gold_gain":0,"player_choice":"Fight","damage_taken":0,"max_hp_gain":0,"max_hp_loss":0,"event_name":"Mysterious Sphere","floor":36,"gold_loss":0}],"is_beta":false,"boss_relics":[{"not_picked":["Velvet Choker","Sozu"],"picked":"Coffee Dripper"},{"not_picked":["Calling Bell","Runic Dome"],"picked":"Astrolabe"}],"items_purged_floors":[5,28,46,53],"is_endless":false,"potions_floor_spawned":[2,8,13,16,19,23,25,27,31,32,33,36,44,45],"ascension_level":2}}