{"host":"aqym1xxr3lb31d9m","time":1608402418,"event":{"mods":["BaseMod","Block Reminder","Colored Map","Colored Powertips","DeckTracker","Highlight Path","Minty Spire (QoL Compilation)","Practice Mode","Quick Restart","Random Character Button","StSLib","SuperFastMode"],"gold_per_floor":[116,116,116,116,135,135,167,167,167,200,28,28,28,44,44,135,135,150,150,150,150,165,165,205,205,205,205,232,269,297,327,339,351,351],"floor_reached":33,"playtime":1320,"items_purged":[],"score":592,"play_id":"ba11f010-8b8e-4107-84ea-046c65338614","local_time":"20201220032658","is_ascension_mode":true,"campfire_choices":[{"data":"Hologram","floor":6,"key":"SMITH"},{"data":"Beam Cell","floor":13,"key":"SMITH"},{"data":"Zap","floor":15,"key":"SMITH"},{"data":"Dualcast","floor":23,"key":"SMITH"},{"data":"Recycle","floor":25,"key":"SMITH"},{"data":"Undo","floor":27,"key":"SMITH"},{"data":"Glacier","floor":32,"key":"SMITH"}],"circlet_count":0,"master_deck":["AscendersBane","Strike_B","Strike_B","Strike_B+1","Strike_B+1","Defend_B","Defend_B","Defend_B","Defend_B","Zap+1","Dualcast+1","Rebound","Hologram+1","Compile Driver","Beam Cell+1","Core Surge","Electrodynamics","Conserve Battery","Writhe","Undo+1","Recycle+1","Glacier+1","Conserve Battery","Skim"],"relics":["Cracked Core","NeowsBlessing","Blood Vial","Eternal Feather","Vajra","Matryoshka","Happy Flower","DataDisk","Golden Idol","Nuclear Battery","Question Card","Nilry\u0027s Codex","The Courier","Regal Pillow","Pantograph","MawBank"],"acts_visited":["Exordium","TheCity"],"potions_floor_usage":[10,10,16,24],"damage_taken":[{"damage":0,"enemies":"Cultist","floor":1,"turns":1},{"damage":0,"enemies":"Small Slimes","floor":5,"turns":1},{"damage":0,"enemies":"3 Sentries","floor":7,"turns":1},{"damage":27,"enemies":"Lagavulin","floor":10,"turns":6},{"damage":1,"enemies":"2 Louse","floor":14,"turns":2},{"damage":13,"enemies":"Slime Boss","floor":16,"turns":5},{"damage":0,"enemies":"Chosen","floor":18,"turns":3},{"damage":1,"enemies":"3 Byrds","floor":22,"turns":2},{"damage":45,"enemies":"Slavers","floor":24,"turns":5},{"damage":12,"enemies":"Snake Plant","floor":29,"turns":4},{"damage":13,"enemies":"Chosen and Byrds","floor":30,"turns":6},{"damage":3,"enemies":"Sentry and Sphere","floor":31,"turns":12},{"damage":66,"enemies":"Champ","floor":33,"turns":13}],"seed_played":"8403640443372274031","potions_obtained":[{"floor":1,"key":"BlessingOfTheForge"},{"floor":5,"key":"Regen Potion"},{"floor":10,"key":"Fire Potion"},{"floor":22,"key":"Weak Potion"},{"floor":30,"key":"DistilledChaos"},{"floor":31,"key":"LiquidMemories"}],"is_trial":false,"path_per_floor":["M","?","?","?","M","R","E","?","T","E","$","?","R","M","R","B",null,"M","?","?","?","M","R","E","R","T","R","T","M","M","M","R","B"],"character_chosen":"DEFECT","items_purchased":["DataDisk"],"campfire_rested":0,"item_purchase_floors":[11],"current_hp_per_floor":[64,64,43,32,34,40,42,35,35,25,25,25,34,35,44,33,56,58,58,37,50,51,63,19,31,31,43,43,33,22,21,33,0,0],"gold":351,"neow_bonus":"THREE_ENEMY_KILL","is_daily":false,"chose_seed":false,"campfire_upgraded":7,"win_rate":0.0,"timestamp":1608402418,"path_taken":["M","?","?","?","?","R","E","?","T","E","?","?","R","M","R","BOSS","M","?","?","?","M","R","E","R","T","R","?","M","M","?","R","BOSS"],"items_purchased_type":["Relic"],"build_version":"2020-12-13","purchased_purges":0,"victory":false,"max_hp_per_floor":[71,71,71,71,71,71,71,71,71,71,71,64,64,64,64,64,64,64,64,64,64,64,64,64,64,64,64,64,64,64,64,64,64,64],"card_choices":[{"not_picked":["Auto Shields","Turbo"],"picked":"Rebound","floor":1},{"not_picked":["Rebound","Gash"],"picked":"Hologram","floor":5},{"not_picked":["Redo","Fusion"],"picked":"Compile Driver","floor":7},{"not_picked":["Rebound","Steam"],"picked":"Beam Cell","floor":10},{"not_picked":["Leap","Hologram"],"picked":"Core Surge","floor":14},{"not_picked":["Hyperbeam","Creative AI"],"picked":"Electrodynamics","floor":16},{"not_picked":["Double Energy","Ball Lightning+1"],"picked":"Conserve Battery","floor":18},{"not_picked":["Stack","Cold Snap","Go for the Eyes"],"picked":"Undo","floor":22},{"not_picked":["Self Repair","Barrage","Reinforced Body"],"picked":"Recycle","floor":24},{"not_picked":["Reinforced Body","Rebound","Redo+1"],"picked":"Glacier","floor":29},{"not_picked":["Compile Driver","Rebound+1","Sweeping Beam"],"picked":"Conserve Battery","floor":30},{"not_picked":["Sweeping Beam","Reboot","Ball Lightning"],"picked":"Skim","floor":31}],"player_experience":3888642,"relics_obtained":[{"floor":7,"key":"Vajra"},{"floor":9,"key":"Matryoshka"},{"floor":10,"key":"Happy Flower"},{"floor":20,"key":"Nilry\u0027s Codex"},{"floor":24,"key":"The Courier"},{"floor":26,"key":"Regal Pillow"},{"floor":26,"key":"Pantograph"},{"floor":28,"key":"MawBank"}],"event_choices":[{"damage_healed":0,"gold_gain":0,"player_choice":"Box","damage_taken":0,"relics_obtained":["Blood Vial"],"max_hp_gain":0,"max_hp_loss":0,"event_name":"Big Fish","floor":2,"gold_loss":0,"cards_obtained":["Regret"]},{"damage_healed":0,"gold_gain":0,"player_choice":"Entered Light","damage_taken":21,"max_hp_gain":0,"max_hp_loss":0,"event_name":"Shining Light","floor":3,"gold_loss":0,"cards_upgraded":["Strike_B","Strike_B"]},{"damage_healed":0,"gold_gain":0,"player_choice":"Success","damage_taken":11,"relics_obtained":["Eternal Feather"],"max_hp_gain":0,"max_hp_loss":0,"event_name":"Scrap Ooze","floor":4,"gold_loss":0},{"cards_removed":["Regret"],"damage_healed":0,"gold_gain":0,"player_choice":"Card Removal","damage_taken":7,"max_hp_gain":0,"max_hp_loss":0,"event_name":"Golden Wing","floor":8,"gold_loss":0},{"damage_healed":0,"gold_gain":0,"player_choice":"Lose Max HP","damage_taken":0,"relics_obtained":["Golden Idol"],"max_hp_gain":0,"max_hp_loss":7,"event_name":"Golden Idol","floor":12,"gold_loss":0},{"damage_healed":0,"gold_gain":0,"player_choice":"Opened","damage_taken":0,"relics_obtained":["Question Card"],"max_hp_gain":0,"max_hp_loss":0,"event_name":"The Mausoleum","floor":19,"gold_loss":0,"cards_obtained":["Writhe"]},{"damage_healed":0,"gold_gain":0,"player_choice":"Obtained Book","damage_taken":21,"max_hp_gain":0,"max_hp_loss":0,"event_name":"Cursed Tome","floor":20,"gold_loss":0},{"damage_healed":13,"gold_gain":0,"player_choice":"Heal","damage_taken":0,"max_hp_gain":0,"max_hp_loss":0,"event_name":"The Library","floor":21,"gold_loss":0}],"is_beta":false,"boss_relics":[{"not_picked":["SacredBark","Tiny House"],"picked":"Nuclear Battery"}],"items_purged_floors":[],"is_endless":false,"potions_floor_spawned":[1,5,10,22,30,31],"killed_by":"Champ","ascension_level":20}}