{"host":"5j53u3d72gsce0fe","time":1608420164,"event":{"mods":["2.2 Compatiblity","AchievementEnabler","Aspiration","BaseMod","Beaked The Cultist","Better Altar","Better Match","Better Note","Better Sensory Stone","Better Skull","Better Third Choice","Better Vampires","Block Reminder","CCEM","Card Forge","Colored Map","Colored Powertips","Colorless Booster Pack","Conspire","Defuse TimeMaze Blight","Dio Mod","Dota2Spire","Downfall-Rebalance","Emptier Cage","Energized Spire","Friendly Minions","GifTheSpireLib","Hermit","HexUI Lib","Hubris","Humility","Infinite Spire","Marked Mod","Mimic Mod","Minty Spire (QoL Compilation)","Relic Filter","Replay The Spire","Retaliation","Shade Mod","Small Relic Pack","StSLib","Stuff the Spire","The Animator","The Bug Knight","Transform Curses","Unceasing Turn Reminder","???Mod??????Boss"],"gold_per_floor":[115,15,97,142,142,190,190,204,204,248,171,171,171,211,211,323,323,374,374,374,422,422,422,117,117,142,173,219,219,259,305,305,333,333],"floor_reached":33,"playtime":2096,"items_purged":[],"score":265,"play_id":"f634aac9-766e-48ed-87a3-c7af80bbcd78","local_time":"20201219152244","is_ascension_mode":false,"campfire_choices":[{"floor":13.0,"key":"REST"},{"floor":23,"key":"REST"},{"floor":29,"key":"REST"}],"circlet_count":0,"master_deck":["Shade:Strike_Shade","Shade:Defend_Shade","Shade:Defend_Shade","Shade:AnimateDead+1","Shade:CarefulCut+1","Shade:LyeBath+1","conspire:SpireCoStock+1","conspire:SpireCoStock+1","Shade:AncientSpear+1","Shade:Brains+1","hubris:NaturalOne","Shade:FingerOfDeath+1","infinitespire:Oblivion+1","Shade:AncientSpear+1","Shade:FreshBones+1","Shade:CommandSoldier+1","Shade:OminousRitual+1","Shade:WallOfFlesh+1","Shade:WallOfFlesh+1","Shade:GraveStillness+1","Shade:FreshBones+1","Shade:CommandSoldier+1","Shade:SkeletonHug+1"],"relics":["Shade:YorickSkull","Hammer of Thor","Seething Fire","Anvil of the Gods","Peace Pipe","Potion Belt","hubris:Icosahedron","Turnip","relicPack:DarknessArmor","hubris:VirtuousBlindfold","hubris:Towel","aspiration:AnachronicSnailShell","Replay:Rubber Ducky","Art of War"],"acts_visited":["Exordium","TheCity"],"potions_floor_usage":[21],"damage_taken":[{"damage":0.0,"enemies":"Small Slimes","floor":1.0,"turns":3.0},{"damage":0.0,"enemies":"Jaw Worm","floor":3.0,"turns":6.0},{"damage":0.0,"enemies":"Cultist","floor":4.0,"turns":5.0},{"damage":57.0,"enemies":"Gremlin Nob","floor":6.0,"turns":7.0},{"damage":0.0,"enemies":"Cultist","floor":8.0,"turns":3.0},{"damage":0.0,"enemies":"conspire:2 RoseBushes","floor":10.0,"turns":7.0},{"damage":0.0,"enemies":"Large Slime","floor":14.0,"turns":5.0},{"damage":7.0,"enemies":"The Guardian","floor":16.0,"turns":7.0},{"damage":12.0,"enemies":"Chosen","floor":18.0,"turns":6.0},{"damage":8,"enemies":"conspire:FuzzyDice","floor":21,"turns":4},{"damage":0,"enemies":"Snecko","floor":27,"turns":3},{"damage":0,"enemies":"Cultist and Chosen","floor":28,"turns":4},{"damage":4,"enemies":"HollowMod:Nosk","floor":30,"turns":6},{"damage":12,"enemies":"Centurion and Healer","floor":31,"turns":4},{"damage":79,"enemies":"Collector","floor":33,"turns":8}],"seed_played":"-7578798742399086275","potions_obtained":[{"floor":3.0,"key":"Block Potion"},{"floor":8.0,"key":"Swift Potion"},{"floor":10.0,"key":"FairyPotion"},{"floor":14.0,"key":"SpeedPotion"},{"floor":15.0,"key":"SneckoOil"},{"floor":15.0,"key":"Dexterity Potion"},{"floor":16.0,"key":"hexamod:EctoCoolerPotion"},{"floor":18.0,"key":"Fire Potion"}],"is_trial":false,"path_per_floor":["M","?","M","MIM","?","E","?","M","T","M","$","?","R","M","R_BF","B",null,"M","$","?","M","?","R","$","?","T","M","M","R","E","M","R","B"],"character_chosen":"SHADE","items_purchased":["EssenceOfSteel","aspiration:AnachronicSnailShell"],"campfire_rested":3,"item_purchase_floors":[11,24],"current_hp_per_floor":[59,59,59,59,59,2,2,2,2,2,2,2,19,19,19,12,59,47,47,47,39,39,56,56,56,56,56,56,59,55,43,43,0,0],"gold":333,"neow_bonus":"ONE_RARE_RELIC","is_daily":false,"chose_seed":false,"campfire_upgraded":0,"win_rate":0.0,"timestamp":1608420164,"path_taken":["M","?","M","?","?","E","?","?","T","M","$","?","R","M","R_BF","BOSS","M","$","?","?","?","R","$","?","T","M","M","R","E","M","R","BOSS"],"items_purchased_type":["Potion","Relic"],"build_version":"2020-12-13","purchased_purges":0,"victory":false,"max_hp_per_floor":[59,59,59,59,59,59,59,59,59,59,59,59,59,59,59,59,59,59,59,59,59,59,59,59,59,59,59,59,59,59,59,59,59,59],"card_choices":[{"not_picked":["Shade:Trample","Shade:CoffinDance"],"picked":"Shade:LyeBath","floor":1.0},{"not_picked":["Shade:ClawBack","Shade:OneIsEnough"],"picked":"Shade:AncientSpear","floor":3.0},{"not_picked":["Shade:FeralStrike","Shade:SpectralStrikes"],"picked":"Shade:Brains","floor":4.0},{"not_picked":["Shade:Brains","Shade:AncientSpear"],"picked":"Shade:FingerOfDeath","floor":6.0},{"not_picked":["infinitespire:Execution","infinitespire:FinalStrike"],"picked":"infinitespire:Oblivion","floor":7.0},{"not_picked":["Shade:SoulToxin","Shade:BoneShards"],"picked":"Shade:AncientSpear","floor":8.0},{"not_picked":["Shade:CommandSoldier","Shade:WallOfFlesh"],"picked":"Shade:FreshBones","floor":10.0},{"not_picked":["Shade:AncientSpear","Shade:Asphyxiate"],"picked":"Shade:CommandSoldier","floor":14.0},{"not_picked":["Shade:OfferingToTheBeyond","Shade:Consume"],"picked":"Shade:OminousRitual","floor":16.0},{"not_picked":["Shade:Asphyxiate","Shade:Frenzy"],"picked":"Shade:WallOfFlesh+1","floor":18.0},{"not_picked":["Shade:Trample","Shade:FuneraryArmor"],"picked":"Shade:WallOfFlesh","floor":21},{"not_picked":["Shade:OneIsEnough","Shade:AncientSpear"],"picked":"Shade:GraveStillness+1","floor":27},{"not_picked":["Shade:AblativeArmor","Shade:RavenousHorde"],"picked":"Shade:FreshBones","floor":28},{"not_picked":["Shade:SkeletonHug+1","Shade:Excise"],"picked":"Shade:CommandSoldier+1","floor":30},{"not_picked":["Shade:SpectralStrikes","Shade:Premonition"],"picked":"Shade:SkeletonHug+1","floor":31}],"player_experience":1185157,"relics_obtained":[{"floor":4.0,"key":"Potion Belt"},{"floor":6.0,"key":"Turnip"},{"floor":9.0,"key":"relicPack:DarknessArmor"},{"floor":26,"key":"Replay:Rubber Ducky"},{"floor":30,"key":"Art of War"}],"event_choices":[{"damage_healed":0.0,"max_hp_gain":0.0,"max_hp_loss":0.0,"gold_gain":0.0,"event_name":"conspire:Investor","player_choice":"Invest 2","floor":2.0,"gold_loss":0.0,"damage_taken":0.0},{"cards_removed":["Shade:OminousRitual"],"damage_healed":0,"gold_gain":0,"player_choice":"Give","damage_taken":0,"max_hp_gain":0,"max_hp_loss":0,"event_name":"betterNote:BetterNote","floor":20,"gold_loss":0,"cards_obtained":["None"]}],"is_beta":false,"boss_relics":[{"not_picked":["energizedSpire:DeadBattery","Velvet Choker"],"picked":"hubris:VirtuousBlindfold"}],"items_purged_floors":[],"is_endless":false,"potions_floor_spawned":[3,8,10,14,16,18],"killed_by":"Collector","ascension_level":0}}