{"host":"4k3z1vmw52e7hl04","time":1608356249,"event":{"mods":["AchievementEnabler","Aspiration","BaseMod","Best Route Mod","Better Altar","Better Match","Better Note","Better Third Choice","Block Reminder","Colored Powertips","GifTheSpireLib","Hermit","HexUI Lib","Highlight Path","Hubris","Infinite Spire","Minty Spire (QoL Compilation)","Rare Cards Sparkle","Replay The Spire","Shop Mod","Spicy Shops","StSLib","Stuff the Spire","SuperFastMode","Synergy Search","The Animator","The Bug Knight","The Runesmith","everything is the same but u backflip on backflip"],"gold_per_floor":[368,379,54,54,64,96,111,111,111,111,111,111,36,136,136,234,234,250,525,490,490,514,514,514,514,514],"floor_reached":25,"playtime":1075,"items_purged":["Doubt"],"score":197,"play_id":"bf9bc0d3-9e62-4f4e-a886-f6a01609533d","local_time":"20201218213729","is_ascension_mode":false,"campfire_choices":[{"floor":8,"key":"REST"},{"floor":10,"key":"REST"},{"data":"Hello World","floor":12,"key":"SMITH"},{"floor":15,"key":"REST"}],"circlet_count":0,"master_deck":["Strike_B","Strike_B","Strike_B","Strike_B","Defend_B","Defend_B","Zap","Dualcast","Spreading Infection","Double Energy","Rebound","Hello World+1","Barrage","StuffTheSpire:NuclearReactor","Barrage","Genetic Algorithm","SpiritShield","Cold Snap","Regret","StuffTheSpire:Snapshot+1","Storm","BasicCrystalCard","hubris:Fate","infinitespire:Oblivion","Storm+1","Stack","Redo"],"relics":["Cracked Core","Replay:Frozen Program","hubris:SlimyHat","aspiration:Lifesprig","infinitespire:Golems Mask","Replay:Baseball","Busted Crown","Prayer Wheel","Juzu Bracelet","StuffTheSpire:GrapeVine"],"acts_visited":["Exordium","TheCity"],"potions_floor_usage":[6,6],"damage_taken":[{"damage":8,"enemies":"Small Slimes","floor":1,"turns":3},{"damage":1,"enemies":"2 Louse","floor":2,"turns":3},{"damage":6,"enemies":"Cultist","floor":5,"turns":3},{"damage":30,"enemies":"Gremlin Nob","floor":6,"turns":4},{"damage":14,"enemies":"Blue Slaver","floor":7,"turns":3},{"damage":36,"enemies":"The Guardian","floor":16,"turns":18},{"damage":34,"enemies":"Shell Parasite","floor":18,"turns":6},{"damage":25,"enemies":"2 Thieves","floor":20,"turns":5},{"damage":22,"enemies":"Centurion and Healer","floor":25,"turns":2}],"seed_played":"-691297016183806895","potions_obtained":[{"floor":1,"key":"Fire Potion"},{"floor":5,"key":"AttackPotion"},{"floor":20,"key":"Fire Potion"}],"is_trial":false,"path_per_floor":["M","M","$","?","M","E","M","R","T","R","?","R","$","?","R","B",null,"M","?","M","AVR","T","?","?","M"],"character_chosen":"DEFECT","items_purchased":["Hello World","Replay:Frozen Program","Barrage","hubris:SlimyHat"],"campfire_rested":3,"item_purchase_floors":[3,3,3,3],"current_hp_per_floor":[67,66,66,74,68,38,24,46,46,68,41,41,41,41,63,27,75,41,41,16,16,16,16,16,0,0],"gold":514,"neow_bonus":"TWO_FIFTY_GOLD","is_daily":false,"chose_seed":false,"campfire_upgraded":1,"win_rate":0.0,"timestamp":1608356249,"path_taken":["M","M","$","?","M","E","M","R","T","R","?","R","$","?","R","BOSS","M","?","M","AVR","?","?","?","M"],"items_purchased_type":["Card","Relic","Card","Relic"],"build_version":"2020-12-13","purchased_purges":1,"victory":false,"max_hp_per_floor":[75,75,75,75,75,75,75,75,75,75,75,75,75,75,75,75,75,75,75,75,75,75,75,75,75,75],"card_choices":[{"not_picked":["Stack","Streamline"],"picked":"Double Energy","floor":1},{"not_picked":["Undo","StuffTheSpire:LoadUp"],"picked":"Rebound","floor":2},{"not_picked":["ReplayTheSpireMod:Repulse","Steam"],"picked":"StuffTheSpire:NuclearReactor","floor":5},{"not_picked":["hubris:PowerSurge","Ball Lightning"],"picked":"Barrage","floor":6},{"not_picked":["Steam","Ball Lightning"],"picked":"Genetic Algorithm","floor":7},{"not_picked":["Reboot","ReplayTheSpireMod:Omega Cannon"],"picked":"ReplayTheSpireMod:Fabricate Wheel","floor":16},{"not_picked":[],"picked":"Cold Snap","floor":18},{"not_picked":[],"picked":"StuffTheSpire:SnapShoot+1","floor":18},{"not_picked":[],"picked":"Storm","floor":20},{"not_picked":[],"picked":"BasicCrystalCard","floor":20}],"player_experience":264864,"relics_obtained":[{"floor":6,"key":"aspiration:Lifesprig"},{"floor":9,"key":"infinitespire:Golems Mask"},{"floor":22,"key":"StuffTheSpire:GrapeVine"}],"event_choices":[{"damage_healed":0,"gold_gain":100,"player_choice":"Pray","damage_taken":0,"max_hp_gain":0,"max_hp_loss":0,"event_name":"Golden Shrine","floor":14,"gold_loss":0},{"damage_healed":0,"gold_gain":275,"player_choice":"Desecrate","damage_taken":0,"max_hp_gain":0,"max_hp_loss":0,"event_name":"Golden Shrine","floor":19,"gold_loss":0,"cards_obtained":["Regret"]},{"cards_removed":["Genetic Algorithm"],"damage_healed":0,"gold_gain":0,"player_choice":"Take \u0026 Give","damage_taken":0,"max_hp_gain":0,"max_hp_loss":0,"event_name":"betterNote:BetterNote","floor":23,"gold_loss":0,"cards_obtained":["Storm"]},{"damage_healed":0,"gold_gain":0,"cards_transformed":["Defend_B","Defend_B"],"player_choice":"Became Test Subject","damage_taken":0,"max_hp_gain":0,"max_hp_loss":0,"event_name":"Drug Dealer","floor":24,"gold_loss":0,"cards_obtained":["Stack","Redo"]}],"is_beta":false,"boss_relics":[{"not_picked":["hubris:GrandSneckoEye","hubris:CrackedHourglass"],"picked":"Busted Crown"}],"items_purged_floors":[13],"is_endless":false,"potions_floor_spawned":[1,5,20],"killed_by":"Centurion and Healer","ascension_level":0}}