{"host":"0fm1w3v00gid44jl","time":1608395366,"event":{"mods":["AchievementEnabler","BaseMod","Colored Map","Colored Powertips","Displayed Cursed Tome","Downfall","Googly Eyes","Highlight Path","Minty Spire (QoL Compilation)","Permanent Neow","Relic Stats","StSLib","SuperFastMode","slay the spire mod where everything is the same but ironclad has a cowboy hat"],"gold_per_floor":[99,61,61,61,21,54,54,54,87,87,105,205,223,223,243,347,347,347,367,367,380,51,51,51,65,65,95,34,49,49,41,60,165,165,165,213,213,244,254,254,254,285,285,310,9,22,40,40,55,55,55],"floor_reached":50,"playtime":8022,"items_purged":["Mayhem"],"score":789,"play_id":"d44d34b5-58af-4d0f-8ec6-aa50ae174a94","local_time":"20201219102926","is_ascension_mode":true,"campfire_choices":[{"data":"champ:Taunt","floor":1.0,"key":"SMITH"},{"data":"champ:Circumvent","floor":4.0,"key":"SMITH"},{"data":"champ:AdrenalArmor","floor":8.0,"key":"SMITH"},{"data":"champ:DefensiveShout","floor":10.0,"key":"SMITH"},{"data":"champ:VampiricStrike","floor":18.0,"key":"SMITH"},{"data":"champ:AdrenalArmor","floor":20.0,"key":"SMITH"},{"data":"champ:StrikeOfGenius","floor":26.0,"key":"SMITH"},{"data":"champ:AdrenalArmor","floor":35.0,"key":"SMITH"},{"data":"champ:FanOfKnives","floor":40.0,"key":"SMITH"},{"data":"champ:DancingMaster","floor":43.0,"key":"SMITH"}],"circlet_count":0,"master_deck":["champ:Strike","champ:Strike","champ:Strike+1","champ:Defend","champ:Defend","champ:Defend","champ:Defend+1","champ:Execute","champ:Taunt+1","champ:StanceDance","champ:Circumvent+1","champ:AdrenalArmor+1","champ:DefensiveShout+1","champ:GutPunch","champ:AdrenalArmor+1","champ:FanOfKnives+1","champ:BringItOn+1","champ:Encircle","champ:VampiricStrike+1","champ:Backstep+1","champ:FlashCut+1","champ:TornadoPunch+1","champ:StrikeOfGenius+1","champ:StanceDance","champ:ShieldSigil","champ:AdrenalArmor+1","champ:DefensiveShout","champ:FlashCut","champ:Encircle","champ:DancingMaster+1","CurseOfTheBell","champ:TornadoPunch+1","champ:Backstep","champ:Aggression","champ:Control","champ:FanOfKnives","champ:Balance+1","champ:SwordSigil+1"],"relics":["Coffee Dripper","Matryoshka","White Beast Statue","expansioncontent:StudyCardRelic","Art of War","downfall:RedIOU","Whetstone","Blood Vial","WingedGreaves","War Paint","Calling Bell","Vajra","The Courier","Unceasing Top","Peace Pipe","Centennial Puzzle","Ancient Tea Set","Bottled Flame","Question Card","champ:FightingForDummies","Torii"],"acts_visited":["Exordium","TheCity","TheBeyond"],"potions_floor_usage":[47],"damage_taken":[{"damage":10.0,"enemies":"downfall:FleeingMerchant","floor":2.0,"turns":4.0},{"damage":8.0,"enemies":"downfall:FleeingMerchant","floor":5.0,"turns":4.0},{"damage":62.0,"enemies":"Gremlin Nob","floor":6.0,"turns":5.0},{"damage":35.0,"enemies":"3 Sentries","floor":9.0,"turns":6.0},{"damage":17.0,"enemies":"Jaw Worm","floor":11.0,"turns":3.0},{"damage":9.0,"enemies":"Small Slimes","floor":13.0,"turns":3.0},{"damage":0.0,"enemies":"Cultist","floor":14.0,"turns":1.0},{"damage":19.0,"enemies":"Large Slime","floor":15.0,"turns":4.0},{"damage":60.0,"enemies":"downfall:Silent","floor":16.0,"turns":7.0},{"damage":19.0,"enemies":"Spheric Guardian","floor":19.0,"turns":4.0},{"damage":10.0,"enemies":"Shell Parasite","floor":21.0,"turns":3.0},{"damage":19.0,"enemies":"downfall:FleeingMerchant","floor":22.0,"turns":4.0},{"damage":14.0,"enemies":"Centurion and Healer","floor":25.0,"turns":5.0},{"damage":19.0,"enemies":"Slavers","floor":27.0,"turns":4.0},{"damage":28.0,"enemies":"downfall:FleeingMerchant","floor":28.0,"turns":4.0},{"damage":31.0,"enemies":"Chosen and Byrds","floor":29.0,"turns":4.0},{"damage":29.0,"enemies":"downfall:FleeingMerchant","floor":31.0,"turns":4.0},{"damage":21.0,"enemies":"3 Cultists","floor":32.0,"turns":4.0},{"damage":42.0,"enemies":"downfall:Defect","floor":33.0,"turns":7.0},{"damage":45.0,"enemies":"2 Orb Walkers","floor":36.0,"turns":3.0},{"damage":64.0,"enemies":"Reptomancer","floor":38.0,"turns":5.0},{"damage":2.0,"enemies":"3 Darklings","floor":39.0,"turns":4.0},{"damage":86.0,"enemies":"Nemesis","floor":42.0,"turns":7.0},{"damage":40,"enemies":"Reptomancer","floor":44,"turns":4},{"damage":10,"enemies":"Orb Walker","floor":46,"turns":2},{"damage":28,"enemies":"Jaw Worm Horde","floor":47,"turns":3},{"damage":41,"enemies":"3 Darklings","floor":49,"turns":3}],"seed_played":"1838750965391360799","potions_obtained":[{"floor":6.0,"key":"AttackPotion"},{"floor":11.0,"key":"ColorlessPotion"},{"floor":13.0,"key":"champ:OpenerPotion"},{"floor":14.0,"key":"Explosive Potion"},{"floor":27.0,"key":"Swift Potion"},{"floor":28.0,"key":"SkillPotion"},{"floor":29.0,"key":"PowerPotion"},{"floor":36.0,"key":"Regen Potion"},{"floor":39.0,"key":"champ:OpenerPotion"},{"floor":42.0,"key":"SpeedPotion"},{"floor":46,"key":"Regen Potion"},{"floor":47,"key":"SteroidPotion"}],"is_trial":false,"path_per_floor":["R","$","?","R","$","E","T","R","E","R","M","?","M","M","M","B",null,"R","M","R","M","$","?","T","M","R","E","$","M","?","$","M","B",null,"R","?","?","E","M","R","T","E","R","E","?","M","M","?","M","B"],"character_chosen":"THE_CHAMP","items_purchased":["champ:Circumvent","champ:DefensiveShout","champ:StrikeOfGenius","Art of War","champ:AdrenalArmor","War Paint","champ:FlashCut","Mayhem","Torii"],"campfire_rested":0,"item_purchase_floors":[2,5,22,22,28,31,31,31,45],"current_hp_per_floor":[90,90,90,90,90,49,49,49,51,51,51,51,51,51,51,47,90,90,90,90,90,90,90,90,90,90,83,75,90,90,90,90,88,90,90,90,90,88,90,90,90,61,61,81,81,83,76,66,68,0,0],"gold":55,"neow_bonus":"BOSS_RELIC","is_daily":false,"chose_seed":false,"campfire_upgraded":10,"win_rate":0.0,"timestamp":1608395366,"path_taken":["R","$","?","R","?","E","T","R","E","R","M","?","M","?","M","BOSS","R","M","R","M","$","?","T","M","R","E","$","M","?","?","M","BOSS","R","?","?","E","?","R","T","E","R","E","?","M","M","?","M","BOSS"],"items_purchased_type":["Card","Card","Card","Relic","Card","Relic","Card","Card","Relic"],"build_version":"2020-12-13","purchased_purges":1,"victory":false,"max_hp_per_floor":[90,90,90,90,90,90,90,90,90,90,90,90,90,90,90,90,90,90,90,90,90,90,90,90,90,90,90,90,90,90,90,90,90,90,90,90,90,90,90,90,90,90,90,90,90,90,90,90,90,90,90],"relic_stats":{"Blood Vial":16,"Peace Pipe":0,"Centennial Puzzle":[21],"Torii":1,"counters":[28,117],"Art of War":[5],"Whetstone":["champ:FlashCut","champ:Strike"],"War Paint":["champ:BringItOn","champ:Defend"],"Question Card":10,"obtain_stats":[{"Torii":45,"Vajra":34,"champ:ChampionCrown":0,"The Courier":34,"expansioncontent:StudyCardRelic":17,"Whetstone":24,"War Paint":31,"Ancient Tea Set":41,"Question Card":42,"White Beast Statue":9,"Blood Vial":24,"Calling Bell":34,"Peace Pipe":36,"Centennial Puzzle":38,"Bottled Flame":41,"downfall:BrokenWingStatue":3,"Matryoshka":7,"downfall:RedIOU":23,"WingedGreaves":27,"Coffee Dripper":0,"Bag of Marbles":6,"Art of War":22,"champ:FightingForDummies":44,"Unceasing Top":34},{"Torii":24,"Vajra":19,"champ:ChampionCrown":0,"The Courier":19,"expansioncontent:StudyCardRelic":9,"Whetstone":12,"War Paint":17,"Ancient Tea Set":22,"Question Card":23,"White Beast Statue":4,"Blood Vial":12,"Calling Bell":19,"Peace Pipe":20,"Centennial Puzzle":21,"Bottled Flame":22,"downfall:BrokenWingStatue":1,"Matryoshka":3,"downfall:RedIOU":12,"WingedGreaves":14,"Coffee Dripper":0,"Bag of Marbles":3,"Art of War":12,"champ:FightingForDummies":24,"Unceasing Top":19},{"Torii":103,"Vajra":80,"champ:ChampionCrown":0,"The Courier":80,"expansioncontent:StudyCardRelic":37,"Whetstone":48,"War Paint":69,"Ancient Tea Set":92,"Question Card":99,"White Beast Statue":19,"Blood Vial":48,"Calling Bell":80,"Peace Pipe":83,"Centennial Puzzle":88,"Bottled Flame":92,"downfall:BrokenWingStatue":4,"Matryoshka":13,"downfall:RedIOU":48,"WingedGreaves":57,"Coffee Dripper":0,"Bag of Marbles":13,"Art of War":48,"champ:FightingForDummies":103,"Unceasing Top":80}],"Unceasing Top":[4]},"card_choices":[{"not_picked":["champ:CalledShot","champ:RapidStrikes"],"picked":"champ:StanceDance","floor":2.0},{"not_picked":["champ:Circumvent","champ:BladeFlurry"],"picked":"champ:AdrenalArmor","floor":5.0},{"not_picked":["champ:DancingMaster","champ:GladiatorsShout"],"picked":"champ:GutPunch","floor":6.0},{"not_picked":["champ:PerfectedStrike","champ:ArenaPreparation"],"picked":"champ:AdrenalArmor","floor":9.0},{"not_picked":["champ:CrookedStrike","champ:PerfectedStrike"],"picked":"champ:FanOfKnives","floor":11.0},{"not_picked":["champ:PreciseThrust","champ:PerfectedStrike","champ:BerserkersShout"],"picked":"SKIP","floor":13.0},{"not_picked":["champ:TornadoPunch","champ:FalseCounter"],"picked":"champ:BringItOn","floor":14.0},{"not_picked":["champ:ViciousMockery","champ:HeavySlash"],"picked":"champ:Encircle","floor":15.0},{"not_picked":["champ:CheapShot","champ:PerfectForm"],"picked":"champ:VampiricStrike","floor":16.0},{"not_picked":["champ:BladeFlurry","champ:DeathBlow"],"picked":"champ:Backstep+1","floor":19.0},{"not_picked":["champ:RecklessLeap+1","champ:DefensiveShout"],"picked":"champ:FlashCut","floor":21.0},{"not_picked":["champ:DefensiveShout+1","champ:Aggression"],"picked":"champ:TornadoPunch+1","floor":22.0},{"not_picked":["champ:PerfectedStrike","champ:BerserkersShout","champ:BladeFlurry"],"picked":"SKIP","floor":25.0},{"not_picked":["champ:HeavySlash","champ:DefensiveShout+1"],"picked":"champ:StanceDance","floor":27.0},{"not_picked":["champ:Shatter+1","champ:RageSigil"],"picked":"champ:ShieldSigil","floor":28.0},{"not_picked":["champ:TornadoPunch+1","champ:FanOfKnives"],"picked":"champ:DefensiveShout","floor":29.0},{"not_picked":["champ:FocusedDefense","champ:BladeFlurry","champ:FightOn"],"picked":"SKIP","floor":31.0},{"not_picked":["champ:FocusedGladiator","champ:BerserkersShout"],"picked":"champ:Encircle","floor":32.0},{"not_picked":["champ:IgnorePain","champ:Devastate"],"picked":"champ:DancingMaster","floor":33.0},{"not_picked":["champ:RisingSlash","champ:DefensiveShout+1"],"picked":"champ:TornadoPunch+1","floor":36.0},{"not_picked":["champ:CrookedStrike+1","champ:FanOfKnives"],"picked":"champ:Backstep","floor":38.0},{"not_picked":["champ:FocusedDefense","champ:FanOfKnives+1"],"picked":"champ:Aggression","floor":39.0},{"not_picked":["champ:ShieldSigil+1","champ:PerfectedStrike+1"],"picked":"champ:Control","floor":42.0},{"not_picked":["champ:RageSigil+1","champ:FalseCounter+1","champ:DefensiveShout"],"picked":"champ:FanOfKnives","floor":44},{"not_picked":["champ:EnchantCrown","champ:EnragedBash","champ:DefensiveStyle","champ:FanOfKnives+1"],"picked":"SKIP","floor":46},{"not_picked":["champ:Backstep+1","champ:HeartStrike","champ:StanceDance"],"picked":"champ:Balance+1","floor":47},{"not_picked":["champ:EndlessRage+1","champ:PerfectedStrike+1","champ:RisingSlash"],"picked":"champ:SwordSigil+1","floor":49}],"player_experience":1384446,"relics_obtained":[{"floor":6.0,"key":"Bag of Marbles"},{"floor":7.0,"key":"Matryoshka"},{"floor":9.0,"key":"White Beast Statue"},{"floor":24.0,"key":"Whetstone"},{"floor":24.0,"key":"Blood Vial"},{"floor":27.0,"key":"WingedGreaves"},{"floor":34.0,"key":"Vajra"},{"floor":34.0,"key":"The Courier"},{"floor":34.0,"key":"Unceasing Top"},{"floor":36.0,"key":"Peace Pipe"},{"floor":38.0,"key":"Centennial Puzzle"},{"floor":41.0,"key":"Ancient Tea Set"},{"floor":41.0,"key":"Bottled Flame"},{"floor":42.0,"key":"Question Card"},{"floor":44,"key":"champ:FightingForDummies"}],"event_choices":[{"damage_healed":0.0,"max_hp_gain":0.0,"max_hp_loss":0.0,"gold_gain":0.0,"event_name":"Mysterious Sphere","player_choice":"Fight","floor":36.0,"gold_loss":0.0,"damage_taken":0.0}],"is_beta":false,"boss_relics":[{"not_picked":["Philosopher\u0027s Stone","Cursed Key"],"picked":"expansioncontent:StudyCardRelic"},{"not_picked":["SlaversCollar","champ:ChampionCrownUpgraded"],"picked":"Calling Bell"}],"items_purged_floors":[45],"is_endless":false,"potions_floor_spawned":[6,11,13,14,15,16,19,21,22,25,27,28,29,31,32,33,36,38,39,42,44,46,47,49],"killed_by":"downfall:Ironclad","ascension_level":1}}