{"host":"mktlxyvei7rg0hpq","time":1608364228,"event":{"mods":["BaseMod","Downfall","Minty Spire (QoL Compilation)","StSLib","The Disciple"],"gold_per_floor":[99,113,128,128,128,158,158,158,172,172,189,189,199,224,244,244,244],"floor_reached":16,"playtime":1181,"items_purged":[],"score":127,"play_id":"892740e1-4566-4417-9cd1-65975f25b67c","local_time":"20201218235028","is_ascension_mode":false,"campfire_choices":[{"data":"Slimebound:Strike_Slimebound","floor":1,"key":"SMITH"},{"floor":10,"key":"REST"}],"circlet_count":0,"master_deck":["Slimebound:Strike_Slimebound","Slimebound:Strike_Slimebound+1","Slimebound:Tackle","Slimebound:Defend_Slimebound","Slimebound:Defend_Slimebound","Slimebound:Defend_Slimebound","Slimebound:Defend_Slimebound","Slimebound:Split","Slimebound:CorrosiveSpit","Slimebound:LeechEnergy","Slimebound:SlimeBarrage","Slimebound:LeechingTouch","Slimebound:OozeBath","Slimebound:PressTheAttack","Slimebound:DouseInSlime","Slimebound:LeechEnergy","Slimebound:SlimeSpikes"],"relics":["Slimebound:AbsorbEndCombat","Toy Ornithopter","Bottled Flame","Gremlin Horn","Slimebound:GreedOozeRelic","Strawberry"],"acts_visited":["Exordium"],"potions_floor_usage":[16,16,16],"damage_taken":[{"damage":11,"enemies":"Small Slimes","floor":2,"turns":3},{"damage":4,"enemies":"2 Louse","floor":3,"turns":3},{"damage":47,"enemies":"Lagavulin","floor":6,"turns":8},{"damage":0,"enemies":"Cultist","floor":9,"turns":4},{"damage":20,"enemies":"2 Fungi Beasts","floor":11,"turns":3},{"damage":18,"enemies":"Blue Slaver","floor":13,"turns":4},{"damage":22,"enemies":"Gremlin Gang","floor":15,"turns":4},{"damage":49,"enemies":"downfall:Defect","floor":16,"turns":5}],"seed_played":"3876782268331992462","potions_obtained":[{"floor":2,"key":"Slimebound:SlimyTonguePotion"},{"floor":9,"key":"DistilledChaos"},{"floor":11,"key":"Strength Potion"}],"is_trial":false,"path_per_floor":["R","M","M","?","?","E","T","?","M","R","M","?","M","T","M","B"],"character_chosen":"SLIMEBOUND","items_purchased":[],"campfire_rested":1,"item_purchase_floors":[],"current_hp_per_floor":[66,63,65,70,70,32,32,32,38,59,47,47,35,42,26,0,0],"gold":244,"neow_bonus":"TEN_PERCENT_HP_BONUS","is_daily":false,"chose_seed":false,"campfire_upgraded":1,"win_rate":0.0,"timestamp":1608364228,"path_taken":["R","M","M","?","?","E","T","?","M","R","?","?","M","?","M","BOSS"],"items_purchased_type":[],"build_version":"2020-12-13","purchased_purges":0,"victory":false,"max_hp_per_floor":[66,66,66,71,71,71,71,71,71,71,71,71,71,78,78,78,78],"card_choices":[{"not_picked":["Slimebound:GoopTackle","Slimebound:LeechingTouch"],"picked":"Slimebound:LeechEnergy","floor":2},{"not_picked":["Slimebound:SamplingLick","Slimebound:SlimeSpikes"],"picked":"Slimebound:SlimeBarrage","floor":3},{"not_picked":["Slimebound:RollThrough","Slimebound:SplitMire"],"picked":"Slimebound:LeechingTouch","floor":6},{"not_picked":["Slimebound:SlimeBarrage","Slimebound:Schlurp"],"picked":"Slimebound:PressTheAttack","floor":9},{"not_picked":["Slimebound:Grow","Slimebound:Dissolve"],"picked":"Slimebound:DouseInSlime","floor":11},{"not_picked":["Slimebound:ViciousTackle","Slimebound:PressTheAttack"],"picked":"Slimebound:LeechEnergy","floor":13},{"not_picked":["Slimebound:SlimeBrawl","Slimebound:LeechingTouch"],"picked":"Slimebound:SlimeSpikes","floor":15}],"player_experience":55569,"relics_obtained":[{"floor":6,"key":"Bottled Flame"},{"floor":7,"key":"Gremlin Horn"},{"floor":14,"key":"Strawberry"}],"event_choices":[{"damage_healed":0,"gold_gain":0,"player_choice":"Donut","damage_taken":0,"max_hp_gain":5,"max_hp_loss":0,"event_name":"Big Fish","floor":4,"gold_loss":0},{"damage_healed":0,"gold_gain":0,"cards_transformed":["Slimebound:Strike_Slimebound"],"player_choice":"Transformed","damage_taken":0,"max_hp_gain":0,"max_hp_loss":0,"event_name":"Transmorgrifier","floor":8,"gold_loss":0,"cards_obtained":["Slimebound:OozeBath"]}],"is_beta":false,"boss_relics":[],"items_purged_floors":[],"is_endless":false,"potions_floor_spawned":[2,9,11],"killed_by":"downfall:Defect","ascension_level":0}}