{"host":"pbf6u3tyx46snqc7","time":1608419017,"event":{"mods":["AchievementEnabler","BaseMod","Colored Map","Marisa£¨Ùöéë¡¡Øª×âÞÞ£©","Minty Spire (QoL Compilation)","Rare Cards Sparkle","Shop Mod","SuperFastMode"],"gold_per_floor":[114,126,146,161,86,86,161,61,61,73,85,35,35,47,47,152,152,162,182,182,182,195,195,224,224,224,224,251,251,271,286,286,388,388,406,423,443,497,497,497,517,551,551,601,601,621,621,631,631,631],"floor_reached":51,"playtime":2791,"items_purged":["Perfected Strike","Strike_R"],"score":830,"play_id":"28b9451b-91e4-4c9b-ae2d-a661104ca237","local_time":"20201220080337","is_ascension_mode":true,"campfire_choices":[{"data":"Searing Blow","floor":6.0,"key":"SMITH"},{"data":"Searing Blow+1","floor":13.0,"key":"SMITH"},{"data":"Searing Blow+2","floor":15.0,"key":"SMITH"},{"data":"Searing Blow+3","floor":23.0,"key":"SMITH"},{"data":"Searing Blow+4","floor":25.0,"key":"SMITH"},{"data":"Searing Blow+5","floor":27.0,"key":"SMITH"},{"data":"Searing Blow+6","floor":32.0,"key":"SMITH"},{"data":"Searing Blow+7","floor":40.0,"key":"SMITH"},{"data":"Searing Blow+8","floor":45,"key":"SMITH"},{"data":"Searing Blow+9","floor":49,"key":"SMITH"}],"circlet_count":0,"master_deck":["Defend_R","Defend_R","Bash","Twin Strike","Searing Blow+10","Bite","Bite","Bite","Bite","Bite","Shockwave","Pommel Strike+1","Armaments+1","Fiend Fire","Battle Trance"],"relics":["Burning Blood","Strawberry","Singing Bowl","Coffee Dripper","Mercury Hourglass","Smiling Mask","Thread and Needle","Nilry\u0027s Codex","Empty Cage","Lizard Tail","Magic Flower","Ancient Tea Set","Mango","Dead Branch"],"acts_visited":["Exordium","TheCity","TheBeyond"],"potions_floor_usage":[44],"damage_taken":[{"damage":1.0,"enemies":"Cultist","floor":1.0,"turns":3.0},{"damage":9.0,"enemies":"Jaw Worm","floor":2.0,"turns":3.0},{"damage":0.0,"enemies":"2 Louse","floor":3.0,"turns":1.0},{"damage":18.0,"enemies":"Exordium Wildlife","floor":4.0,"turns":6.0},{"damage":7.0,"enemies":"Looter","floor":10.0,"turns":3.0},{"damage":9.0,"enemies":"3 Louse","floor":11.0,"turns":4.0},{"damage":8.0,"enemies":"Red Slaver","floor":14.0,"turns":3.0},{"damage":30.0,"enemies":"Slime Boss","floor":16.0,"turns":10.0},{"damage":7.0,"enemies":"Chosen","floor":18.0,"turns":4.0},{"damage":11.0,"enemies":"Shell Parasite","floor":19.0,"turns":4.0},{"damage":21.0,"enemies":"Snecko","floor":22.0,"turns":4.0},{"damage":13.0,"enemies":"Book of Stabbing","floor":24.0,"turns":4.0},{"damage":27.0,"enemies":"Slavers","floor":28.0,"turns":6.0},{"damage":9.0,"enemies":"Centurion and Healer","floor":30.0,"turns":5.0},{"damage":11.0,"enemies":"3 Cultists","floor":31.0,"turns":4.0},{"damage":61.0,"enemies":"Collector","floor":33.0,"turns":6.0},{"damage":11.0,"enemies":"3 Shapes","floor":35.0,"turns":3.0},{"damage":27.0,"enemies":"3 Darklings","floor":36.0,"turns":5.0},{"damage":6.0,"enemies":"Transient","floor":37.0,"turns":5.0},{"damage":33.0,"enemies":"2 Orb Walkers","floor":38.0,"turns":5.0},{"damage":1,"enemies":"4 Shapes","floor":41,"turns":5},{"damage":9,"enemies":"Nemesis","floor":42,"turns":3},{"damage":0,"enemies":"Mind Bloom Boss Battle","floor":44,"turns":2},{"damage":18,"enemies":"Maw","floor":46,"turns":4},{"damage":10,"enemies":"Jaw Worm Horde","floor":48,"turns":4},{"damage":99,"enemies":"Donu and Deca","floor":50,"turns":7}],"seed_played":"-6846070183121501168","potions_obtained":[{"floor":2.0,"key":"Energy Potion"},{"floor":10.0,"key":"BlessingOfTheForge"},{"floor":16.0,"key":"SneckoOil"},{"floor":19.0,"key":"FearPotion"},{"floor":21.0,"key":"HeartOfIron"},{"floor":21.0,"key":"Fire Potion"},{"floor":31.0,"key":"Strength Potion"},{"floor":36.0,"key":"ColorlessPotion"},{"floor":37.0,"key":"Dexterity Potion"},{"floor":42,"key":"LiquidMemories"}],"is_trial":false,"path_per_floor":["M","M","M","M","$","R","?","$","T","M","M","?","R","M","R","B",null,"M","M","?","?","M","R","E","R","T","R","E","?","M","M","R","B",null,"M","M","M","?","?","R","M","E","T","?","R","M","T","M","R","B",null],"character_chosen":"IRONCLAD","items_purchased":[],"campfire_rested":0,"item_purchase_floors":[],"current_hp_per_floor":[87,84,87,75,75,75,64,64,64,65,64,64,64,64,64,42,95,96,93,69,69,61,61,64,64,64,64,55,39,49,53,53,16,73,75,60,76,60,60,60,76,79,79,99,99,101,101,103,103,46],"gold":631,"neow_bonus":"RANDOM_COMMON_RELIC","is_daily":false,"chose_seed":false,"campfire_upgraded":10,"win_rate":0.0,"timestamp":1608419017,"path_taken":["M","M","M","?","$","R","?","?","T","M","M","?","R","?","R","BOSS","M","M","?","?","?","R","E","R","T","R","E","?","M","M","R","BOSS","M","M","M","?","?","R","M","E","T","?","R","M","?","M","R","BOSS"],"items_purchased_type":[],"build_version":"2020-12-13","purchased_purges":2,"victory":true,"max_hp_per_floor":[87,87,87,87,87,87,87,87,87,89,91,91,91,93,93,95,95,97,99,69,69,69,69,71,71,71,71,73,73,73,73,73,73,73,75,77,79,81,81,81,83,85,85,99,99,101,101,103,103,103],"card_choices":[{"not_picked":["Sword Boomerang","Wild Strike"],"picked":"Perfected Strike","floor":1.0},{"not_picked":["Dark Embrace","Anger"],"picked":"Twin Strike","floor":2.0},{"not_picked":["Berserk","Carnage"],"picked":"Searing Blow","floor":3.0},{"not_picked":["Iron Wave","Warcry"],"picked":"Armaments","floor":4.0},{"not_picked":["Heavy Blade","Armaments","Second Wind"],"picked":"Singing Bowl","floor":10.0},{"not_picked":["Uppercut","Bloodletting","Feel No Pain"],"picked":"Singing Bowl","floor":11.0},{"not_picked":["Flex","Uppercut","Clothesline"],"picked":"Singing Bowl","floor":14.0},{"not_picked":["Corruption","Feed","Fiend Fire"],"picked":"Singing Bowl","floor":16.0},{"not_picked":["Sword Boomerang+1","Flex","Disarm"],"picked":"Singing Bowl","floor":18.0},{"not_picked":["Bloodletting","Searing Blow","Pummel+1"],"picked":"Singing Bowl","floor":19.0},{"not_picked":["Sever Soul","Flex+1"],"picked":"Shockwave","floor":22.0},{"not_picked":["Warcry","Sentinel","Reckless Charge+1"],"picked":"Singing Bowl","floor":24.0},{"not_picked":["Inflame+1","Iron Wave","Reckless Charge"],"picked":"Singing Bowl","floor":28.0},{"not_picked":["Sword Boomerang","Wild Strike"],"picked":"Pommel Strike+1","floor":30.0},{"not_picked":["Whirlwind","Thunderclap"],"picked":"Armaments+1","floor":31.0},{"not_picked":["Bludgeon","Limit Break"],"picked":"Fiend Fire","floor":33.0},{"not_picked":["Cleave","Havoc+1","Armaments"],"picked":"Singing Bowl","floor":35.0},{"not_picked":["Clash","Flame Barrier","Searing Blow"],"picked":"Singing Bowl","floor":36.0},{"not_picked":["Flex+1","Warcry","Infernal Blade+1"],"picked":"Singing Bowl","floor":37.0},{"not_picked":["Wild Strike+1","Anger+1","Dark Embrace"],"picked":"Singing Bowl","floor":38.0},{"not_picked":["Seeing Red","Rupture+1","Shockwave"],"picked":"Singing Bowl","floor":41},{"not_picked":["Bludgeon","Clash+1","Wild Strike"],"picked":"Singing Bowl","floor":42},{"not_picked":["Havoc+1","Dark Embrace"],"picked":"Battle Trance","floor":44},{"not_picked":["Dark Embrace+1","Heavy Blade+1","Bloodletting+1"],"picked":"Singing Bowl","floor":46},{"not_picked":["Wild Strike","Anger","Heavy Blade+1"],"picked":"Singing Bowl","floor":48}],"player_experience":290218,"relics_obtained":[{"floor":9.0,"key":"Singing Bowl"},{"floor":24.0,"key":"Mercury Hourglass"},{"floor":26.0,"key":"Smiling Mask"},{"floor":28.0,"key":"Thread and Needle"},{"floor":29.0,"key":"Nilry\u0027s Codex"},{"floor":38.0,"key":"Lizard Tail"},{"floor":42,"key":"Magic Flower"},{"floor":43,"key":"Ancient Tea Set"},{"floor":44,"key":"Mango"},{"floor":47,"key":"Dead Branch"}],"event_choices":[{"damage_healed":0.0,"max_hp_gain":0.0,"max_hp_loss":0.0,"gold_gain":75.0,"event_name":"World of Goop","player_choice":"Gather Gold","floor":7.0,"gold_loss":0.0,"damage_taken":11.0},{"cards_removed":["Strike_R"],"damage_healed":0.0,"max_hp_gain":0.0,"max_hp_loss":0.0,"gold_gain":0.0,"event_name":"The Cleric","player_choice":"Card Removal","floor":12.0,"gold_loss":50.0,"damage_taken":0.0},{"damage_healed":0.0,"max_hp_gain":0.0,"max_hp_loss":30.0,"gold_gain":0.0,"event_name":"Vampires","player_choice":"Became a vampire","floor":20.0,"gold_loss":0.0,"damage_taken":0.0,"cards_obtained":["Bite","Bite","Bite","Bite","Bite"]},{"damage_healed":0.0,"max_hp_gain":0.0,"max_hp_loss":0.0,"gold_gain":0.0,"event_name":"Lab","player_choice":"Got Potions","floor":21.0,"gold_loss":0.0,"damage_taken":0.0},{"damage_healed":0.0,"max_hp_gain":0.0,"max_hp_loss":0.0,"gold_gain":0.0,"event_name":"Cursed Tome","player_choice":"Obtained Book","floor":29.0,"gold_loss":0.0,"damage_taken":16.0},{"damage_healed":0.0,"max_hp_gain":0.0,"max_hp_loss":0.0,"gold_gain":0.0,"event_name":"Mysterious Sphere","player_choice":"Fight","floor":38.0,"gold_loss":0.0,"damage_taken":0.0},{"cards_removed":["Armaments"],"damage_healed":0.0,"max_hp_gain":0.0,"max_hp_loss":0.0,"gold_gain":0.0,"event_name":"Falling","player_choice":"Removed Skill","floor":39.0,"gold_loss":0.0,"damage_taken":0.0},{"damage_healed":0,"gold_gain":0,"player_choice":"Fight","damage_taken":0,"max_hp_gain":0,"max_hp_loss":0,"event_name":"MindBloom","floor":44,"gold_loss":0}],"is_beta":false,"boss_relics":[{"not_picked":["SlaversCollar","Mark of Pain"],"picked":"Coffee Dripper"},{"not_picked":["Busted Crown","Runic Pyramid"],"picked":"Empty Cage"}],"items_purged_floors":[5,8],"is_endless":false,"potions_floor_spawned":[2,10,16,19,31,36,37,42],"ascension_level":2}}