{"host":"1cmq7b0pfn5kc3i5","time":1608348184,"event":{"mods":["AchievementEnabler","Aspiration","Bard","BaseMod","Beaked The Cultist","Better Altar","Better Match","Better Note","Better Sensory Stone","Better Skull","Better Third Choice","BetterRewards","CCEM","Clawfect","Colored Map","Conspire","Downfall","GifTheSpireLib","Halation","Hermit","Highlight Path","Hubris","Hunter ??","Infinite Spire","Jedi Mod","Jorbs\u0027s Wanderer Trilogy","Mad Scientist","Marisa????????","Mimic Mod","Minty Spire (QoL Compilation)","Permanent Neow","Replay The Spire","Shade Mod","Shop Mod","Spicy Shops","StSLib","Stuff the Spire","The Administrix","The Blackbeard","The Bug Knight","The Construct","The Cursed","The Disciple","The Gatherer","The Hierophant","The Jungle","The Mystic","The Necromancer","The Problem Sleuth","The Runesmith","The Servant 0.9.4","The Spell Scribe","The Witch","Unceasing Turn Reminder","everything is the same but u backflip on backflip","slay the spire mod where everything is the same but ironclad has a cowboy hat"],"gold_per_floor":[149,149,10,10,21,21,21,21,57,3,77,103,128,186,186,200,200],"floor_reached":16,"playtime":1485,"items_purged":[],"score":125,"play_id":"7d578781-512a-412c-9311-d001d933cce2","local_time":"20201218222304","is_ascension_mode":false,"campfire_choices":[{"data":"Infinite Combo","floor":6,"key":"SMITH"},{"data":"ReplayTheSpireMod:Exploit Weakness","floor":15,"key":"SMITH"}],"circlet_count":0,"master_deck":["Strike_Giant","Strike_Giant+1","Defend_Giant","Defend_Giant","Defend_Giant","Defend_Giant","CultistPetCall","EagleFirst","EagleFirst","EagleSecond","EagleThird","Infinite Combo+1","Protect_Giant","Pot Of Greed","Pot Of Greed","Random Death Rattle","Combo Recycle","bard:HideousLaughter","Meditate Giant","Blood Defend","ReplayTheSpireMod:Exploit Weakness+1"],"relics":["GiantSoulBox","aspiration:Nostalgia","m_ChordRing","hubris:Towel","halation:PenCase","Replay:Bandana","Grinning Jar","infinitespire:WardingShard"],"acts_visited":["Exordium"],"potions_floor_usage":[16,16,16],"damage_taken":[{"damage":8,"enemies":"2 Louse","floor":1,"turns":3},{"damage":1,"enemies":"Jaw Worm","floor":5,"turns":3},{"damage":0,"enemies":"Cultist","floor":9,"turns":3},{"damage":27,"enemies":"3 Sentries","floor":11,"turns":3},{"damage":0,"enemies":"Cultist","floor":12,"turns":2},{"damage":12,"enemies":"Blue Slaver","floor":13,"turns":4},{"damage":9,"enemies":"3 Louse","floor":14,"turns":4},{"damage":45,"enemies":"Fading Forest","floor":16,"turns":7}],"seed_played":"379874431415550274","potions_obtained":[{"floor":5,"key":"GamblersBrew"},{"floor":13,"key":"SkillPotion"},{"floor":14,"key":"PowerPotion"}],"is_trial":false,"path_per_floor":["M","?","$","?","M","R","?","?","MIM","$","E","M","M","M","R","B"],"character_chosen":"Giant","items_purchased":["Infinite Combo","Protect_Giant","Combo Recycle"],"campfire_rested":0,"item_purchase_floors":[3,3,10],"current_hp_per_floor":[57,57,57,57,56,56,56,65,65,65,43,43,31,31,31,0,0],"gold":200,"neow_bonus":"NOSTALGIA","is_daily":false,"chose_seed":false,"campfire_upgraded":2,"win_rate":0.0,"timestamp":1608348184,"path_taken":["M","?","$","?","?","R","?","?","MIM","$","E","M","M","?","R","BOSS"],"items_purchased_type":["Card","Card","Card"],"build_version":"2020-12-13","purchased_purges":0,"victory":false,"max_hp_per_floor":[65,65,65,65,65,65,65,65,65,65,70,70,70,75,75,75,75],"card_choices":[{"not_picked":["GremlinTsunderePetCall","Combo Recycle"],"picked":"EagleThird","floor":1},{"not_picked":["Meditate Giant","Protect_Giant"],"picked":"Discover Pet","floor":5},{"not_picked":["Struggle Attack","Clone Minion"],"picked":"Random Death Rattle","floor":9},{"not_picked":["Ready_Giant","Pummel Giant"],"picked":"bard:HideousLaughter","floor":11},{"not_picked":["Discover Pet","Protect_Giant"],"picked":"Meditate Giant","floor":12},{"not_picked":["Backflip Giant","Drunk Grant"],"picked":"Blood Defend","floor":13},{"not_picked":["bard:StudiedStrike","Duplicate Hand"],"picked":"ReplayTheSpireMod:Exploit Weakness","floor":14}],"player_experience":24025,"relics_obtained":[{"floor":7,"key":"halation:PenCase"},{"floor":9,"key":"Replay:Bandana"},{"floor":9,"key":"Grinning Jar"},{"floor":11,"key":"infinitespire:WardingShard"}],"event_choices":[{"cards_removed":["Discover Pet"],"damage_healed":9,"gold_gain":0,"player_choice":"Offered Uncommon","damage_taken":0,"max_hp_gain":0,"max_hp_loss":0,"event_name":"Bonfire Elementals","floor":8,"gold_loss":0}],"is_beta":false,"boss_relics":[],"items_purged_floors":[],"is_endless":false,"potions_floor_spawned":[5,13,14],"killed_by":"Fading Forest","ascension_level":0}}