{"host":"x6tlfgqpy55vgxdn","time":1608409964,"event":{"mods":["AchievementEnabler","BaseMod","DeckTracker","Minty Spire (QoL Compilation)","Permanent Neow","StSLib","SuperFastMode"],"gold_per_floor":[116,191,191,209,226,252,252,262,288,305,305,305,338,353,353,452,452,470,72,92,104,104,104,203,228,281,295,309,309,322,352,352,449,449,460,479,494,544,555,588,606,634,681,717,767,789,843,880,892,904,916,928,133,170,170],"floor_reached":56,"playtime":2253,"items_purged":["Strike_B","Rebound+1"],"score":1454,"play_id":"e86664b7-1754-4775-9e48-b88e51367864","local_time":"20201220053244","is_ascension_mode":true,"campfire_choices":[{"data":"Dualcast","floor":7.0,"key":"SMITH"},{"data":"Zap","floor":12.0,"key":"SMITH"},{"data":"Skim","floor":15.0,"key":"SMITH"},{"data":"Biased Cognition","floor":23.0,"key":"SMITH"},{"data":"Loop","floor":29.0,"key":"SMITH"},{"floor":32.0,"key":"RECALL"},{"data":"Creative AI","floor":49.0,"key":"SMITH"},{"data":"Tempest","floor":52.0,"key":"SMITH"}],"circlet_count":0,"master_deck":["Defend_B","Defend_B","Defend_B","Zap+1","Dualcast+1","Ball Lightning","Electrodynamics","Cold Snap","Skim+1","Biased Cognition+1","Thunder Strike+1","Go for the Eyes+1","Ball Lightning+1","Loop+1","Conserve Battery+1","Coolheaded+1","Echo Form","Hologram+1","Tempest+1","Creative AI+1","Double Energy+1","Coolheaded+1","Static Discharge","Leap+1"],"relics":["Cracked Core","Bag of Preparation","Meat on the Bone","Art of War","Philosopher\u0027s Stone","Molten Egg 2","Nunchaku","Omamori","Black Star","FossilizedHelix","Sundial","Blood Vial","Potion Belt","CeramicFish","MawBank","Juzu Bracelet","Thread and Needle","Pocketwatch","Boot","Pantograph","Bag of Marbles","Toolbox","Blue Candle","Oddly Smooth Stone"],"acts_visited":["Exordium","TheCity","TheBeyond","TheEnding"],"potions_floor_usage":[55,55,55,55,55],"damage_taken":[{"damage":1.0,"enemies":"Jaw Worm","floor":1.0,"turns":3.0},{"damage":0.0,"enemies":"2 Louse","floor":4.0,"turns":1.0},{"damage":0.0,"enemies":"Cultist","floor":5.0,"turns":2.0},{"damage":26.0,"enemies":"Lagavulin","floor":6.0,"turns":6.0},{"damage":6.0,"enemies":"Exordium Wildlife","floor":8.0,"turns":2.0},{"damage":0.0,"enemies":"Lots of Slimes","floor":10.0,"turns":1.0},{"damage":4.0,"enemies":"3 Sentries","floor":13.0,"turns":2.0},{"damage":8.0,"enemies":"Exordium Thugs","floor":14.0,"turns":2.0},{"damage":0.0,"enemies":"Slime Boss","floor":16.0,"turns":5.0},{"damage":2.0,"enemies":"Shell Parasite","floor":18.0,"turns":5.0},{"damage":17.0,"enemies":"2 Thieves","floor":20.0,"turns":2.0},{"damage":12.0,"enemies":"Chosen and Byrds","floor":21.0,"turns":2.0},{"damage":7.0,"enemies":"Slavers","floor":25.0,"turns":2.0},{"damage":6.0,"enemies":"Cultist and Chosen","floor":27.0,"turns":4.0},{"damage":10.0,"enemies":"Centurion and Healer","floor":28.0,"turns":3.0},{"damage":0.0,"enemies":"Snecko","floor":30.0,"turns":4.0},{"damage":0.0,"enemies":"Book of Stabbing","floor":31.0,"turns":4.0},{"damage":9.0,"enemies":"Collector","floor":33.0,"turns":4.0},{"damage":0.0,"enemies":"Orb Walker","floor":35.0,"turns":3.0},{"damage":8.0,"enemies":"3 Darklings","floor":36.0,"turns":3.0},{"damage":3.0,"enemies":"Maw","floor":37.0,"turns":5.0},{"damage":0.0,"enemies":"Mind Bloom Boss Battle","floor":38.0,"turns":5.0},{"damage":0.0,"enemies":"Jaw Worm Horde","floor":39.0,"turns":2.0},{"damage":12.0,"enemies":"Reptomancer","floor":40.0,"turns":6.0},{"damage":14.0,"enemies":"Writhing Mass","floor":41.0,"turns":4.0},{"damage":10.0,"enemies":"Nemesis","floor":42.0,"turns":7.0},{"damage":0.0,"enemies":"Spire Growth","floor":44.0,"turns":5.0},{"damage":4.0,"enemies":"Giant Head","floor":45.0,"turns":7.0},{"damage":0.0,"enemies":"Sphere and 2 Shapes","floor":46.0,"turns":2.0},{"damage":4.0,"enemies":"Reptomancer","floor":47.0,"turns":5.0},{"damage":0.0,"enemies":"4 Shapes","floor":48.0,"turns":3.0},{"damage":21.0,"enemies":"Donu and Deca","floor":50.0,"turns":6.0},{"damage":15.0,"enemies":"Shield and Spear","floor":54.0,"turns":6.0},{"damage":12,"enemies":"The Heart","floor":55,"turns":6}],"seed_played":"-6758521038071610984","potions_obtained":[{"floor":5.0,"key":"FocusPotion"},{"floor":6.0,"key":"SteroidPotion"},{"floor":10.0,"key":"Strength Potion"},{"floor":16.0,"key":"FocusPotion"},{"floor":27.0,"key":"PowerPotion"},{"floor":28.0,"key":"Block Potion"},{"floor":31.0,"key":"Ancient Potion"},{"floor":33.0,"key":"Explosive Potion"},{"floor":38.0,"key":"CultistPotion"},{"floor":39.0,"key":"SteroidPotion"},{"floor":42.0,"key":"Fire Potion"},{"floor":44.0,"key":"DistilledChaos"},{"floor":47.0,"key":"Weak Potion"},{"floor":48.0,"key":"Strength Potion"}],"is_trial":false,"path_per_floor":["M","?","?","M","M","E","R","M","T","M","T","R","E","M","R","B",null,"M","$","M","M","?","R","?","E","T","M","M","R","M","E","R","B",null,"M","M","M","?","M","E","M","E","T","M","E","M","E","M","R","B",null,"R","$","E","B",null],"character_chosen":"DEFECT","items_purchased":["Molten Egg 2","Thunder Strike+1","Pantograph","Bag of Marbles","Toolbox","EssenceOfSteel","Static Discharge"],"campfire_rested":0,"item_purchase_floors":[19,19,53,53,53,53,53],"current_hp_per_floor":[67,56,56,56,56,30,30,24,24,24,24,24,32,36,36,36,68,66,66,49,37,37,37,37,42,42,36,38,38,38,38,38,41,68,68,60,57,57,57,45,45,37,37,39,37,39,37,39,39,32,68,68,68,53,56],"gold":170,"neow_bonus":"REMOVE_TWO","is_daily":false,"chose_seed":false,"campfire_upgraded":7,"win_rate":0.0,"timestamp":1608409964,"path_taken":["M","?","?","M","?","E","R","M","T","M","?","R","E","M","R","BOSS","M","$","?","M","?","R","?","E","T","M","M","R","M","E","R","BOSS","M","M","M","?","M","E","M","E","T","M","E","M","E","M","R","BOSS","R","$","E","BOSS"],"items_purchased_type":["Relic","Card","Relic","Relic","Relic","Potion","Card"],"build_version":"2020-12-13","purchased_purges":2,"victory":true,"max_hp_per_floor":[68,68,68,68,68,68,68,68,68,68,68,68,68,68,68,68,68,68,68,68,68,68,68,68,68,68,68,68,68,68,68,68,68,68,68,68,68,68,68,68,68,68,68,68,68,68,68,68,68,68,68,68,68,68,68],"card_choices":[{"not_picked":["Sweeping Beam","Conserve Battery"],"picked":"Ball Lightning","floor":1.0},{"not_picked":["Stack","Gash","Compile Driver"],"picked":"SKIP","floor":4.0},{"not_picked":["Lockon","Beam Cell"],"picked":"Sweeping Beam","floor":5.0},{"not_picked":["Hello World","Go for the Eyes","Gash"],"picked":"SKIP","floor":6.0},{"not_picked":["Darkness","Hologram"],"picked":"Electrodynamics","floor":8.0},{"not_picked":["Cold Snap","Sweeping Beam","Hologram"],"picked":"SKIP","floor":10.0},{"not_picked":["Sweeping Beam","Hologram"],"picked":"Cold Snap","floor":10.0},{"not_picked":["BootSequence","Leap"],"picked":"Skim","floor":13.0},{"not_picked":["Scrape","Gash","Stack"],"picked":"SKIP","floor":14.0},{"not_picked":["Creative AI","Buffer"],"picked":"Biased Cognition","floor":16.0},{"not_picked":["Reprogram","Steam","Ball Lightning+1"],"picked":"SKIP","floor":18.0},{"not_picked":["Beam Cell+1","Cold Snap+1","Double Energy"],"picked":"SKIP","floor":20.0},{"not_picked":["Conserve Battery","Cold Snap+1"],"picked":"Go for the Eyes+1","floor":21.0},{"not_picked":["Ball Lightning+1","Sweeping Beam+1"],"picked":"Loop","floor":25.0},{"not_picked":["Rebound+1","Reprogram"],"picked":"Conserve Battery+1","floor":27.0},{"not_picked":["Fusion","Force Field","Cold Snap+1"],"picked":"SKIP","floor":28.0},{"not_picked":["Rebound+1","Conserve Battery","Gash+1"],"picked":"SKIP","floor":30.0},{"not_picked":["Redo","Heatsinks"],"picked":"Coolheaded+1","floor":31.0},{"not_picked":["Machine Learning","Multi-Cast"],"picked":"Echo Form","floor":33.0},{"not_picked":["Beam Cell+1","Conserve Battery"],"picked":"Hologram+1","floor":35.0},{"not_picked":["Gash+1","Steam","Stack+1"],"picked":"SKIP","floor":36.0},{"not_picked":["Beam Cell+1","Cold Snap+1","Streamline+1"],"picked":"SKIP","floor":37.0},{"not_picked":["Skim","Compile Driver+1","Go for the Eyes+1"],"picked":"SKIP","floor":39.0},{"not_picked":["Streamline+1","Conserve Battery","Melter+1"],"picked":"SKIP","floor":40.0},{"not_picked":["Heatsinks","Redo","Doom and Gloom+1"],"picked":"SKIP","floor":41.0},{"not_picked":["Hologram","Compile Driver+1","Heatsinks"],"picked":"SKIP","floor":42.0},{"not_picked":["Steam","Reprogram+1"],"picked":"Tempest","floor":44.0},{"not_picked":["Chaos+1","Steam"],"picked":"Creative AI","floor":45.0},{"not_picked":["Compile Driver+1","Genetic Algorithm+1","Steam+1"],"picked":"SKIP","floor":46.0},{"not_picked":["BootSequence","Beam Cell+1"],"picked":"Double Energy+1","floor":47.0},{"not_picked":["Barrage+1","Leap"],"picked":"Coolheaded+1","floor":48.0},{"not_picked":["Coolheaded","Tempest+1"],"picked":"Leap+1","floor":54.0}],"player_experience":176433,"relics_obtained":[{"floor":6.0,"key":"Bag of Preparation"},{"floor":11.0,"key":"Meat on the Bone"},{"floor":13.0,"key":"Art of War"},{"floor":26.0,"key":"Nunchaku"},{"floor":31.0,"key":"Omamori"},{"floor":38.0,"key":"FossilizedHelix"},{"floor":40.0,"key":"Sundial"},{"floor":40.0,"key":"Blood Vial"},{"floor":42.0,"key":"Potion Belt"},{"floor":42.0,"key":"CeramicFish"},{"floor":43.0,"key":"MawBank"},{"floor":45.0,"key":"Juzu Bracelet"},{"floor":45.0,"key":"Thread and Needle"},{"floor":47.0,"key":"Pocketwatch"},{"floor":47.0,"key":"Boot"},{"floor":54.0,"key":"Blue Candle"},{"floor":54.0,"key":"Oddly Smooth Stone"}],"event_choices":[{"damage_healed":0.0,"max_hp_gain":0.0,"max_hp_loss":0.0,"gold_gain":75.0,"event_name":"World of Goop","player_choice":"Gather Gold","floor":2.0,"gold_loss":0.0,"damage_taken":11.0},{"cards_removed":["Strike_B"],"damage_healed":0.0,"max_hp_gain":0.0,"max_hp_loss":0.0,"gold_gain":0.0,"event_name":"Bonfire Elementals","player_choice":"Offered Basic","floor":3.0,"gold_loss":0.0,"damage_taken":0.0},{"damage_healed":0.0,"max_hp_gain":0.0,"max_hp_loss":0.0,"gold_gain":0.0,"cards_transformed":["Sweeping Beam","Strike_B"],"event_name":"Drug Dealer","player_choice":"Became Test Subject","floor":22.0,"gold_loss":0.0,"damage_taken":0.0,"cards_obtained":["Ball Lightning","Rebound"]},{"damage_healed":0.0,"max_hp_gain":0.0,"max_hp_loss":0.0,"gold_gain":99.0,"event_name":"Nest","player_choice":"Stole From Cult","floor":24.0,"gold_loss":0.0,"damage_taken":0.0},{"damage_healed":0.0,"max_hp_gain":0.0,"max_hp_loss":0.0,"gold_gain":0.0,"event_name":"MindBloom","player_choice":"Fight","floor":38.0,"gold_loss":0.0,"damage_taken":0.0}],"is_beta":false,"boss_relics":[{"not_picked":["Velvet Choker","Fusion Hammer"],"picked":"Philosopher\u0027s Stone"},{"not_picked":["Tiny House","Runic Pyramid"],"picked":"Black Star"}],"items_purged_floors":[19,53],"is_endless":false,"potions_floor_spawned":[5,6,10,16,27,28,31,33,38,39,42,44,47,48],"ascension_level":1}}