{"host":"usrgk25etjl0nf5i","time":1608347700,"event":{"mods":["2.2 Compatiblity","BaseMod","Downfall","Hubris","Minty Spire (QoL Compilation)","StSLib","SuperFastMode"],"gold_per_floor":[99,116,149,169,186,199,199,214,214,214],"floor_reached":9,"playtime":408,"items_purged":[],"score":78,"play_id":"2c76d8b2-d042-4105-aeb1-efed12599061","local_time":"20201218191500","is_ascension_mode":true,"campfire_choices":[{"floor":1,"key":"RECALL"}],"circlet_count":0,"master_deck":["sneckomod:Strike","sneckomod:Strike","sneckomod:Strike","sneckomod:Defend","sneckomod:Defend","sneckomod:Defend","sneckomod:TailWhip","sneckomod:SnekBite","sneckomod:Unknown","sneckomod:Unknown","hubris:EnhanceAbility","sneckomod:UnknownVulnerable","sneckomod:Unknown3Cost","sneckomod:UnknownDexterity","sneckomod:WideSting","sneckomod:QuickMove","sneckomod:UnknownUncommonPower"],"relics":["sneckomod:SneckoSoul","Peace Pipe","The Courier"],"acts_visited":["Exordium"],"potions_floor_usage":[6,9],"damage_taken":[{"damage":0,"enemies":"Cultist","floor":2,"turns":4},{"damage":26,"enemies":"Lagavulin","floor":3,"turns":5},{"damage":0,"enemies":"Small Slimes","floor":4,"turns":2},{"damage":0,"enemies":"2 Louse","floor":5,"turns":4},{"damage":1,"enemies":"Blue Slaver","floor":6,"turns":3},{"damage":6,"enemies":"Exordium Wildlife","floor":8,"turns":2},{"damage":61,"enemies":"Gremlin Nob","floor":9,"turns":6}],"seed_played":"-6087801579552862799","potions_obtained":[{"floor":3,"key":"hexamod:EctoCoolerPotion"},{"floor":8,"key":"DistilledChaos"}],"is_trial":false,"path_per_floor":["R","M","E","M","M","M","T","M","E"],"character_chosen":"THE_SNECKO","items_purchased":[],"campfire_rested":0,"item_purchase_floors":[],"current_hp_per_floor":[63,64,39,40,40,39,39,34,0,0],"gold":214,"neow_bonus":"RANDOM_COLORLESS_2","is_daily":false,"chose_seed":false,"campfire_upgraded":0,"win_rate":0.0,"timestamp":1608347700,"path_taken":["R","M","E","M","?","M","T","M","E"],"items_purchased_type":[],"build_version":"2020-12-13","purchased_purges":0,"victory":false,"max_hp_per_floor":[90,91,92,93,93,93,93,94,94,94],"card_choices":[{"not_picked":["Master of Strategy","The Bomb"],"picked":"hubris:EnhanceAbility","floor":0},{"not_picked":["sneckomod:SoulDraw","sneckomod:DiceBlock"],"picked":"sneckomod:UnknownVulnerable","floor":2},{"not_picked":["sneckomod:WideSting","sneckomod:UnknownX"],"picked":"sneckomod:Unknown3Cost","floor":3},{"not_picked":["sneckomod:MasterEye","sneckomod:Unknown1Cost"],"picked":"sneckomod:UnknownDexterity","floor":4},{"not_picked":["sneckomod:UnknownClassRED","sneckomod:UnknownBlock"],"picked":"sneckomod:WideSting","floor":5},{"not_picked":["sneckomod:UnknownClassGUARDIAN","sneckomod:DiceCrush"],"picked":"sneckomod:QuickMove","floor":6},{"not_picked":["sneckomod:UnknownVulnerable","sneckomod:SoulRoll"],"picked":"sneckomod:UnknownUncommonPower","floor":8}],"player_experience":592284,"relics_obtained":[{"floor":3,"key":"Peace Pipe"},{"floor":7,"key":"The Courier"}],"event_choices":[],"is_beta":false,"boss_relics":[],"items_purged_floors":[],"is_endless":false,"potions_floor_spawned":[3,8],"killed_by":"Gremlin Nob","ascension_level":4}}