{"host":"csp9nt53rootlkah","time":1608374660,"event":{"mods":["Act Like it!","BaseMod","Colored Powertips","Friendly Minions","Gensokyo","Highlight Path","KomeijiMod","Minty Spire (QoL Compilation)","Quick Restart","Replay The Spire","StSLib","TestMod","The Factory","The Jungle","UnlockEverythingMod"],"gold_per_floor":[171,33,44,44,56,56,73,73,73,73,147,179,179],"floor_reached":12,"playtime":612,"items_purged":[],"score":78,"play_id":"ecc95911-196f-4636-81c1-73dc659cd202","local_time":"20201219184420","is_ascension_mode":false,"campfire_choices":[{"data":"MiserableFate_Remiria","floor":6,"key":"SMITH"},{"data":"Absorbed","floor":8,"key":"SMITH"},{"data":"ChainGang","floor":10,"key":"SMITH"}],"circlet_count":0,"master_deck":["Strike_Remiria","Strike_Remiria","Strike_Remiria","Strike_Remiria","Defend_Remirira","Defend_Remirira","Defend_Remirira","Defend_Remirira","Absorbed+1","Scratch","ChainGang+1","MiserableFate_Remiria+1","LifeBreak","StigmaNizer"],"relics":["ThirstyCrossSpe","testmod-TestBox","testmod-Charity","NeowsBlessing","Pantograph","Vajra"],"acts_visited":["Exordium"],"potions_floor_usage":[],"damage_taken":[{"damage":0,"enemies":"Cultist","floor":1,"turns":1},{"damage":0,"enemies":"2 Louse","floor":3,"turns":1},{"damage":0,"enemies":"Small Slimes","floor":5,"turns":1},{"damage":13,"enemies":"Red Slaver","floor":7,"turns":3},{"damage":40,"enemies":"3 Sentries","floor":12,"turns":8}],"seed_played":"-2625197447495301701","potions_obtained":[{"floor":3,"key":"PowerPotion"},{"floor":5,"key":"SteroidPotion"},{"floor":7,"key":"Fire Potion"}],"is_trial":false,"path_per_floor":["M","$","M","$","M","R","M","R","T","R","?","E"],"character_chosen":"RemiriaScarlet","items_purchased":["MiserableFate_Remiria"],"campfire_rested":0,"item_purchase_floors":[2],"current_hp_per_floor":[101,101,102,102,103,103,91,91,91,91,81,42,42],"gold":179,"neow_bonus":"THREE_ENEMY_KILL","is_daily":false,"chose_seed":false,"campfire_upgraded":3,"win_rate":0.0,"timestamp":1608374660,"path_taken":["M","?","M","$","M","R","M","R","T","R","?","E"],"items_purchased_type":["Card"],"build_version":"2020-12-13","purchased_purges":0,"victory":false,"max_hp_per_floor":[101,101,102,102,103,103,104,104,104,104,105,106,106],"card_choices":[{"not_picked":["Feint","FastHealing"],"picked":"ChainGang","floor":1},{"not_picked":["SealingFear","Cripple"],"picked":"LifeBreak","floor":3},{"not_picked":["Tearing","BloodCollect"],"picked":"StigmaNizer","floor":5},{"not_picked":["Tepes","Paradox","TricksterDevil"],"picked":"SKIP","floor":7}],"player_experience":117103,"relics_obtained":[{"floor":9,"key":"Pantograph"},{"floor":12,"key":"Vajra"}],"event_choices":[{"damage_healed":0,"gold_gain":75,"player_choice":"Gather Gold","damage_taken":11,"max_hp_gain":0,"max_hp_loss":0,"event_name":"World of Goop","floor":11,"gold_loss":0}],"is_beta":false,"boss_relics":[],"items_purged_floors":[],"is_endless":false,"potions_floor_spawned":[3,5,7],"killed_by":"3 Sentries","ascension_level":0}}