{"host":"vumwfieg2b2mnrfl","time":1608352118,"event":{"mods":["AchievementEnabler","BaseMod","Minty Spire (QoL Compilation)","Rare Cards Sparkle","Relic Stats"],"gold_per_floor":[113,124,84,102,102,131,151,151,151,185,185,185,185,226,226,346,346,370,386,301,123,147,147,147],"floor_reached":23,"playtime":663,"items_purged":[],"score":282,"play_id":"68f4c7a0-defb-4811-b5ac-2ec737153453","local_time":"20201218222838","is_ascension_mode":true,"campfire_choices":[{"floor":15,"key":"REST"}],"circlet_count":0,"master_deck":["Strike_R","Strike_R","Strike_R","Defend_R","Defend_R","Defend_R","Bash","Flex","Pommel Strike","Feel No Pain","Metallicize","Ghostly Armor","Bloodletting","Double Tap+1","Parasite","Injury","Shrug It Off+1","Juggernaut","Wild Strike+1","Immolate+1","Bloodletting+1","Dual Wield+1","Sentinel+1","True Grit+1","Reaper","Flame Barrier+1"],"relics":["Philosopher\u0027s Stone","Vajra","Charon\u0027s Ashes","Toxic Egg 2","Girya","Golden Idol","Potion Belt","Astrolabe","Peace Pipe"],"acts_visited":["Exordium","TheCity"],"potions_floor_usage":[10,16,16],"damage_taken":[{"damage":3,"enemies":"Jaw Worm","floor":1,"turns":3},{"damage":0,"enemies":"2 Louse","floor":2,"turns":2},{"damage":1,"enemies":"Small Slimes","floor":4,"turns":3},{"damage":22,"enemies":"Lagavulin","floor":6,"turns":5},{"damage":9,"enemies":"Exordium Wildlife","floor":7,"turns":4},{"damage":17,"enemies":"Gremlin Nob","floor":10,"turns":3},{"damage":17,"enemies":"3 Sentries","floor":14,"turns":7},{"damage":26,"enemies":"Slime Boss","floor":16,"turns":10},{"damage":7,"enemies":"Chosen","floor":18,"turns":2},{"damage":15,"enemies":"Spheric Guardian","floor":19,"turns":5},{"damage":40,"enemies":"Snake Plant","floor":22,"turns":6},{"damage":20,"enemies":"3 Cultists","floor":23,"turns":3}],"seed_played":"7799456580354167562","potions_obtained":[{"floor":1,"key":"Dexterity Potion"},{"floor":2,"key":"Fire Potion"},{"floor":4,"key":"ColorlessPotion"},{"floor":14,"key":"Regen Potion"},{"floor":18,"key":"SpeedPotion"}],"is_trial":false,"path_per_floor":["M","M","$","M","?","E","M","?","T","E","?","?","?","E","R","B",null,"M","M","?","$","M","M"],"character_chosen":"IRONCLAD","items_purchased":["Feel No Pain","True Grit+1","Reaper"],"campfire_rested":1,"item_purchase_floors":[3,21,21],"current_hp_per_floor":[69,69,69,68,68,46,37,30,30,13,33,33,33,16,40,29,67,60,45,45,45,15,0,0],"gold":147,"neow_bonus":"BOSS_RELIC","is_daily":false,"chose_seed":false,"campfire_upgraded":0,"win_rate":0.0,"timestamp":1608352118,"path_taken":["M","M","$","M","?","E","M","?","T","E","?","?","?","E","R","BOSS","M","M","?","$","M","M"],"items_purchased_type":["Card","Card","Card"],"build_version":"2020-12-13","purchased_purges":0,"victory":false,"max_hp_per_floor":[80,80,80,80,80,80,80,80,80,80,80,80,80,80,80,80,80,80,80,80,80,80,80,80],"relic_stats":{"Peace Pipe":0,"counters":[12,53],"Golden Idol":45,"Astrolabe":["Wild Strike","Immolate","Bloodletting"],"Charon\u0027s Ashes":[52],"obtain_stats":[{"Potion Belt":14,"Peace Pipe":20,"Girya":10,"Golden Idol":12,"Astrolabe":17,"Vajra":5,"Philosopher\u0027s Stone":0,"Charon\u0027s Ashes":6,"Toxic Egg 2":9,"Burning Blood":0},{"Potion Belt":7,"Peace Pipe":10,"Girya":6,"Golden Idol":6,"Astrolabe":8,"Vajra":3,"Philosopher\u0027s Stone":0,"Charon\u0027s Ashes":4,"Toxic Egg 2":5,"Burning Blood":0},{"Potion Belt":27,"Peace Pipe":44,"Girya":20,"Golden Idol":20,"Astrolabe":37,"Vajra":8,"Philosopher\u0027s Stone":0,"Charon\u0027s Ashes":13,"Toxic Egg 2":17,"Burning Blood":0}]},"card_choices":[{"not_picked":["Rupture","Dark Embrace"],"picked":"Flex","floor":1},{"not_picked":["Thunderclap","Inflame"],"picked":"Pommel Strike","floor":2},{"not_picked":["Clash","Armaments"],"picked":"Metallicize","floor":4},{"not_picked":["Brutality","Anger"],"picked":"Ghostly Armor","floor":6},{"not_picked":["Perfected Strike","Power Through"],"picked":"Bloodletting","floor":7},{"not_picked":["Burning Pact+1","Headbutt"],"picked":"Double Tap+1","floor":10},{"not_picked":["Blood for Blood","Anger"],"picked":"Shrug It Off+1","floor":14},{"not_picked":["Immolate","Feed"],"picked":"Juggernaut","floor":16},{"not_picked":["Twin Strike","Body Slam"],"picked":"Dual Wield+1","floor":18},{"not_picked":["Dark Embrace","Flex+1"],"picked":"Sentinel+1","floor":19},{"not_picked":["Thunderclap","Flex+1"],"picked":"Flame Barrier+1","floor":22}],"player_experience":253784,"relics_obtained":[{"floor":6,"key":"Charon\u0027s Ashes"},{"floor":9,"key":"Toxic Egg 2"},{"floor":10,"key":"Girya"},{"floor":14,"key":"Potion Belt"}],"event_choices":[{"damage_healed":0,"gold_gain":0,"player_choice":"Box","damage_taken":0,"relics_obtained":["Vajra"],"max_hp_gain":0,"max_hp_loss":0,"event_name":"Big Fish","floor":5,"gold_loss":0,"cards_obtained":["Regret"]},{"cards_removed":["Regret"],"damage_healed":0,"gold_gain":0,"player_choice":"Card Removal","damage_taken":7,"max_hp_gain":0,"max_hp_loss":0,"event_name":"Golden Wing","floor":8,"gold_loss":0},{"damage_healed":20,"gold_gain":0,"player_choice":"Healed and dodged fight","damage_taken":0,"max_hp_gain":0,"max_hp_loss":0,"event_name":"Mushrooms","floor":11,"gold_loss":0,"cards_obtained":["Parasite"]},{"damage_healed":0,"gold_gain":0,"player_choice":"Take Wound","damage_taken":0,"relics_obtained":["Golden Idol"],"max_hp_gain":0,"max_hp_loss":0,"event_name":"Golden Idol","floor":12,"gold_loss":0,"cards_obtained":["Injury"]},{"damage_healed":0,"gold_gain":0,"player_choice":"Ignored","damage_taken":0,"max_hp_gain":0,"max_hp_loss":0,"event_name":"Shining Light","floor":13,"gold_loss":0},{"damage_healed":0,"gold_gain":0,"player_choice":"Obtained Relic","damage_taken":0,"relics_obtained":["Peace Pipe"],"max_hp_gain":0,"max_hp_loss":0,"event_name":"Addict","floor":20,"gold_loss":85}],"is_beta":false,"boss_relics":[{"not_picked":["Velvet Choker","Busted Crown"],"picked":"Astrolabe"}],"items_purged_floors":[],"is_endless":false,"potions_floor_spawned":[1,2,4,14,18],"killed_by":"3 Cultists","ascension_level":7}}