{"host":"n23juj4d9qam5hh1","time":1608372105,"event":{"mods":["BaseMod","Better Note","BetterRewards","Infinite Spire","Minty Spire (QoL Compilation)","Relic Stats","StSLib"],"gold_per_floor":[118,128,23,41,53,53,63,88,111,111,111,130,130,148,148,248,248,262,262,277,297,315,315,333,333,333],"floor_reached":25,"playtime":952,"items_purged":[],"score":240,"play_id":"e87100b9-1a2d-486d-8204-423138606499","local_time":"20201219050145","is_ascension_mode":true,"campfire_choices":[{"data":"Dualcast","floor":6,"key":"SMITH"},{"floor":13,"key":"REST"},{"data":"Storm","floor":15,"key":"SMITH"},{"floor":23,"key":"REST"}],"circlet_count":0,"master_deck":["Strike_B","Strike_B","Strike_B","Strike_B","Defend_B","Defend_B","Defend_B","Defend_B","Zap","Dualcast+1","Biased Cognition","Sweeping Beam","Self Repair","BootSequence","Melter","Streamline","Storm+1","Steam","Biased Cognition","Doom and Gloom","Redo+1","Sunder+1","Coolheaded"],"relics":["Cracked Core","NeowsBlessing","PreservedInsect","infinitespire:Lucky Rock","Philosopher\u0027s Stone"],"acts_visited":["Exordium","TheCity"],"potions_floor_usage":[20],"damage_taken":[{"damage":0,"enemies":"2 Louse","floor":1,"turns":1},{"damage":0,"enemies":"Jaw Worm","floor":2,"turns":1},{"damage":0,"enemies":"Cultist","floor":4,"turns":1},{"damage":0,"enemies":"2 Fungi Beasts","floor":5,"turns":3},{"damage":7,"enemies":"Lots of Slimes","floor":7,"turns":3},{"damage":32,"enemies":"Lagavulin","floor":8,"turns":6},{"damage":9,"enemies":"Exordium Thugs","floor":12,"turns":4},{"damage":0,"enemies":"Red Slaver","floor":14,"turns":3},{"damage":47,"enemies":"Slime Boss","floor":16,"turns":10},{"damage":17,"enemies":"Shell Parasite","floor":18,"turns":5},{"damage":0,"enemies":"Spheric Guardian","floor":20,"turns":2},{"damage":42,"enemies":"Shelled Parasite and Fungi","floor":21,"turns":4},{"damage":23,"enemies":"Snake Plant","floor":22,"turns":3},{"damage":23,"enemies":"Centurion and Healer","floor":24,"turns":3},{"damage":60,"enemies":"Slavers","floor":25,"turns":3}],"seed_played":"-4186190608634976678","potions_obtained":[{"floor":2,"key":"Dexterity Potion"},{"floor":7,"key":"FearPotion"},{"floor":8,"key":"Swift Potion"},{"floor":14,"key":"PotionOfCapacity"},{"floor":19,"key":"FairyPotion"},{"floor":21,"key":"GamblersBrew"}],"is_trial":false,"path_per_floor":["M","M","$","M","M","R","M","E","T","?","$","M","R","M","R","B",null,"M","?","M","M","M","R","M","E"],"character_chosen":"DEFECT","items_purchased":["Sweeping Beam","Self Repair"],"campfire_rested":2,"item_purchase_floors":[3,3],"current_hp_per_floor":[75,75,75,75,75,75,75,50,50,50,50,48,70,75,75,35,75,65,65,65,30,14,36,20,0,0],"gold":333,"neow_bonus":"THREE_ENEMY_KILL","is_daily":false,"chose_seed":false,"campfire_upgraded":2,"win_rate":0.0,"timestamp":1608372105,"path_taken":["M","M","$","M","M","R","M","E","T","?","?","?","R","M","R","BOSS","M","?","?","M","M","R","M","E"],"items_purchased_type":["Card","Card"],"build_version":"2020-12-13","purchased_purges":0,"victory":false,"max_hp_per_floor":[75,75,75,75,75,75,75,75,75,75,75,75,75,75,75,75,75,75,75,75,75,75,75,75,75,75],"relic_stats":{"counters":[15,52],"PreservedInsect":40,"obtain_stats":[{"NeowsBlessing":0,"Philosopher\u0027s Stone":17,"PreservedInsect":8,"infinitespire:Lucky Rock":9,"Cracked Core":0},{"NeowsBlessing":0,"Philosopher\u0027s Stone":9,"PreservedInsect":6,"infinitespire:Lucky Rock":6,"Cracked Core":0},{"NeowsBlessing":0,"Philosopher\u0027s Stone":32,"PreservedInsect":15,"infinitespire:Lucky Rock":15,"Cracked Core":0}]},"card_choices":[{"not_picked":["Gash","Lockon","Reinforced Body"],"picked":"SKIP","floor":1},{"not_picked":["Beam Cell","Coolheaded"],"picked":"Biased Cognition","floor":2},{"not_picked":["Gash","Conserve Battery"],"picked":"BootSequence","floor":4},{"not_picked":["Streamline","Steam Power"],"picked":"Melter","floor":5},{"not_picked":["Amplify","Gash"],"picked":"Streamline","floor":7},{"not_picked":["Go for the Eyes","Reprogram"],"picked":"Storm","floor":8},{"not_picked":["Hello World","Turbo","Stack"],"picked":"SKIP","floor":12},{"not_picked":["Hello World","Rebound"],"picked":"Steam","floor":14},{"not_picked":["Creative AI","Machine Learning"],"picked":"Biased Cognition","floor":16},{"not_picked":["Sweeping Beam+1","Rebound","Compile Driver+1"],"picked":"SKIP","floor":18},{"not_picked":["Turbo","Ball Lightning"],"picked":"Doom and Gloom","floor":20},{"not_picked":["Hologram","Loop"],"picked":"Redo+1","floor":21},{"not_picked":["Self Repair","Streamline"],"picked":"Sunder+1","floor":22},{"not_picked":["Beam Cell+1","Rebound"],"picked":"Coolheaded","floor":24}],"player_experience":179454,"relics_obtained":[{"floor":8,"key":"PreservedInsect"},{"floor":9,"key":"infinitespire:Lucky Rock"}],"event_choices":[{"damage_healed":0,"gold_gain":0,"player_choice":"Got Potions","damage_taken":0,"max_hp_gain":0,"max_hp_loss":0,"event_name":"Lab","floor":19,"gold_loss":0}],"is_beta":false,"boss_relics":[{"not_picked":["Coffee Dripper","Runic Dome"],"picked":"Philosopher\u0027s Stone"}],"items_purged_floors":[],"is_endless":false,"potions_floor_spawned":[2,7,8,12,14,16,21,22,24],"killed_by":"Slavers","ascension_level":3}}