{"host":"61r95uy0hn86b9iu","time":1608357161,"event":{"mods":["AchievementEnabler","BaseMod","Better Vampires","BetterRewards","Colored Powertips","Hubris","Minty Spire (QoL Compilation)","Shop Mod","StSLib"],"gold_per_floor":[110,122,122,122,39,39,70,90,90,365,382,382,382,382],"floor_reached":13,"playtime":409,"items_purged":[],"score":158,"play_id":"5556effc-bb1b-4e29-ac32-6bf16b26400b","local_time":"20201218235241","is_ascension_mode":true,"campfire_choices":[{"floor":6.0,"key":"REST"},{"floor":12.0,"key":"REST"}],"circlet_count":0,"master_deck":["AscendersBane","Strike_G","Strike_G","Strike_G","Strike_G","Strike_G","Defend_G","Defend_G","Defend_G","Defend_G","Defend_G","Survivor","Neutralize","Deflect","Bane+1","Corpse Explosion","Deflect","Outmaneuver","Regret","Dodge and Roll"],"relics":["Ring of the Snake","hubris:OldNail","Darkstone Periapt"],"acts_visited":["Exordium"],"potions_floor_usage":[],"damage_taken":[{"damage":18.0,"enemies":"Jaw Worm","floor":1.0,"turns":7.0},{"damage":6.0,"enemies":"2 Louse","floor":2.0,"turns":5.0},{"damage":47.0,"enemies":"3 Sentries","floor":7.0,"turns":10.0},{"damage":0.0,"enemies":"Cultist","floor":8.0,"turns":3.0},{"damage":12.0,"enemies":"Exordium Wildlife","floor":11.0,"turns":5.0},{"damage":47,"enemies":"Gremlin Nob","floor":13,"turns":4}],"seed_played":"4469097559837302513","potions_obtained":[{"floor":1.0,"key":"EssenceOfSteel"},{"floor":7.0,"key":"Energy Potion"}],"is_trial":false,"path_per_floor":["M","M","?","?","$","R","E","M","T","?","M","R","E"],"character_chosen":"THE_SILENT","items_purchased":["Corpse Explosion"],"campfire_rested":2,"item_purchase_floors":[5],"current_hp_per_floor":[53,47,47,47,47,70,23,23,23,29,17,42,0,0],"gold":382,"neow_bonus":"TWENTY_PERCENT_HP_BONUS","is_daily":false,"chose_seed":false,"campfire_upgraded":0,"win_rate":0.0,"timestamp":1608357161,"path_taken":["M","M","?","?","$","R","E","M","T","?","M","R","E"],"items_purchased_type":["Card"],"build_version":"2020-12-13","purchased_purges":0,"victory":false,"max_hp_per_floor":[78,78,78,78,78,78,78,78,78,84,84,84,84,84],"card_choices":[{"not_picked":["Prepared","Dodge and Roll"],"picked":"Deflect","floor":1.0},{"not_picked":["Slice","All Out Attack"],"picked":"Bane","floor":2.0},{"not_picked":["Accuracy","Concentrate"],"picked":"Deflect","floor":7.0},{"not_picked":["Flying Knee","Endless Agony"],"picked":"Outmaneuver","floor":8.0},{"not_picked":["Distraction","Tactician"],"picked":"Dodge and Roll","floor":11.0}],"player_experience":3170272,"relics_obtained":[{"floor":7.0,"key":"hubris:OldNail"},{"floor":9.0,"key":"Darkstone Periapt"}],"event_choices":[{"cards_removed":["Normality"],"damage_healed":0.0,"max_hp_gain":0.0,"max_hp_loss":0.0,"gold_gain":0.0,"event_name":"Living Wall","player_choice":"Forget","floor":3.0,"gold_loss":0.0,"damage_taken":0.0},{"damage_healed":0.0,"max_hp_gain":0.0,"max_hp_loss":0.0,"gold_gain":275.0,"event_name":"Golden Shrine","player_choice":"Desecrate","floor":10.0,"gold_loss":0.0,"damage_taken":0.0,"cards_obtained":["Regret"]}],"is_beta":false,"boss_relics":[],"items_purged_floors":[],"is_endless":false,"potions_floor_spawned":[1,7],"killed_by":"Gremlin Nob","ascension_level":18}}