{"host":"Ian","time":1608384487,"event":{"mods":["BaseMod","Bestiary","Block Reminder","Colored Map","Highlight Path","Key Reminder","Minty Spire (QoL Compilation)","Relic Stats"],"gold_per_floor":[112,131,144,144,155,155,27,56,133,159,31,31,66,85,85,156,156,174,190,208,227,62,62,75,75,100,128,147,72,72,106,106,179,179,197,213,213,224,56,56,87,87,164,178,188,200,231,242,242,242,242,242,242,69,95,95,95],"floor_reached":56,"playtime":6175,"items_purged":["Strike_R"],"score":1942,"play_id":"b6ee7d7b-a97d-4ef4-9daa-2d5e1de9fa77","local_time":"20201219132807","is_ascension_mode":true,"campfire_choices":[{"floor":6.0,"key":"REST"},{"floor":12.0,"key":"REST"},{"floor":15.0,"key":"REST"},{"floor":23.0,"key":"REST"},{"floor":30.0,"key":"REST"},{"floor":32.0,"key":"RECALL"},{"floor":40.0,"key":"REST"},{"floor":42.0,"key":"REST"},{"floor":49,"key":"REST"},{"floor":53,"key":"REST"}],"circlet_count":0,"master_deck":["AscendersBane","Strike_R","Strike_R+1","Defend_R","Defend_R","Defend_R","Defend_R","Bash","Disarm","Armaments+1","Cleave","Shrug It Off","Iron Wave+1","Reaper","Carnage","Armaments","Clothesline","Feed","Thunderclap+1","Infernal Blade+1","Whirlwind","Inflame+1","Spot Weakness","Double Tap","Dual Wield","Burning Pact+1","Shrug It Off+1","Parasite","Heavy Blade","Shockwave","True Grit+1"],"relics":["Fusion Hammer","StoneCalendar","Whetstone","White Beast Statue","Art of War","Ancient Tea Set","Runic Pyramid","Sling","Strawberry","Orichalcum","InkBottle","SlaversCollar","Happy Flower","Dead Branch","TungstenRod","Anchor","CaptainsWheel"],"acts_visited":["Exordium","TheCity","TheBeyond","TheEnding"],"potions_floor_usage":[55,55,55,56],"damage_taken":[{"damage":1.0,"enemies":"Cultist","floor":1.0,"turns":3.0},{"damage":1.0,"enemies":"Small Slimes","floor":2.0,"turns":3.0},{"damage":12.0,"enemies":"Jaw Worm","floor":3.0,"turns":3.0},{"damage":2.0,"enemies":"2 Fungi Beasts","floor":5.0,"turns":4.0},{"damage":23.0,"enemies":"Gremlin Nob","floor":8.0,"turns":4.0},{"damage":8.0,"enemies":"Lagavulin","floor":10.0,"turns":7.0},{"damage":1.0,"enemies":"Gremlin Nob","floor":13.0,"turns":3.0},{"damage":2.0,"enemies":"Red Slaver","floor":14.0,"turns":2.0},{"damage":10.0,"enemies":"The Guardian","floor":16.0,"turns":8.0},{"damage":2.0,"enemies":"Chosen","floor":18.0,"turns":5.0},{"damage":11.0,"enemies":"Shell Parasite","floor":19.0,"turns":7.0},{"damage":38.0,"enemies":"3 Cultists","floor":20.0,"turns":5.0},{"damage":6.0,"enemies":"Chosen and Byrds","floor":21.0,"turns":7.0},{"damage":9.0,"enemies":"Cultist and Chosen","floor":24.0,"turns":7.0},{"damage":20.0,"enemies":"Book of Stabbing","floor":27.0,"turns":5.0},{"damage":2.0,"enemies":"3 Cultists","floor":28.0,"turns":4.0},{"damage":23.0,"enemies":"Gremlin Leader","floor":31.0,"turns":5.0},{"damage":51.0,"enemies":"Champ","floor":33.0,"turns":16.0},{"damage":21.0,"enemies":"Orb Walker","floor":35.0,"turns":4.0},{"damage":27.0,"enemies":"3 Shapes","floor":36.0,"turns":5.0},{"damage":5.0,"enemies":"Maw","floor":38.0,"turns":8.0},{"damage":104.0,"enemies":"Giant Head","floor":41.0,"turns":8.0},{"damage":41.0,"enemies":"Jaw Worm Horde","floor":44.0,"turns":4.0},{"damage":4.0,"enemies":"Writhing Mass","floor":45.0,"turns":4.0},{"damage":73.0,"enemies":"3 Darklings","floor":46.0,"turns":6.0},{"damage":23,"enemies":"Reptomancer","floor":47,"turns":5},{"damage":36,"enemies":"Maw","floor":48,"turns":9},{"damage":56,"enemies":"Donu and Deca","floor":50,"turns":8},{"damage":125,"enemies":"Time Eater","floor":51,"turns":14},{"damage":56,"enemies":"Shield and Spear","floor":55,"turns":6},{"damage":171,"enemies":"The Heart","floor":56,"turns":8}],"seed_played":"363234990395849683","potions_obtained":[{"floor":5.0,"key":"LiquidBronze"},{"floor":10.0,"key":"PowerPotion"},{"floor":13.0,"key":"BloodPotion"},{"floor":20.0,"key":"PowerPotion"},{"floor":21.0,"key":"HeartOfIron"},{"floor":27.0,"key":"Energy Potion"},{"floor":28.0,"key":"BlessingOfTheForge"},{"floor":31.0,"key":"Weak Potion"},{"floor":35.0,"key":"EntropicBrew"},{"floor":36.0,"key":"PowerPotion"},{"floor":55,"key":"BlessingOfTheForge"}],"is_trial":false,"path_per_floor":["M","M","M","?","M","R","$","E","T","E","$","R","E","M","R","B",null,"M","M","M","M","$","R","M","?","T","E","M","?","R","E","R","B",null,"M","M","?","M","$","R","E","R","T","M","M","M","E","M","R","B","B",null,"R","$","E","B"],"character_chosen":"IRONCLAD","items_purchased":["Shrug It Off","Carnage","Armaments","Sling","Happy Flower","Anchor"],"campfire_rested":9,"item_purchase_floors":[7,11,11,22,39,54],"current_hp_per_floor":[67,66,54,43,41,63,63,40,40,32,32,54,53,51,73,63,72,77,70,48,49,49,76,73,73,80,73,74,74,106,101,101,72,99,97,104,104,115,115,120,120,120,120,120,119,96,102,85,122,101,125,128,129,129,133,0,0],"gold":95,"neow_bonus":"BOSS_RELIC","is_daily":false,"chose_seed":false,"campfire_upgraded":0,"win_rate":0.0,"timestamp":1608384487,"path_taken":["M","M","M","?","M","R","$","E","T","E","$","R","E","M","R","BOSS","M","M","M","M","$","R","M","?","T","E","M","?","R","E","R","BOSS","M","M","?","?","$","R","E","R","T","M","M","M","E","M","R","BOSS","BOSS","R","$","E","BOSS"],"items_purchased_type":["Card","Card","Card","Relic","Relic","Relic"],"build_version":"2020-12-18","purchased_purges":1,"victory":false,"max_hp_per_floor":[75,75,75,75,75,75,75,75,75,75,75,75,75,75,75,75,75,79,83,87,91,91,91,94,94,101,105,108,108,108,108,108,108,108,112,116,116,120,120,120,120,120,120,120,123,123,123,126,126,126,129,129,129,129,133,133,133],"relic_stats":{"Happy Flower":[24],"counters":[31,187],"Dead Branch":[70],"StoneCalendar":[467],"Art of War":[12],"Whetstone":["Iron Wave","Strike_R"],"Orichalcum":[150],"obtain_stats":[{"Happy Flower":39,"Dead Branch":41,"StoneCalendar":4,"Whetstone":8,"Orichalcum":27,"Ancient Tea Set":13,"Sling":22,"Burning Blood":0,"White Beast Statue":9,"keyreminder:keyreminder":32,"SlaversCollar":34,"Anchor":54,"CaptainsWheel":55,"Strawberry":26,"Fusion Hammer":0,"Art of War":10,"InkBottle":31,"TungstenRod":47,"Runic Pyramid":17},{"Happy Flower":21,"Dead Branch":22,"StoneCalendar":3,"Whetstone":5,"Orichalcum":15,"Ancient Tea Set":7,"Sling":13,"Burning Blood":0,"White Beast Statue":5,"keyreminder:keyreminder":17,"SlaversCollar":18,"Anchor":29,"CaptainsWheel":30,"Strawberry":14,"Fusion Hammer":0,"Art of War":6,"InkBottle":17,"TungstenRod":26,"Runic Pyramid":9},{"Happy Flower":115,"Dead Branch":123,"StoneCalendar":9,"Whetstone":17,"Orichalcum":73,"Ancient Tea Set":27,"Sling":61,"Burning Blood":0,"White Beast Statue":17,"keyreminder:keyreminder":82,"SlaversCollar":98,"Anchor":173,"CaptainsWheel":179,"Strawberry":68,"Fusion Hammer":0,"Art of War":24,"InkBottle":82,"TungstenRod":142,"Runic Pyramid":37}],"InkBottle":[37],"TungstenRod":86},"card_choices":[{"not_picked":["Sword Boomerang","Body Slam","Heavy Blade"],"picked":"SKIP","floor":1.0},{"not_picked":["Shrug It Off","Havoc"],"picked":"Disarm","floor":2.0},{"not_picked":["Cleave","Fire Breathing"],"picked":"Armaments","floor":3.0},{"not_picked":["Hemokinesis","Wild Strike"],"picked":"Cleave","floor":5.0},{"not_picked":["Sword Boomerang","Twin Strike"],"picked":"Iron Wave","floor":8.0},{"not_picked":["Clash","Flex"],"picked":"Reaper","floor":10.0},{"not_picked":["Warcry","Disarm"],"picked":"Clothesline","floor":13.0},{"not_picked":["Clothesline","Iron Wave","Havoc"],"picked":"SKIP","floor":14.0},{"not_picked":["Fiend Fire","Exhume"],"picked":"Feed","floor":16.0},{"not_picked":["Evolve","Bloodletting"],"picked":"Thunderclap+1","floor":18.0},{"not_picked":["Armaments","Clash","Heavy Blade"],"picked":"SKIP","floor":19.0},{"not_picked":["Sever Soul","Pummel"],"picked":"Infernal Blade+1","floor":20.0},{"not_picked":["Shrug It Off","Shockwave","Warcry"],"picked":"SKIP","floor":21.0},{"not_picked":["Thunderclap","Evolve"],"picked":"Whirlwind","floor":24.0},{"not_picked":["Infernal Blade","Perfected Strike"],"picked":"Inflame+1","floor":27.0},{"not_picked":["Wild Strike","Rupture"],"picked":"Spot Weakness","floor":28.0},{"not_picked":["Rupture","Anger","Uppercut"],"picked":"SKIP","floor":31.0},{"not_picked":["Berserk","Exhume"],"picked":"Double Tap","floor":33.0},{"not_picked":["Pommel Strike","Clash"],"picked":"Dual Wield","floor":35.0},{"not_picked":["Iron Wave","Ghostly Armor","Havoc"],"picked":"SKIP","floor":36.0},{"not_picked":["Anger","Dropkick","Blood for Blood"],"picked":"SKIP","floor":38.0},{"not_picked":["Perfected Strike","Body Slam"],"picked":"Burning Pact+1","floor":41.0},{"not_picked":["Twin Strike","Perfected Strike"],"picked":"Shrug It Off+1","floor":44.0},{"not_picked":["Anger","Perfected Strike"],"picked":"Heavy Blade","floor":45.0},{"not_picked":["Carnage","True Grit"],"picked":"Shockwave","floor":46.0},{"not_picked":["Body Slam","Wild Strike+1","Bludgeon"],"picked":"SKIP","floor":47},{"not_picked":["Pommel Strike+1","Anger","Twin Strike+1"],"picked":"SKIP","floor":48},{"not_picked":["Shrug It Off+1","Armaments+1"],"picked":"True Grit+1","floor":55}],"player_experience":2558851,"relics_obtained":[{"floor":8.0,"key":"Whetstone"},{"floor":9.0,"key":"White Beast Statue"},{"floor":10.0,"key":"Art of War"},{"floor":13.0,"key":"Ancient Tea Set"},{"floor":26.0,"key":"Strawberry"},{"floor":27.0,"key":"Orichalcum"},{"floor":31.0,"key":"InkBottle"},{"floor":41.0,"key":"Dead Branch"},{"floor":47,"key":"TungstenRod"},{"floor":55,"key":"CaptainsWheel"}],"event_choices":[{"damage_healed":0.0,"max_hp_gain":0.0,"max_hp_loss":0.0,"gold_gain":0.0,"event_name":"Scrap Ooze","player_choice":"Success","floor":4.0,"gold_loss":0.0,"damage_taken":11.0,"relics_obtained":["StoneCalendar"]},{"cards_removed":["Strike_R"],"damage_healed":0.0,"max_hp_gain":0.0,"max_hp_loss":0.0,"gold_gain":0.0,"event_name":"Back to Basics","player_choice":"Elegance","floor":25.0,"gold_loss":0.0,"damage_taken":0.0},{"cards_removed":["Strike_R"],"damage_healed":0.0,"max_hp_gain":0.0,"max_hp_loss":0.0,"gold_gain":0.0,"event_name":"Beggar","player_choice":"Gave Gold","floor":29.0,"gold_loss":75.0,"damage_taken":0.0},{"damage_healed":0.0,"max_hp_gain":0.0,"max_hp_loss":0.0,"gold_gain":0.0,"event_name":"Upgrade Shrine","player_choice":"Upgraded","floor":37.0,"gold_loss":0.0,"damage_taken":0.0,"cards_upgraded":["Armaments"]}],"is_beta":true,"boss_relics":[{"not_picked":["Philosopher\u0027s Stone","Runic Cube"],"picked":"Runic Pyramid"},{"not_picked":["Busted Crown","Empty Cage"],"picked":"SlaversCollar"}],"items_purged_floors":[7],"is_endless":false,"potions_floor_spawned":[5,10,13,14,16,18,19,20,21,24,27,28,31,33,35,36,38,41,44,45,46,47,48,55],"killed_by":"The Heart","ascension_level":20}}