{"host":"9kuc8qxv67wkis18","time":1608416585,"event":{"mods":["2.2 Compatiblity","AchievementEnabler","Aspiration","Astrologer","Bard","BaseMod","Beaked The Cultist","Bestiary","Better Note","Better Third Choice","Block Reminder","Challenge The Spire","Conspire","Curses Come First","GifTheSpireLib","Glutton Mod","Halation","Hermit","Highlight Path","Hubris","Infinite Spire","Jorbs\u0027s Wanderer Trilogy","Marked Mod","Melee Mod","Minty Spire (QoL Compilation)","Permanent Neow","Potionbrewer","Random Character Button","Rare Cards Sparkle","Replay The Spire","Shade Mod","Somnambulant","Spikes Relics","StSLib","Stuff the Spire","The Accelerator","The Blue Laboratory","The Construct","The Cursed","The Florist","The Forsaken","The Hierophant","The Judge","The Juggle","The Jungle","The Necromancer","The Showman","The Wild Card","TheArtist","Thieving Mod","everything is the same but u backflip on backflip","thorton","vexMod"],"gold_per_floor":[114,126,137,137,137,172,184,203,275,275,275,292,292,307,307,412,412,425,443,393,47,47,82,82,82,108,122,154,154,165,179,179,282,282,301,301,301,315,331,331,351,351,351,351,382,397,397,412,412,412],"floor_reached":51,"playtime":11138,"items_purged":["Amnesia","Parasite"],"score":796,"play_id":"c271ba6c-1f06-4709-b0a4-a9b3671f5df7","local_time":"20201219172305","is_ascension_mode":false,"campfire_choices":[{"floor":10.0,"key":"REST"},{"data":"jugglermod: Quieten","floor":15.0,"key":"SMITH"},{"data":"jugglermod: MomentumPump","floor":24.0,"key":"SMITH"},{"floor":29,"key":"REST"},{"floor":32,"key":"REST"},{"data":"jugglermod: Cocoon","floor":40,"key":"SMITH"},{"floor":42,"key":"REST"},{"floor":49,"key":"REST"}],"circlet_count":2,"master_deck":["jugglermod: Strike","jugglermod: Strike","jugglermod: Strike","jugglermod: Defend","jugglermod: Defend+1","jugglermod: Defend","jugglermod: Defend","jugglermod: HighThrow","jugglermod: RightHook","jugglermod: ZoneOut+1","jugglermod: OrbitFling","jugglermod: GummyHands","Madness+1","jugglermod: Quieten+1","jugglermod: Multiplex","jugglermod: HandFlip","jugglermod: Backcross","jugglermod: MomentumPump+1","jugglermod: FindBalance","jugglermod: GlassCannon","jugglermod: Toss","jugglermod: Backcross","jugglermod: Faceball","Madness+1","jugglermod: AirGrab","jugglermod: Cocoon+1","jugglermod: Flash","jugglermod: Flash+1","jugglermod: ClearCut","jugglermod: TheCrush+1","StuffTheSpire:Harmony","infinitespire:Starlight","jugglermod: PalmDrop","jugglermod: BobAndWeave+1","jugglermod: RushJob","jugglermod: MomentumPump","jugglermod: BallUp"],"relics":["jugglermod: WetwareUpgrade","Circlet","InkBottle","aspiration:FetidBarrel","vexMod:FocusSash","StuffTheSpire:ForceGauntlet","vexMod:BigBerry","Replay:Bottled Eggs","SlaversCollar","Cauldron","infinitespire:BottledMercury"],"acts_visited":["TheCity","TheBeyond"],"potions_floor_usage":[31,50,50,50],"damage_taken":[{"damage":0.0,"enemies":"Cultist","floor":1.0,"turns":4.0},{"damage":0.0,"enemies":"conspire:RoseBush","floor":2.0,"turns":4.0},{"damage":1.0,"enemies":"Jaw Worm","floor":3.0,"turns":4.0},{"damage":70.0,"enemies":"Gremlin Nob","floor":6.0,"turns":6.0},{"damage":0.0,"enemies":"3 Louse","floor":7.0,"turns":4.0},{"damage":0.0,"enemies":"2 Fungi Beasts","floor":8.0,"turns":5.0},{"damage":1.0,"enemies":"Red Slaver","floor":12.0,"turns":3.0},{"damage":12.0,"enemies":"3 Louse","floor":14.0,"turns":5.0},{"damage":6.0,"enemies":"Slime Boss","floor":16.0,"turns":9.0},{"damage":0.0,"enemies":"Spheric Guardian","floor":18.0,"turns":2.0},{"damage":8.0,"enemies":"3 Byrds","floor":19.0,"turns":5.0},{"damage":10.0,"enemies":"conspire:SneckoGhost","floor":23.0,"turns":5.0},{"damage":10,"enemies":"3 Cultists","floor":27,"turns":3},{"damage":49,"enemies":"Replay:Snechameleon","floor":28,"turns":6},{"damage":16,"enemies":"Centurion and Healer","floor":30,"turns":3},{"damage":3,"enemies":"Snecko","floor":31,"turns":3},{"damage":36,"enemies":"hubris:MusketHawk","floor":33,"turns":5},{"damage":13,"enemies":"3 Shapes","floor":35,"turns":4},{"damage":20,"enemies":"3 Darklings","floor":38,"turns":4},{"damage":16,"enemies":"4 Shapes","floor":39,"turns":6},{"damage":26,"enemies":"Writhing Mass","floor":41,"turns":5},{"damage":9,"enemies":"Reptomancer","floor":45,"turns":3},{"damage":29,"enemies":"3 Darklings","floor":46,"turns":3},{"damage":22,"enemies":"4 Shapes","floor":48,"turns":4},{"damage":66,"enemies":"Awakened One","floor":50,"turns":6}],"seed_played":"6938725739423800683","potions_obtained":[{"floor":2.0,"key":"blueLaboratory:BottledHope"},{"floor":8.0,"key":"construct:ShiftPotion"},{"floor":12.0,"key":"blueLaboratory:FruitPunch"},{"floor":27,"key":"blueLaboratory:BottledHope"},{"floor":31,"key":"Fruit Juice"},{"floor":39,"key":"Toxic Potion"},{"floor":41,"key":"Weak Potion"},{"floor":44,"key":"Strength Potion"},{"floor":44,"key":"potionbrewer:FreezingPotion"},{"floor":46,"key":"Milkshake"}],"is_trial":false,"path_per_floor":["M","M","M","T","?","E","M","M","T","R","?","M","?","M","R","B",null,"M","M","?","$","?","E","R","$","T","M","E","R","M","M","R","B",null,"M","?","?","M","M","R","M","R","T","AVR","E","M","?","M","R","B",null],"character_chosen":"THE_JUGGLER","items_purchased":["jugglermod: Toss","War Paint","jugglermod: Backcross"],"campfire_rested":5,"item_purchase_floors":[21,21,21],"current_hp_per_floor":[75,75,74,74,74,4,4,4,4,26,75,74,74,62,62,58,77,77,69,69,69,77,67,67,67,67,57,8,31,15,17,41,5,112,99,99,71,70,74,74,68,101,101,101,99,79,79,77,109,58],"gold":412,"neow_bonus":"RANDOM_EVENT","is_daily":false,"chose_seed":false,"campfire_upgraded":3,"win_rate":0.0,"timestamp":1608416585,"path_taken":["M","?","M","?","?","E","M","?","T","R","?","M","?","M","R","BOSS","M","M","?","$","?","E","R","?","T","M","E","R","?","?","R","BOSS","M","?","?","M","M","R","M","R","T","AVR","E","M","?","?","R","BOSS"],"items_purchased_type":["Card","Relic","Card"],"build_version":"2020-12-13","purchased_purges":2,"victory":true,"max_hp_per_floor":[75,75,75,75,75,75,75,75,75,75,75,75,75,75,75,77,77,77,77,77,77,77,77,77,77,77,77,77,77,77,82,82,82,112,112,112,112,112,112,112,112,112,112,109,109,109,109,109,109,109],"card_choices":[{"not_picked":["jugglermod: SpiralWhip","jugglermod: GummyHands"],"picked":"jugglermod: ZoneOut","floor":1.0},{"not_picked":["jugglermod: ShuffleRhythm","jugglermod: PocketSearch"],"picked":"jugglermod: OrbitFling","floor":2.0},{"not_picked":["jugglermod: Backcross","jugglermod: Collision"],"picked":"jugglermod: GummyHands","floor":3.0},{"not_picked":["jugglermod: InsideOut","jugglermod: PractisedThrows"],"picked":"jugglermod: DustScreen","floor":6.0},{"not_picked":["jugglermod: Parry","jugglermod: InsideOut"],"picked":"jugglermod: Quieten","floor":7.0},{"not_picked":["jugglermod: FloorBounce","jugglermod: Parry"],"picked":"jugglermod: Multiplex","floor":8.0},{"not_picked":["jugglermod: BackSmack","jugglermod: PocketSearch"],"picked":"jugglermod: HandFlip","floor":12.0},{"not_picked":["jugglermod: InsideOut","jugglermod: Blindside"],"picked":"jugglermod: Backcross","floor":14.0},{"not_picked":["jugglermod: LosePatience","jugglermod: HulkSmash"],"picked":"jugglermod: MomentumPump","floor":16.0},{"not_picked":["jugglermod: SwitchFeet+1","jugglermod: RushJob"],"picked":"jugglermod: FindBalance","floor":18.0},{"not_picked":["jugglermod: Faceball","jugglermod: BackSmack+1"],"picked":"jugglermod: GlassCannon","floor":19.0},{"not_picked":["jugglermod: BackSmack","jugglermod: SwitchFeet+1"],"picked":"jugglermod: Faceball","floor":23.0},{"not_picked":["jugglermod: GadgetArm","jugglermod: SwitchFeet"],"picked":"jugglermod: AirGrab","floor":27},{"not_picked":["jugglermod: SwitchFeet","jugglermod: AirGrab"],"picked":"jugglermod: Cocoon","floor":28},{"not_picked":["jugglermod: FloorBounce","jugglermod: GadgetArm"],"picked":"jugglermod: Flash","floor":30},{"not_picked":["jugglermod: FloorBounce","jugglermod: OrbitFling"],"picked":"jugglermod: Flash+1","floor":31},{"not_picked":["jugglermod: MomentumPump","jugglermod: MagicFingers"],"picked":"jugglermod: ClearCut","floor":33},{"not_picked":["jugglermod: GadgetArm","jugglermod: PractisedThrows+1"],"picked":"jugglermod: TheCrush+1","floor":35},{"not_picked":["StuffTheSpire:BrainWave","StuffTheSpire:Ambrosia"],"picked":"StuffTheSpire:Harmony","floor":36},{"not_picked":["hubris:InfiniteBlow","ReplayTheSpireMod:Chaos Vortex"],"picked":"infinitespire:Starlight","floor":37},{"not_picked":["jugglermod: FindBalance","jugglermod: SpiralWhip+1"],"picked":"jugglermod: PalmDrop","floor":38},{"not_picked":["jugglermod: Parry","jugglermod: BackSmack+1"],"picked":"jugglermod: BobAndWeave+1","floor":39},{"not_picked":["jugglermod: PocketSearch","jugglermod: ShowOff"],"picked":"jugglermod: RushJob","floor":41},{"not_picked":["jugglermod: AirGrab+1","jugglermod: GadgetArm"],"picked":"jugglermod: MomentumPump","floor":45},{"not_picked":["jugglermod: Butterfly+1","jugglermod: ZoneOut","jugglermod: Flash"],"picked":"SKIP","floor":46},{"not_picked":["jugglermod: SandBlast+1","jugglermod: ZoneOut"],"picked":"jugglermod: BallUp","floor":48}],"player_experience":96994,"relics_obtained":[{"floor":4.0,"key":"Pondfish Scales"},{"floor":6.0,"key":"Grinning Jar"},{"floor":9.0,"key":"infinitespire:Eraser"},{"floor":23.0,"key":"aspiration:FetidBarrel"},{"floor":26,"key":"vexMod:FocusSash"},{"floor":28,"key":"StuffTheSpire:ForceGauntlet"},{"floor":43,"key":"Replay:Bottled Eggs"},{"floor":45,"key":"infinitespire:BottledMercury"}],"event_choices":[{"damage_healed":0.0,"max_hp_gain":0.0,"max_hp_loss":0.0,"gold_gain":0.0,"cards_transformed":["jugglermod: Strike"],"event_name":"Living Wall","player_choice":"Change","floor":0.0,"gold_loss":0.0,"damage_taken":0.0,"cards_obtained":["jugglermod: DreadfulPerformance"]},{"cards_removed":["jugglermod: DreadfulPerformance"],"damage_healed":0.0,"max_hp_gain":0.0,"max_hp_loss":0.0,"gold_gain":0.0,"event_name":"Purifier","player_choice":"Purged","floor":5.0,"gold_loss":0.0,"damage_taken":0.0},{"cards_removed":["Pot Of Greed"],"damage_healed":0.0,"max_hp_gain":0.0,"max_hp_loss":0.0,"gold_gain":0.0,"event_name":"WeMeetAgain","player_choice":"Gave Card","floor":13.0,"gold_loss":0.0,"damage_taken":0.0,"relics_obtained":["InkBottle"]},{"damage_healed":0.0,"max_hp_gain":0.0,"max_hp_loss":0.0,"gold_gain":0.0,"event_name":"The Joust","player_choice":"Bet on Murderer","floor":20.0,"gold_loss":50.0,"damage_taken":0.0},{"cards_removed":["jugglermod: DustScreen"],"damage_healed":8.0,"max_hp_gain":0.0,"max_hp_loss":0.0,"gold_gain":0.0,"event_name":"Bonfire Elementals","player_choice":"Offered Uncommon","floor":22.0,"gold_loss":0.0,"damage_taken":0.0},{"damage_healed":0,"gold_gain":0,"player_choice":"Bought 0 Potions","damage_taken":0,"max_hp_gain":0,"max_hp_loss":0,"event_name":"The Woman in Blue","floor":47,"gold_loss":0}],"is_beta":false,"boss_relics":[{"not_picked":["Replay:Wanted Poster","vexMod:CursedCompass"],"picked":"infinitespire:Cupcake"},{"not_picked":["Replay:Ancient Bell","aspiration:BardSkillbook"],"picked":"vexMod:BigBerry"}],"items_purged_floors":[21,44],"is_endless":false,"potions_floor_spawned":[2,8,12,14,27,28,30,31,39,41,46],"ascension_level":0}}