{"host":"lhth1efayex2023z","time":1608417398,"event":{"mods":["BaseMod","Colored Map","Googly Eyes","Minty Spire (QoL Compilation)","StSLib","The Jungle"],"gold_per_floor":[117,117,137,102,122,154,165,200,200,215,33,33,33,85,85,188,188,204,193,193,193,14,47,47,72,99,99,109,109,138,148,148,251,251,269,614,614,626,644,669,669,698,723,723,742,769,786,815,815,815,815,815,27,53,53],"floor_reached":56,"playtime":3021,"items_purged":["Strike_G","Slice","Survivor"],"score":1859,"play_id":"3b7cd238-ddfa-498b-b153-d40bd5c2c24d","local_time":"20201219153638","is_ascension_mode":true,"campfire_choices":[{"floor":15,"key":"REST"},{"data":"RitualDagger","floor":24,"key":"SMITH"},{"floor":29,"key":"REST"},{"data":"Bullet Time","floor":32,"key":"SMITH"},{"data":"Calculated Gamble","floor":41,"key":"SMITH"},{"data":"Prepared","floor":44,"key":"SMITH"},{"floor":49,"key":"RECALL"},{"data":"Tactician","floor":52,"key":"SMITH"}],"circlet_count":0,"master_deck":["Neutralize","Riddle With Holes+1","A Thousand Cuts","Deflect","Cloak And Dagger+1","Calculated Gamble+1","Blade Dance","After Image","Escape Plan","Blur","Bullet Time+1","Outmaneuver","Calculated Gamble+1","Finisher+1","Tactician+1","Cloak And Dagger","Cloak And Dagger","Acrobatics","RitualDagger+1","Caltrops","Blade Dance","Escape Plan+1","Backflip","Adrenaline","Expertise+1","Prepared+1","Caltrops+1","Well Laid Plans","Blade Dance+1"],"relics":["Ring of the Snake","Pantograph","Art of War","Eternal Feather","Vajra","Pandora\u0027s Box","Mango","The Courier","Strawberry","Shuriken","WristBlade","Old Coin","Tough Bandages","Snake Skull","Smiling Mask","Toy Ornithopter","Mummified Hand","Torii","TheAbacus","Pen Nib","Whetstone","Anchor","War Paint"],"acts_visited":["Exordium","TheCity","TheBeyond","TheEnding"],"potions_floor_usage":[6,6,16,23,23,28,40,40,40,40,47,48,55,55],"damage_taken":[{"damage":7,"enemies":"Small Slimes","floor":1,"turns":5},{"damage":0,"enemies":"Jaw Worm","floor":3,"turns":6},{"damage":0,"enemies":"Cultist","floor":5,"turns":3},{"damage":11,"enemies":"3 Sentries","floor":6,"turns":5},{"damage":10,"enemies":"Large Slime","floor":7,"turns":7},{"damage":34,"enemies":"Lagavulin","floor":8,"turns":9},{"damage":1,"enemies":"Looter","floor":10,"turns":3},{"damage":16,"enemies":"Slime Boss","floor":16,"turns":11},{"damage":18,"enemies":"Spheric Guardian","floor":18,"turns":4},{"damage":0,"enemies":"2 Thieves","floor":19,"turns":4},{"damage":7,"enemies":"Book of Stabbing","floor":23,"turns":5},{"damage":38,"enemies":"Slavers","floor":25,"turns":7},{"damage":0,"enemies":"Shelled Parasite and Fungi","floor":28,"turns":5},{"damage":7,"enemies":"Gremlin Leader","floor":30,"turns":5},{"damage":10,"enemies":"Snake Plant","floor":31,"turns":4},{"damage":4,"enemies":"Champ","floor":33,"turns":10},{"damage":2,"enemies":"3 Shapes","floor":35,"turns":3},{"damage":25,"enemies":"2 Orb Walkers","floor":36,"turns":4},{"damage":0,"enemies":"Orb Walker","floor":38,"turns":1},{"damage":0,"enemies":"4 Shapes","floor":39,"turns":2},{"damage":21,"enemies":"Giant Head","floor":40,"turns":8},{"damage":2,"enemies":"Nemesis","floor":42,"turns":3},{"damage":3,"enemies":"Maw","floor":45,"turns":6},{"damage":0,"enemies":"Reptomancer","floor":46,"turns":2},{"damage":0,"enemies":"Sphere and 2 Shapes","floor":47,"turns":3},{"damage":0,"enemies":"Giant Head","floor":48,"turns":4},{"damage":36,"enemies":"Donu and Deca","floor":50,"turns":7},{"damage":21,"enemies":"Shield and Spear","floor":54,"turns":4},{"damage":50,"enemies":"The Heart","floor":55,"turns":6}],"seed_played":"871653694051336223","potions_obtained":[{"floor":3,"key":"Strength Potion"},{"floor":5,"key":"DuplicationPotion"},{"floor":8,"key":"BlessingOfTheForge"},{"floor":10,"key":"Explosive Potion"},{"floor":18,"key":"EssenceOfSteel"},{"floor":23,"key":"SpeedPotion"},{"floor":25,"key":"Dexterity Potion"},{"floor":33,"key":"Weak Potion"},{"floor":38,"key":"EntropicBrew"},{"floor":40,"key":"DuplicationPotion"},{"floor":42,"key":"Swift Potion"},{"floor":46,"key":"LiquidBronze"},{"floor":47,"key":"ColorlessPotion"}],"is_trial":false,"path_per_floor":["M","?","M","?","M","E","M","E","T","M","$","?","$","T","R","B",null,"M","M","?","?","$","E","R","E","T","?","M","R","E","M","R","B",null,"M","?","T","M","M","E","R","E","T","R","M","E","M","E","R","B",null,"R","$","E","B",null],"character_chosen":"THE_SILENT","items_purchased":["Escape Plan","Blur","Caltrops","Blade Dance","Torii","TheAbacus","Pen Nib","Whetstone","Anchor","Well Laid Plans"],"campfire_rested":2,"item_purchase_floors":[11,11,22,22,53,53,53,53,53,53],"current_hp_per_floor":[56,43,43,58,58,47,37,3,3,2,2,2,2,2,29,38,57,39,39,33,33,33,40,52,14,21,5,5,43,36,26,38,59,82,80,55,55,55,55,34,49,47,47,62,59,59,64,69,84,53,80,89,89,68,39],"gold":53,"neow_bonus":"TRANSFORM_TWO_CARDS","is_daily":false,"chose_seed":false,"campfire_upgraded":5,"win_rate":0.0,"timestamp":1608417398,"path_taken":["M","?","M","?","?","E","M","E","T","M","$","?","?","?","R","BOSS","M","M","?","?","$","E","R","E","T","?","M","R","E","M","R","BOSS","M","?","?","M","M","E","R","E","T","R","M","E","M","E","R","BOSS","R","$","E","BOSS"],"items_purchased_type":["Card","Card","Card","Card","Relic","Relic","Relic","Relic","Relic","Card"],"build_version":"2020-12-13","purchased_purges":3,"victory":true,"max_hp_per_floor":[63,63,63,63,63,63,63,63,63,63,63,63,63,63,63,63,63,63,63,63,63,63,77,77,77,84,89,89,89,89,89,89,89,89,89,89,89,89,89,89,89,89,89,89,89,89,89,89,89,89,89,89,89,89,89],"card_choices":[{"not_picked":["Underhanded Strike","Acrobatics"],"picked":"Deflect","floor":1},{"not_picked":["Doppelganger","Deflect"],"picked":"Slice","floor":3},{"not_picked":["PiercingWail","Acrobatics"],"picked":"Cloak And Dagger","floor":5},{"not_picked":["Well Laid Plans","Reflex"],"picked":"Calculated Gamble","floor":6},{"not_picked":["Slice","Deadly Poison"],"picked":"Blade Dance","floor":7},{"not_picked":["Expertise","Slice"],"picked":"After Image","floor":8},{"not_picked":["Dash","Quick Slash","Slice"],"picked":"SKIP","floor":10},{"not_picked":["Night Terror","Phantasmal Killer"],"picked":"Bullet Time","floor":16},{"not_picked":["Flying Knee","Leg Sweep","Underhanded Strike"],"picked":"SKIP","floor":18},{"not_picked":["Slice","Outmaneuver"],"picked":"Acrobatics","floor":19},{"not_picked":["Underhanded Strike+1","Tactician","Flying Knee+1"],"picked":"SKIP","floor":23},{"not_picked":["Distraction","Underhanded Strike","Tactician+1"],"picked":"SKIP","floor":25},{"not_picked":["Deflect+1","Tactician"],"picked":"Escape Plan+1","floor":28},{"not_picked":["Terror","Dagger Spray"],"picked":"Backflip","floor":30},{"not_picked":["Quick Slash","Dagger Throw","Sucker Punch"],"picked":"SKIP","floor":31},{"not_picked":["Venomology","Doppelganger"],"picked":"Adrenaline","floor":33},{"not_picked":["Quick Slash+1","Blur","Bouncing Flask+1"],"picked":"SKIP","floor":35},{"not_picked":["Outmaneuver+1","Concentrate+1"],"picked":"Expertise+1","floor":36},{"not_picked":["Cloak And Dagger","Deflect","Poisoned Stab+1"],"picked":"SKIP","floor":38},{"not_picked":["Cloak And Dagger","Deflect","Poisoned Stab+1"],"picked":"SKIP","floor":38},{"not_picked":["Deflect","Calculated Gamble","Quick Slash"],"picked":"SKIP","floor":39},{"not_picked":["Blade Dance","Flying Knee","Dagger Spray+1"],"picked":"SKIP","floor":40},{"not_picked":["Skewer+1","Catalyst+1"],"picked":"Prepared","floor":42},{"not_picked":["Leg Sweep+1","Bane+1","Dash"],"picked":"SKIP","floor":45},{"not_picked":["Infinite Blades","Deadly Poison+1","Deflect"],"picked":"SKIP","floor":46},{"not_picked":["Infinite Blades","Deadly Poison+1","Deflect"],"picked":"SKIP","floor":46},{"not_picked":["Underhanded Strike+1","Sucker Punch","Dagger Throw"],"picked":"SKIP","floor":47},{"not_picked":["Poisoned Stab+1","Bullet Time"],"picked":"Caltrops+1","floor":48},{"not_picked":["Deflect","Poisoned Stab"],"picked":"Blade Dance+1","floor":54}],"player_experience":373561,"relics_obtained":[{"floor":6,"key":"Pantograph"},{"floor":8,"key":"Art of War"},{"floor":9,"key":"Eternal Feather"},{"floor":14,"key":"Vajra"},{"floor":23,"key":"Mango"},{"floor":25,"key":"The Courier"},{"floor":26,"key":"Strawberry"},{"floor":30,"key":"Shuriken"},{"floor":36,"key":"Old Coin"},{"floor":37,"key":"Tough Bandages"},{"floor":40,"key":"Snake Skull"},{"floor":42,"key":"Smiling Mask"},{"floor":46,"key":"Toy Ornithopter"},{"floor":48,"key":"Mummified Hand"},{"floor":54,"key":"War Paint"}],"event_choices":[{"damage_healed":0,"gold_gain":0,"player_choice":"Entered Light","damage_taken":13,"max_hp_gain":0,"max_hp_loss":0,"event_name":"Shining Light","floor":2,"gold_loss":0,"cards_upgraded":["Defend_G","Defend_G"]},{"damage_healed":15,"gold_gain":0,"player_choice":"Healed","damage_taken":0,"max_hp_gain":0,"max_hp_loss":0,"event_name":"The Cleric","floor":4,"gold_loss":35},{"damage_healed":0,"gold_gain":0,"player_choice":"Fled","damage_taken":0,"max_hp_gain":0,"max_hp_loss":0,"event_name":"Scrap Ooze","floor":12,"gold_loss":0},{"damage_healed":0,"gold_gain":0,"player_choice":"Joined the Cult","damage_taken":6,"max_hp_gain":0,"max_hp_loss":0,"event_name":"Nest","floor":20,"gold_loss":0,"cards_obtained":["RitualDagger"]},{"cards_removed":["Doppelganger"],"damage_healed":0,"gold_gain":0,"player_choice":"Elegance","damage_taken":0,"max_hp_gain":0,"max_hp_loss":0,"event_name":"Back to Basics","floor":21,"gold_loss":0},{"damage_healed":0,"gold_gain":0,"player_choice":"Shed Blood","damage_taken":21,"max_hp_gain":5,"max_hp_loss":0,"event_name":"Forgotten Altar","floor":27,"gold_loss":0},{"damage_healed":0,"gold_gain":0,"player_choice":"Fight","damage_taken":0,"max_hp_gain":0,"max_hp_loss":0,"event_name":"Mysterious Sphere","floor":36,"gold_loss":0}],"is_beta":false,"boss_relics":[{"not_picked":["Ectoplasm","Busted Crown"],"picked":"Pandora\u0027s Box"},{"not_picked":["HoveringKite","Calling Bell"],"picked":"WristBlade"}],"items_purged_floors":[11,22,53],"is_endless":false,"potions_floor_spawned":[3,5,8,10,18,23,25,33,38,40,42,46,47],"ascension_level":9}}