{"host":"9d83omykrosjn1d3","time":1608381291,"event":{"mods":["AchievementEnabler","BaseMod","BetterRewards","Card Forge","Hubris","MarisaÅiñ∂âJÅ@ñÇóùçπÅj","Minty Spire (QoL Compilation)","Permanent Neow","Shop Mod","StSLib","SuperFastMode"],"gold_per_floor":[119,119,119,138,138,168,198,198,198],"floor_reached":8,"playtime":300,"items_purged":[],"score":64,"play_id":"c237811a-872e-491d-898e-77ec39b59b6e","local_time":"20201219213451","daily_mods":["Heirloom","Flight","DeadlyEvents","Elite Swarm"],"is_ascension_mode":false,"campfire_choices":[],"circlet_count":0,"master_deck":["Strike_R+1","Strike_R","Defend_R","Defend_R","Bash","Pommel Strike+1","Limit Break","Demon Form"],"relics":["Burning Blood","Hammer of Thor","Seething Fire","Anvil of the Gods","TungstenRod","Ancient Tea Set"],"acts_visited":["Exordium"],"potions_floor_usage":[7],"damage_taken":[{"damage":1,"enemies":"2 Louse","floor":1,"turns":4},{"damage":5,"enemies":"Cultist","floor":4,"turns":3},{"damage":27,"enemies":"3 Sentries","floor":6,"turns":7},{"damage":24,"enemies":"Lagavulin","floor":7,"turns":5},{"damage":31,"enemies":"3 Sentries","floor":8,"turns":5}],"seed_played":"-7534366672237739802","potions_obtained":[{"floor":1,"key":"Fire Potion"},{"floor":7,"key":"SteroidPotion"}],"is_trial":true,"path_per_floor":["M","?","?","M","?","E","E","E"],"character_chosen":"IRONCLAD","items_purchased":[],"campfire_rested":0,"item_purchase_floors":[],"current_hp_per_floor":[80,85,85,85,69,48,30,0,0],"gold":198,"neow_bonus":"","is_daily":false,"chose_seed":false,"campfire_upgraded":0,"win_rate":0.0,"timestamp":1608381291,"path_taken":["M","?","?","?","?","E","E","E"],"items_purchased_type":[],"build_version":"2020-12-13","purchased_purges":0,"victory":false,"max_hp_per_floor":[80,85,85,85,85,85,85,85,85],"card_choices":[{"not_picked":["Combust","Anger","Pummel"],"picked":"SKIP","floor":1},{"not_picked":["Whirlwind","Wild Strike"],"picked":"Pommel Strike","floor":4},{"not_picked":["Corruption","Juggernaut"],"picked":"Limit Break","floor":6},{"not_picked":["Offering","Limit Break"],"picked":"Demon Form","floor":7}],"player_experience":575323,"relics_obtained":[{"floor":7,"key":"Ancient Tea Set"}],"event_choices":[{"damage_healed":0,"gold_gain":0,"player_choice":"Donut","damage_taken":0,"max_hp_gain":5,"max_hp_loss":0,"event_name":"Big Fish","floor":2,"gold_loss":0},{"cards_removed":["Strike_R"],"damage_healed":0,"gold_gain":0,"player_choice":"Purged","damage_taken":0,"max_hp_gain":0,"max_hp_loss":0,"event_name":"Purifier","floor":3,"gold_loss":0},{"damage_healed":0,"gold_gain":0,"player_choice":"Entered Light","damage_taken":17,"max_hp_gain":0,"max_hp_loss":0,"event_name":"Shining Light","floor":5,"gold_loss":0,"cards_upgraded":["Strike_R","Pommel Strike"]}],"is_beta":false,"boss_relics":[],"items_purged_floors":[],"is_endless":false,"potions_floor_spawned":[1,7],"killed_by":"3 Sentries","ascension_level":0}}