{"host":"90zmhqhem9nbzoc6","time":1608370119,"event":{"mods":["AchievementEnabler","Aspiration","BaseMod","Better Note","Better Third Choice","BetterRewards","Colored Map","Colored Powertips","Conspire","Downfall","Energized Spire","Friendly Minions","GifTheSpireLib","Hermit","Hubris","Infinite Spire","Minty Spire (QoL Compilation)","Quick Restart","Replay The Spire","Spikes Relics","StSLib","Stuff the Spire","The Blue Laboratory","The Construct","The Jungle"],"gold_per_floor":[110,125,145,155,155,155,235,235,262,273,283,283,318,318,318,418,418,435,545,545,545,563,563,582,602,602,602,602],"floor_reached":27,"playtime":915,"items_purged":[],"score":227,"play_id":"5c0f413c-9824-4b6d-a878-f30f7973a2d9","local_time":"20201219012839","is_ascension_mode":false,"campfire_choices":[{"data":"hermit:Determination","floor":6,"key":"SMITH"},{"floor":8,"key":"REST"},{"floor":12,"key":"REST"},{"floor":15,"key":"REST"},{"floor":23,"key":"RECALL"}],"circlet_count":0,"master_deck":["hermit:Strike_Hermit","hermit:Strike_Hermit","hermit:Strike_Hermit","hermit:Strike_Hermit","hermit:Defend_Hermit","hermit:Defend_Hermit","hermit:Defend_Hermit","hermit:Defend_Hermit","hermit:Snapshot","hermit:Covet","hermit:SprayPray","hermit:Manifest","hermit:Determination+1","hermit:Misfire","hermit:SprayPray","Regret","hermit:Malice","hermit:Manifest","hermit:Misfire","hermit:GoldenBullet","hermit:FinalCanter","hermit:PistolWhip","hermit:BodyArmor+1","hermit:Determination","hermit:Ricochet+1"],"relics":["hermit:Momento","hubris:MobiusCoin","StuffTheSpire:RedRose","infinitespire:Broken Mirror","StuffTheSpire:Experiment12","Centennial Puzzle","aspiration:SecretTechniqueScroll"],"acts_visited":["Exordium","TheCity"],"potions_floor_usage":[7],"damage_taken":[{"damage":0,"enemies":"Cultist","floor":1,"turns":3},{"damage":3,"enemies":"Small Slimes","floor":2,"turns":3},{"damage":0,"enemies":"2 Louse","floor":3,"turns":2},{"damage":8,"enemies":"Red Slaver","floor":4,"turns":4},{"damage":31,"enemies":"3 Sentries","floor":7,"turns":5},{"damage":0,"enemies":"3 Louse","floor":10,"turns":1},{"damage":0,"enemies":"2 Fungi Beasts","floor":11,"turns":2},{"damage":21,"enemies":"Replay:BlueRogue","floor":13,"turns":6},{"damage":37,"enemies":"The Guardian","floor":16,"turns":13},{"damage":0,"enemies":"Chosen","floor":18,"turns":4},{"damage":5,"enemies":"3 Byrds","floor":19,"turns":4},{"damage":17,"enemies":"Cultist and Chosen","floor":22,"turns":6},{"damage":10,"enemies":"Centurion and Healer","floor":24,"turns":6},{"damage":31,"enemies":"Sentry and Sphere","floor":25,"turns":6},{"damage":15,"enemies":"Shelled Parasite and Fungi","floor":27,"turns":2}],"seed_played":"-2436802435278386584","potions_obtained":[{"floor":1,"key":"Explosive Potion"},{"floor":3,"key":"blueLaboratory:ArtificerPotion"},{"floor":10,"key":"blueLaboratory:TrueEctoplasm"},{"floor":16,"key":"blueLaboratory:HorrorPotion"}],"is_trial":false,"path_per_floor":["M","M","M","M","?","R","E","R","T","M","M","R","E","?","R","B",null,"M","M","AVR","T","M","R","M","M","T","M"],"character_chosen":"HERMIT","items_purchased":["hermit:SprayPray","hermit:Manifest","hermit:Determination","hubris:MobiusCoin"],"campfire_rested":3,"item_purchase_floors":[0,0,0,0],"current_hp_per_floor":[75,72,72,64,64,64,33,55,55,55,55,75,54,54,75,38,75,75,70,70,70,53,53,43,12,12,0,0],"gold":602,"neow_bonus":"","is_daily":false,"chose_seed":false,"campfire_upgraded":1,"win_rate":0.0,"timestamp":1608370119,"path_taken":["M","M","?","M","?","R","E","R","T","M","M","R","E","?","R","BOSS","M","M","AVR","?","M","R","M","M","T","M"],"items_purchased_type":["Card","Card","Card","Relic"],"build_version":"2020-12-13","purchased_purges":0,"victory":false,"max_hp_per_floor":[75,75,75,75,75,75,75,75,75,75,75,75,75,75,75,75,75,75,75,75,75,75,75,75,75,75,75,75],"card_choices":[{"not_picked":["hermit:PistolWhip","hermit:Maintenance"],"picked":"hermit:Misfire","floor":1},{"not_picked":["hermit:LowProfile","hermit:FlashPowder","hermit:NoHoldsBarred"],"picked":"SKIP","floor":2},{"not_picked":["hermit:Roulette","hermit:WideOpen","hermit:Snipe"],"picked":"SKIP","floor":3},{"not_picked":["hermit:HoleUp","hermit:Snipe"],"picked":"hermit:SprayPray","floor":4},{"not_picked":["hermit:LoneWolf","hermit:Vantage"],"picked":"hermit:Malice","floor":7},{"not_picked":["hermit:SprayPray","hermit:WideOpen"],"picked":"hermit:Manifest","floor":10},{"not_picked":["hermit:FlashPowder","hermit:Vantage"],"picked":"hermit:Misfire","floor":11},{"not_picked":["hermit:Deadeye","hermit:BodyArmor"],"picked":"hermit:GoldenBullet","floor":13},{"not_picked":["hermit:RoundhouseKick","hermit:HighNoon"],"picked":"hermit:FinalCanter","floor":16},{"not_picked":["hermit:TakeCover","hermit:Roulette"],"picked":"hermit:PistolWhip","floor":18},{"not_picked":["hermit:ItchyTrigger","hermit:PistolWhip"],"picked":"hermit:BodyArmor+1","floor":19},{"not_picked":["hermit:TrackingShot","hermit:BigShot"],"picked":"hermit:Determination","floor":22},{"not_picked":["hermit:Quickdraw","hermit:Deadeye"],"picked":"hermit:Ricochet+1","floor":24},{"not_picked":["hermit:Roulette","hermit:LowProfile","hermit:NoHoldsBarred"],"picked":"SKIP","floor":25}],"player_experience":219193,"relics_obtained":[{"floor":7,"key":"infinitespire:Broken Mirror"},{"floor":9,"key":"StuffTheSpire:Experiment12"},{"floor":13,"key":"Centennial Puzzle"}],"event_choices":[{"damage_healed":0,"gold_gain":0,"player_choice":"Ignored","damage_taken":0,"max_hp_gain":0,"max_hp_loss":0,"event_name":"Transmorgrifier","floor":14,"gold_loss":0}],"is_beta":false,"boss_relics":[{"not_picked":["energizedSpire:DeadBattery","construct:WeddingRing"],"picked":"aspiration:SecretTechniqueScroll"}],"items_purged_floors":[],"is_endless":false,"potions_floor_spawned":[1,3,10,16,18],"killed_by":"Shelled Parasite and Fungi","ascension_level":0}}