{"host":"ggy1mjjy92c62u6a","time":1608363820,"event":{"mods":["BaseMod","Colored Powertips","Minty Spire (QoL Compilation)","Quick Restart","Relic Stats","Shop Mod","Spicy Shops","StSLib","The Construct","[IsaacMod]ÒÔÈö¼âËþ","¡¾ÒÅÎï¿¨ÅÆ¡¿REMEMod"],"gold_per_floor":[127,140,140,140,153,153,180,355,423,383,383],"floor_reached":10,"playtime":277,"items_purged":[],"score":66,"play_id":"45c62c83-10eb-4e00-a86d-81bf4f9c4402","local_time":"20201219154340","is_ascension_mode":false,"campfire_choices":[{"data":"construct:DefenseMode","floor":6,"key":"SMITH"}],"circlet_count":0,"master_deck":["construct:Strike_Gold","construct:Strike_Gold","construct:Strike_Gold","construct:Strike_Gold","construct:Strike_Gold","construct:Defend_Gold","construct:Defend_Gold","construct:Defend_Gold","construct:Defend_Gold","construct:Defend_Gold","construct:AttackMode","construct:DefenseMode+1","BettingIsNotGood","Berserk","construct:QuickAttack","construct:HeavyBolt","construct:Boost","construct:Tumble","Doubt"],"relics":["construct:Cogwheel","HushsDoor","REME_ComplimentaryCards","NeowsBlessing","Chaos","SteamSale","NineVolt","REME_OnlineShoppingPlatform"],"acts_visited":["Exordium"],"potions_floor_usage":[10,10],"damage_taken":[{"damage":0,"enemies":"Cultist","floor":1,"turns":2},{"damage":0,"enemies":"Jaw Worm","floor":2,"turns":1},{"damage":0,"enemies":"Small Slimes","floor":5,"turns":2},{"damage":68,"enemies":"Lagavulin","floor":7,"turns":7},{"damage":6,"enemies":"Gremlin Nob","floor":10,"turns":2}],"seed_played":"1413027748530135651","potions_obtained":[{"floor":5,"key":"SmokeBomb"}],"is_trial":false,"path_per_floor":["M","M","?","?","M","R","E","?","T","E"],"character_chosen":"THE_CONSTRUCT_MOD","items_purchased":[],"campfire_rested":0,"item_purchase_floors":[],"current_hp_per_floor":[85,85,70,70,70,70,2,2,2,0,0],"gold":383,"neow_bonus":"THREE_ENEMY_KILL","is_daily":false,"chose_seed":false,"campfire_upgraded":1,"win_rate":0.0,"timestamp":1608363820,"path_taken":["M","M","?","?","M","R","E","?","T","E"],"items_purchased_type":[],"build_version":"2020-12-13","purchased_purges":0,"victory":false,"max_hp_per_floor":[85,85,85,85,85,85,85,85,85,85,85],"relic_stats":{"counters":[5,14],"obtain_stats":[{"KeepersGift":0,"Chaos":0,"NeowsBlessing":0,"NineVolt":7,"construct:Cogwheel":0,"HushsDoor":0,"SteamSale":3,"REME_OnlineShoppingPlatform":9,"REME_ComplimentaryCards":0},{"KeepersGift":0,"Chaos":0,"NeowsBlessing":0,"NineVolt":4,"construct:Cogwheel":0,"HushsDoor":0,"SteamSale":2,"REME_OnlineShoppingPlatform":4,"REME_ComplimentaryCards":0},{"KeepersGift":0,"Chaos":0,"NeowsBlessing":0,"NineVolt":12,"construct:Cogwheel":0,"HushsDoor":0,"SteamSale":3,"REME_OnlineShoppingPlatform":12,"REME_ComplimentaryCards":0}]},"card_choices":[{"not_picked":[],"picked":"BettingIsNotGood","floor":0},{"not_picked":["Bomb","construct:VentSteam"],"picked":"construct:QuickAttack","floor":1},{"not_picked":["construct:Analyze","construct:ElectricArmor"],"picked":"construct:HeavyBolt","floor":2},{"not_picked":["construct:Forcefield","construct:ShieldGenerator"],"picked":"construct:Boost","floor":5},{"not_picked":["construct:Antimatter","construct:ForceCore"],"picked":"construct:Tumble","floor":7}],"player_experience":41653,"relics_obtained":[{"floor":7,"key":"NineVolt"},{"floor":9,"key":"REME_OnlineShoppingPlatform"}],"event_choices":[{"damage_healed":0,"gold_gain":0,"player_choice":"Ignored","damage_taken":0,"max_hp_gain":0,"max_hp_loss":0,"event_name":"NoteForYourself","floor":4,"gold_loss":0},{"damage_healed":0,"gold_gain":175,"player_choice":"AGREE","damage_taken":0,"max_hp_gain":0,"max_hp_loss":0,"event_name":"Liars Game","floor":8,"gold_loss":0,"cards_obtained":["Doubt"]}],"is_beta":false,"boss_relics":[],"items_purged_floors":[],"is_endless":false,"potions_floor_spawned":[5],"killed_by":"Gremlin Nob","ascension_level":0}}