{"host":"7l2t4psy44vpcd9q","time":1608395889,"event":{"mods":["AchievementEnabler","BaseMod","DeckTracker","Minty Spire (QoL Compilation)","SuperFastMode"],"gold_per_floor":[115,115,40,60,6,32,32,45,68,68,68,68,84,111,111,184,184,201,220,59,105,125,125,125,125,125,153,165,165,192,192,192,270,270,281,181,181,196,215,215,240,240,289,11,21,32,60,73,73,73],"floor_reached":51,"playtime":2276,"items_purged":["Pain","Defend_P","Strike_P"],"score":1684,"play_id":"41c687d7-d336-42b9-a5da-be0281cb9735","local_time":"20201220013809","is_ascension_mode":true,"campfire_choices":[{"data":"Adaptation","floor":7.0,"key":"SMITH"},{"data":"Blasphemy","floor":11.0,"key":"SMITH"},{"data":"Eruption","floor":15.0,"key":"SMITH"},{"floor":23.0,"key":"REST"},{"data":"EmptyFist","floor":25.0,"key":"SMITH"},{"floor":29.0,"key":"REST"},{"floor":32.0,"key":"REST"},{"floor":40.0,"key":"REST"},{"floor":49.0,"key":"REST"}],"circlet_count":0,"master_deck":["AscendersBane","Strike_P","Strike_P","Defend_P","Defend_P","Defend_P+1","Eruption+1","Vigilance","Adaptation+1","FlurryOfBlows","Consecrate","CutThroughFate","EmptyFist+1","Blasphemy+1","BowlingBash","ClearTheMind+1","WheelKick+1","Wallop+1","EmptyMind","DeusExMachina","FollowUp","Perseverance","Deep Breath","TalkToTheHand","Tantrum","FollowUp+1","SandsOfTime+1","Halt","FollowUp+1"],"relics":["PureWater","NeowsBlessing","WarpedTongs","Lantern","Orichalcum","Mango","Runic Pyramid","Oddly Smooth Stone","Vajra","Bag of Marbles","War Paint","Toy Ornithopter","Sozu","Girya","Anchor","Bag of Preparation"],"acts_visited":["Exordium","TheCity","TheBeyond"],"potions_floor_usage":[],"damage_taken":[{"damage":0.0,"enemies":"Cultist","floor":1.0,"turns":1.0},{"damage":0.0,"enemies":"Small Slimes","floor":4.0,"turns":1.0},{"damage":0.0,"enemies":"Lagavulin","floor":6.0,"turns":1.0},{"damage":2.0,"enemies":"Jaw Worm","floor":8.0,"turns":3.0},{"damage":0.0,"enemies":"3 Sentries","floor":12.0,"turns":1.0},{"damage":0.0,"enemies":"Exordium Thugs","floor":13.0,"turns":3.0},{"damage":10.0,"enemies":"Gremlin Nob","floor":14.0,"turns":3.0},{"damage":0.0,"enemies":"Slime Boss","floor":16.0,"turns":3.0},{"damage":24.0,"enemies":"2 Thieves","floor":18.0,"turns":4.0},{"damage":39.0,"enemies":"3 Byrds","floor":19.0,"turns":5.0},{"damage":11.0,"enemies":"Centurion and Healer","floor":22.0,"turns":3.0},{"damage":0.0,"enemies":"Gremlin Leader","floor":27.0,"turns":2.0},{"damage":10.0,"enemies":"Cultist and Chosen","floor":28.0,"turns":4.0},{"damage":0.0,"enemies":"Book of Stabbing","floor":30.0,"turns":1.0},{"damage":47.0,"enemies":"Collector","floor":33.0,"turns":5.0},{"damage":0.0,"enemies":"3 Shapes","floor":35.0,"turns":2.0},{"damage":12.0,"enemies":"Orb Walker","floor":38.0,"turns":4.0},{"damage":9.0,"enemies":"4 Shapes","floor":39.0,"turns":4.0},{"damage":29.0,"enemies":"Giant Head","floor":41.0,"turns":6.0},{"damage":0.0,"enemies":"Writhing Mass","floor":45.0,"turns":3.0},{"damage":2.0,"enemies":"Jaw Worm Horde","floor":46.0,"turns":3.0},{"damage":2.0,"enemies":"Nemesis","floor":47.0,"turns":3.0},{"damage":4.0,"enemies":"Sphere and 2 Shapes","floor":48.0,"turns":3.0},{"damage":51,"enemies":"Time Eater","floor":50,"turns":7}],"seed_played":"-1764270386496993905","potions_obtained":[{"floor":4.0,"key":"SmokeBomb"},{"floor":6.0,"key":"FearPotion"},{"floor":14.0,"key":"StancePotion"},{"floor":18.0,"key":"Regen Potion"},{"floor":19.0,"key":"Ambrosia"},{"floor":33.0,"key":"Block Potion"}],"is_trial":false,"path_per_floor":["M","?","$","M","$","E","R","M","T","?","R","E","M","E","R","B",null,"M","M","$","T","M","R","?","R","T","E","M","R","E","?","R","B",null,"M","$","?","M","M","R","E","?","T","$","M","M","E","M","R","B",null],"character_chosen":"WATCHER","items_purchased":["Consecrate","Oddly Smooth Stone","TalkToTheHand","Tantrum"],"campfire_rested":5,"item_purchase_floors":[5,20,44,44],"current_hp_per_floor":[61,61,61,61,61,61,61,59,59,59,59,59,59,63,63,63,77,53,28,28,28,17,41,41,41,41,41,31,55,55,55,79,32,70,70,70,70,58,49,73,44,44,44,44,49,47,45,41,65,14],"gold":73,"neow_bonus":"THREE_ENEMY_KILL","is_daily":false,"chose_seed":false,"campfire_upgraded":4,"win_rate":0.0,"timestamp":1608395889,"path_taken":["M","?","?","M","$","E","R","M","T","?","R","E","M","E","R","BOSS","M","?","$","?","M","R","?","R","T","E","?","R","E","?","R","BOSS","M","$","?","M","M","R","E","?","T","?","?","M","E","M","R","BOSS"],"items_purchased_type":["Card","Relic","Card","Card"],"build_version":"2020-12-13","purchased_purges":3,"victory":true,"max_hp_per_floor":[68,68,68,68,68,68,68,68,68,68,68,68,68,82,82,82,82,82,82,82,82,82,82,82,82,82,82,82,82,82,82,82,82,82,82,82,82,82,82,82,82,82,82,82,82,82,82,82,82,82],"card_choices":[{"not_picked":["ClearTheMind","Halt"],"picked":"Adaptation","floor":1.0},{"not_picked":["Protect","EmptyBody"],"picked":"FlurryOfBlows","floor":4.0},{"not_picked":["Evaluate","LessonLearned"],"picked":"CutThroughFate","floor":6.0},{"not_picked":["Consecrate","JustLucky"],"picked":"EmptyFist","floor":8.0},{"not_picked":["ReachHeaven","ThirdEye"],"picked":"BowlingBash","floor":13.0},{"not_picked":["Worship","BowlingBash","PathToVictory"],"picked":"SKIP","floor":14.0},{"not_picked":["Halt","FlyingSleeves","EmptyBody"],"picked":"SKIP","floor":18.0},{"not_picked":["FollowUp","Collect"],"picked":"ClearTheMind","floor":19.0},{"not_picked":["CutThroughFate","ClearTheMind"],"picked":"WheelKick+1","floor":22.0},{"not_picked":["Fasting2+1","Protect"],"picked":"Wallop+1","floor":27.0},{"not_picked":["ThirdEye","ClearTheMind"],"picked":"EmptyMind","floor":28.0},{"not_picked":["SashWhip","Prostrate","Worship"],"picked":"SKIP","floor":30.0},{"not_picked":["ConjureBlade","Alpha"],"picked":"DeusExMachina","floor":33.0},{"not_picked":["Pray","Worship"],"picked":"FollowUp","floor":35.0},{"not_picked":["Consecrate+1","WheelKick","Collect"],"picked":"SKIP","floor":38.0},{"not_picked":["BowlingBash+1","Tantrum"],"picked":"Perseverance","floor":39.0},{"not_picked":["Adaptation","LikeWater+1","Crescendo"],"picked":"SKIP","floor":41.0},{"not_picked":["HandOfGreed","Metamorphosis"],"picked":"Deep Breath","floor":42.0},{"not_picked":["Protect","BowlingBash"],"picked":"FollowUp+1","floor":45.0},{"not_picked":["EmptyMind","Evaluate"],"picked":"SandsOfTime+1","floor":46.0},{"not_picked":["FlurryOfBlows","Evaluate"],"picked":"Halt","floor":47.0},{"not_picked":["Judgement","JustLucky"],"picked":"FollowUp+1","floor":48.0}],"player_experience":1107914,"relics_obtained":[{"floor":6.0,"key":"Lantern"},{"floor":9.0,"key":"Orichalcum"},{"floor":14.0,"key":"Mango"},{"floor":21.0,"key":"Vajra"},{"floor":26.0,"key":"Bag of Marbles"},{"floor":27.0,"key":"War Paint"},{"floor":30.0,"key":"Toy Ornithopter"},{"floor":41.0,"key":"Girya"},{"floor":43.0,"key":"Anchor"},{"floor":47.0,"key":"Bag of Preparation"}],"event_choices":[{"damage_healed":0.0,"max_hp_gain":0.0,"max_hp_loss":0.0,"gold_gain":0.0,"event_name":"Accursed Blacksmith","player_choice":"Rummage","floor":2.0,"gold_loss":0.0,"damage_taken":0.0,"relics_obtained":["WarpedTongs"],"cards_obtained":["Pain"]},{"damage_healed":0.0,"max_hp_gain":0.0,"max_hp_loss":0.0,"gold_gain":0.0,"cards_transformed":["Strike_P"],"event_name":"Transmorgrifier","player_choice":"Transformed","floor":10.0,"gold_loss":0.0,"damage_taken":0.0,"cards_obtained":["Blasphemy"]},{"damage_healed":0.0,"max_hp_gain":0.0,"max_hp_loss":0.0,"gold_gain":0.0,"event_name":"FaceTrader","player_choice":"Leave","floor":24.0,"gold_loss":0.0,"damage_taken":0.0},{"damage_healed":0.0,"max_hp_gain":0.0,"max_hp_loss":0.0,"gold_gain":0.0,"event_name":"Ghosts","player_choice":"Ignored","floor":31.0,"gold_loss":0.0,"damage_taken":0.0},{"damage_healed":0.0,"max_hp_gain":0.0,"max_hp_loss":0.0,"gold_gain":0.0,"event_name":"Mysterious Sphere","player_choice":"Ignored","floor":37.0,"gold_loss":0.0,"damage_taken":0.0},{"damage_healed":0.0,"max_hp_gain":0.0,"max_hp_loss":0.0,"gold_gain":0.0,"event_name":"SensoryStone","player_choice":"Memory 1","floor":42.0,"gold_loss":0.0,"damage_taken":0.0}],"is_beta":false,"boss_relics":[{"not_picked":["Coffee Dripper","SacredBark"],"picked":"Runic Pyramid"},{"not_picked":["Black Star","Velvet Choker"],"picked":"Sozu"}],"items_purged_floors":[3,36,44],"is_endless":false,"potions_floor_spawned":[4,6,12,14,18,19,33,38,41,45,46],"ascension_level":19}}