{"host":"Limoen","time":1608364351,"event":{"mods":["Aspiration","BaseMod","CCEM","Colored Powertips","Conspire","Downfall","Halation","Hubris","Infinite Spire","Mimic Mod","Minty Spire (QoL Compilation)","Quick Restart","RatMod","Relic Sorter","Replay The Spire","Spicy Shops","Spikes Relics","StSLib","The Blue Laboratory","Trackpad","vexMod"],"gold_per_floor":[99,99,115,115,125,125,156,156,172,190,190,190,205,225,55,67,167,167,167,193,206,220,220,30,68,68,68,103,121,121,121,133,146,241,241,166,176,187,187,225,225,262,288,303,303,303,61,81,81,95,95],"floor_reached":52,"playtime":3651,"items_purged":["Shame","Pain","Sickly"],"score":824,"play_id":"4f52fe3b-b427-448b-bdb7-f16ff3274a28","local_time":"20201219085231","is_ascension_mode":false,"campfire_choices":[{"data":"Slimebound:DuplicatedForm","floor":11.0,"key":"SMITH"},{"data":"Slimebound:Split","floor":27.0,"key":"SMITH"},{"data":"expansioncontent:DefensiveStance","floor":36,"key":"SMITH"},{"data":"expansioncontent:Flail","floor":41,"key":"SMITH"}],"circlet_count":0,"master_deck":["Slimebound:Strike_Slimebound","Slimebound:Strike_Slimebound","Slimebound:Strike_Slimebound","Slimebound:Tackle","Slimebound:Defend_Slimebound","Slimebound:Defend_Slimebound","Slimebound:Defend_Slimebound","Slimebound:Defend_Slimebound","Slimebound:Split+1","Slimebound:CorrosiveSpit","Slimebound:Schlurp","Slimebound:DuplicatedForm+1","Slimebound:Equalize","Slimebound:SlimeSpikes","Slimebound:LeechLife","Slimebound:GoopSpray","Slimebound:Schlurp+1","expansioncontent:DefensiveStance+1","Slimebound:Nibble","Slimebound:Replication+1","Slimebound:OozeBath","Slimebound:FlameTackle","Slimebound:PressTheAttack","Slimebound:SamplingLick","Slimebound:SlimeSpikes","Slimebound:GoopSpray","Necronomicurse","Slimebound:Repurpose","Slimebound:CheckThePlaybook+1","Slimebound:OozeBath","Slimebound:FlameTackle+1","Slimebound:Gluttony","expansioncontent:Flail+1","expansioncontent:Sear","expansioncontent:ChargeUp","Slimebound:Equalize+1","Slimebound:Chomp+1","Slimebound:BestDefense","Slimebound:ItLooksTasty","Slimebound:WasteNot+1","Replay:Dark Deal","Slimebound:BestDefense+1","Slimebound:Replication"],"relics":["Slimebound:AbsorbEndCombat","hubris:Icosahedron","Anchor","Lizard Tail","WarpedTongs","conspire:TreasureMap","hubris:Backtick","hubris:Potato","ReplayTheSpireMod:Lightbulb","halation:KoshaPiece","aspiration:FetidBarrel","Replay:Mystery Machine","ReplayTheSpireMod:Ring of Addiction","SacredBark","Chameleon Ring","Ring of Panic","Necronomicon","vexMod:MysteryBossChallenge","aspiration:PoetsPen","downfall:HeartBlessingGreen","Mirror","Replay:PocketPolymizer","Simple Rune","hubris:64BitClover","ReplayFunnel","vexMod:PaidLearning"],"acts_visited":["Exordium","TheCity","TheBeyond"],"potions_floor_usage":[34,34,40,42,51],"damage_taken":[{"damage":16.0,"enemies":"Jaw Worm","floor":3.0,"turns":3.0},{"damage":7.0,"enemies":"2 Louse","floor":5.0,"turns":3.0},{"damage":36.0,"enemies":"Replay:BlueRogue","floor":7.0,"turns":4.0},{"damage":24.0,"enemies":"infinitespire:Voidling","floor":9.0,"turns":4.0},{"damage":8.0,"enemies":"Large Slime","floor":10.0,"turns":6.0},{"damage":13.0,"enemies":"Lots of Slimes","floor":13.0,"turns":5.0},{"damage":24.0,"enemies":"2 Fungi Beasts","floor":14.0,"turns":3.0},{"damage":34.0,"enemies":"downfall:FleeingMerchant","floor":15.0,"turns":4.0},{"damage":0.0,"enemies":"conspire:2 RoseBushes","floor":16.0,"turns":1.0},{"damage":62.0,"enemies":"downfall:Silent","floor":17.0,"turns":8.0},{"damage":55.0,"enemies":"Gremlin Leader","floor":20.0,"turns":7.0},{"damage":12.0,"enemies":"Shell Parasite","floor":21.0,"turns":7.0},{"damage":10.0,"enemies":"3 Byrds","floor":22.0,"turns":6.0},{"damage":8.0,"enemies":"downfall:FleeingMerchant","floor":24.0,"turns":4.0},{"damage":13.0,"enemies":"conspire:HollyBat","floor":25.0,"turns":6.0},{"damage":71.0,"enemies":"Slavers","floor":28.0,"turns":6.0},{"damage":34.0,"enemies":"conspire:HollyBat","floor":29.0,"turns":6.0},{"damage":12.0,"enemies":"Centurion and Healer","floor":32.0,"turns":4.0},{"damage":7,"enemies":"Snecko","floor":33,"turns":3},{"damage":14,"enemies":"downfall:Defect","floor":34,"turns":6},{"damage":13,"enemies":"3 Darklings","floor":37,"turns":3},{"damage":0,"enemies":"3 Shapes","floor":38,"turns":3},{"damage":42,"enemies":"conspire:MimicChest","floor":40,"turns":5},{"damage":2,"enemies":"Maw","floor":42,"turns":6},{"damage":19,"enemies":"Giant Head","floor":43,"turns":7},{"damage":12,"enemies":"Maw","floor":44,"turns":6},{"damage":0,"enemies":"downfall:FleeingMerchant","floor":47,"turns":2},{"damage":22,"enemies":"Sphere and 2 Shapes","floor":48,"turns":4},{"damage":0,"enemies":"4 Shapes","floor":50,"turns":2},{"damage":28,"enemies":"downfall:Ironclad","floor":51,"turns":6}],"seed_played":"3215114703461400771","potions_obtained":[{"floor":0.0,"key":"Ancient Potion"},{"floor":0.0,"key":"Slimebound:SpawnSlimePotion"},{"floor":0.0,"key":"blueLaboratory:EnragingPotion"},{"floor":7.0,"key":"blueLaboratory:BottleOfVodka"},{"floor":22.0,"key":"blueLaboratory:Moonshine"},{"floor":29.0,"key":"Slimebound:SlimedPotion"},{"floor":30.0,"key":"AttackPotion"},{"floor":30.0,"key":"blueLaboratory:PolymorphPotion"},{"floor":32,"key":"blueLaboratory:Moonshine"},{"floor":33,"key":"EssenceOfSteel"},{"floor":34,"key":"blueLaboratory:AbyssPotion"},{"floor":40,"key":"Swift Potion"},{"floor":43,"key":"Guardian:BlockOnCardUsePotion"},{"floor":45,"key":"PowerPotion"},{"floor":45,"key":"Milkshake"}],"is_trial":false,"path_per_floor":["PTL","PTL","M","?","M","?","E","T","M","M","R","?","M","M","$","M","B",null,"R","E","M","M","?","$","MIM","?","R","E","M","?","?","M","M","B",null,"R","M","M","?","?","R","MIM","E","M","R","AVR","$","M","?","M","B",null],"character_chosen":"SLIMEBOUND","items_purchased":["conspire:TreasureMap","expansioncontent:DefensiveStance","ReplayFunnel","vexMod:PaidLearning","Replay:Dark Deal"],"campfire_rested":0,"item_purchase_floors":[15,15,47,47,47],"current_hp_per_floor":[60,60,52,58,55,55,54,54,55,63,63,63,66,66,55,55,33,66,66,62,66,66,66,62,66,76,76,62,70,70,54,76,76,74,76,76,76,74,64,68,68,74,74,74,74,72,72,62,62,70,66],"gold":95,"neow_bonus":"THREE_SMALL_POTIONS","is_daily":false,"chose_seed":false,"campfire_upgraded":4,"win_rate":0.0,"timestamp":1608364351,"path_taken":["PTL","PTL","M","?","M","?","E","T","?","M","R","?","M","M","$","M","BOSS","R","E","?","M","?","$","MIM","?","R","E","?","?","?","M","M","BOSS","R","M","M","?","?","R","MIM","E","M","R","AVR","$","M","?","M","BOSS"],"items_purchased_type":["Relic","Card","Relic","Relic","Card"],"build_version":"2020-12-17","purchased_purges":3,"victory":true,"max_hp_per_floor":[60,60,60,66,66,66,66,66,66,66,66,66,66,66,66,66,66,66,66,66,66,66,66,66,66,76,76,76,76,76,76,76,76,76,76,76,76,74,74,74,74,74,74,74,74,72,72,72,70,70,70],"card_choices":[{"not_picked":["Slimebound:ComboTackle","Slimebound:MinionMaster"],"picked":"Slimebound:Schlurp","floor":3.0},{"not_picked":["Slimebound:ComboTackle","Slimebound:SplitAcid"],"picked":"Slimebound:PressTheAttack","floor":5.0},{"not_picked":["Slimebound:GrowthPunch","Slimebound:LeechingTouch"],"picked":"Slimebound:Equalize","floor":7.0},{"not_picked":["Slimebound:DivideAndConquer","Slimebound:SplitLeeching"],"picked":"Slimebound:SlimeSpikes","floor":9.0},{"not_picked":["Slimebound:SlimeSpikes","Slimebound:HauntingLick"],"picked":"Slimebound:LeechLife","floor":10.0},{"not_picked":["Slimebound:LeadByExample","Slimebound:SpikyOuterGoop"],"picked":"Slimebound:GoopSpray","floor":13.0},{"not_picked":["Slimebound:FinishingTackle","Slimebound:DivideAndConquer","Slimebound:Grow"],"picked":"SKIP","floor":14.0},{"not_picked":["Slimebound:Gluttony","Slimebound:SamplingLick"],"picked":"Slimebound:Schlurp","floor":15.0},{"not_picked":["Slimebound:ViciousTackle","Slimebound:SlimeBrawl"],"picked":"Slimebound:Nibble","floor":16.0},{"not_picked":["Slimebound:Teamwork","Slimebound:MassRepurpose"],"picked":"Slimebound:SelfFormingGoo","floor":17.0},{"not_picked":["Slimebound:SplitLeeching","Slimebound:RollThrough"],"picked":"Slimebound:Replication+1","floor":20.0},{"not_picked":["Slimebound:SplitBruiser","Slimebound:ServeAndProtect"],"picked":"Slimebound:OozeBath","floor":21.0},{"not_picked":["Slimebound:LeechingTouch","Slimebound:ComboTackle"],"picked":"Slimebound:FlameTackle","floor":22.0},{"not_picked":["Slimebound:ComboTackle","Slimebound:LeechEnergy"],"picked":"Slimebound:PressTheAttack","floor":24.0},{"not_picked":["Slimebound:DivideAndConquer","Slimebound:Dissolve"],"picked":"Slimebound:SamplingLick","floor":25.0},{"not_picked":["Slimebound:GoopSpray","Slimebound:ComboTackle+1"],"picked":"Slimebound:SlimeSpikes","floor":28.0},{"not_picked":["Slimebound:PressTheAttack","Slimebound:SlimeSpikes"],"picked":"Slimebound:GoopSpray","floor":29.0},{"not_picked":["Slimebound:SplitAcid","Slimebound:PressTheAttack"],"picked":"Slimebound:Repurpose","floor":32},{"not_picked":["Slimebound:LeechEnergy","Slimebound:ProtectTheBoss"],"picked":"Slimebound:CheckThePlaybook","floor":33},{"not_picked":["Slimebound:LeechLife","Slimebound:OneTwoCombo"],"picked":"Slimebound:OozeBath","floor":34},{"not_picked":["Slimebound:SplitLeeching","Slimebound:DivideAndConquer"],"picked":"Slimebound:FlameTackle+1","floor":37},{"not_picked":["Slimebound:RejuvenatingLick+1","Slimebound:SplitLeeching"],"picked":"Slimebound:Gluttony","floor":38},{"not_picked":["expansioncontent:PolyBeam","expansioncontent:Collect"],"picked":"expansioncontent:Flail","floor":39},{"not_picked":["expansioncontent:Torchfire","expansioncontent:FaceSlap"],"picked":"expansioncontent:Sear","floor":39},{"not_picked":["expansioncontent:ManipulateTime","expansioncontent:GuardianWhirl"],"picked":"expansioncontent:ChargeUp","floor":39},{"not_picked":["Slimebound:BestDefense+1","Slimebound:SplitAcid"],"picked":"Slimebound:Equalize+1","floor":40},{"not_picked":["Slimebound:SplitMire+1","Slimebound:GrowthPunch+1"],"picked":"Slimebound:Chomp+1","floor":42},{"not_picked":["Slimebound:SlimeTap","Slimebound:ViciousTackle+1"],"picked":"Slimebound:BestDefense","floor":43},{"not_picked":["Slimebound:ProtectTheBoss","Slimebound:Gluttony+1"],"picked":"Slimebound:ItLooksTasty","floor":44},{"not_picked":["Slimebound:PressTheAttack+1","Slimebound:HauntingLick"],"picked":"Slimebound:WasteNot","floor":47},{"not_picked":["Slimebound:LeechEnergy+1","Slimebound:SplitAcid+1"],"picked":"Slimebound:BestDefense+1","floor":48},{"not_picked":["Slimebound:SlimeBrawl","Slimebound:RollThrough"],"picked":"Slimebound:Replication","floor":50}],"player_experience":394957,"relics_obtained":[{"floor":4.0,"key":"vexMod:BerryBomb"},{"floor":7.0,"key":"Anchor"},{"floor":8.0,"key":"Lizard Tail"},{"floor":20.0,"key":"ReplayTheSpireMod:Lightbulb"},{"floor":25.0,"key":"aspiration:FetidBarrel"},{"floor":28.0,"key":"Replay:Mystery Machine"},{"floor":30.0,"key":"ReplayTheSpireMod:Ring of Addiction"},{"floor":30.0,"key":"SacredBark"},{"floor":30.0,"key":"Chameleon Ring"},{"floor":30.0,"key":"Ring of Panic"},{"floor":31.0,"key":"Necronomicon"},{"floor":40,"key":"Mirror"},{"floor":42,"key":"Replay:PocketPolymizer"},{"floor":43,"key":"Simple Rune"}],"event_choices":[{"damage_healed":0.0,"max_hp_gain":0.0,"max_hp_loss":0.0,"gold_gain":0.0,"cards_transformed":["Slimebound:PressTheAttack"],"event_name":"Transmorgrifier","player_choice":"Transformed","floor":6.0,"gold_loss":0.0,"damage_taken":0.0,"cards_obtained":["Slimebound:DuplicatedForm"]},{"damage_healed":0.0,"max_hp_gain":0.0,"max_hp_loss":0.0,"gold_gain":0.0,"event_name":"Accursed Blacksmith","player_choice":"Rummage","floor":12.0,"gold_loss":0.0,"damage_taken":0.0,"relics_obtained":["WarpedTongs"],"cards_obtained":["Pain"]},{"damage_healed":0.0,"max_hp_gain":0.0,"max_hp_loss":0.0,"gold_gain":0.0,"event_name":"Addict","player_choice":"Stole Relic","floor":23.0,"gold_loss":0.0,"damage_taken":0.0,"relics_obtained":["halation:KoshaPiece"],"cards_obtained":["Shame"]},{"cards_removed":["Slimebound:SelfFormingGoo"],"damage_healed":0.0,"max_hp_gain":10.0,"max_hp_loss":0.0,"gold_gain":0.0,"event_name":"Bonfire Elementals","player_choice":"Offered Rare","floor":26.0,"gold_loss":0.0,"damage_taken":0.0}],"is_beta":true,"boss_relics":[{"not_picked":["hubris:RunicObelisk","ChewingGum"],"picked":"hubris:Backtick"},{"not_picked":["hubris:VirtuousBlindfold","CosmicIsotope"],"picked":"vexMod:MysteryBossChallenge"}],"items_purged_floors":[24,24,46],"is_endless":false,"potions_floor_spawned":[7,13,14,22,29,32,33,34,40,43,50],"ascension_level":0}}