{"host":"hjw1ay65n7jm40lc","time":1608413747,"event":{"mods":["AchievementEnabler","BaseMod","Colored Map","Colored Powertips","Googly Eyes","Highlight Path","Minty Spire (QoL Compilation)","Quick Restart","Relic Stats"],"gold_per_floor":[118,43,59,70,70,70,89,114,114,125,152,152,179,192,192,269,269,286,301,317,329,348,348,375,375,375,162,176,176,202,215,215,291,291,304,318,318,318,163,163,197,210,210,238,238,272,284,298,298,298,298,298],"floor_reached":51,"playtime":5441,"items_purged":["Strike_R","Strike_R"],"score":1552,"play_id":"690ab6ff-7f98-49d1-bba8-70c36598c10e","local_time":"20201219163547","is_ascension_mode":true,"campfire_choices":[{"data":"Whirlwind","floor":6.0,"key":"SMITH"},{"data":"Bash","floor":12.0,"key":"SMITH"},{"data":"Second Wind","floor":15.0,"key":"SMITH"},{"data":"Battle Trance","floor":23.0,"key":"SMITH"},{"floor":25.0,"key":"RECALL"},{"data":"Feel No Pain","floor":29.0,"key":"SMITH"},{"data":"Bludgeon","floor":32.0,"key":"SMITH"},{"floor":40.0,"key":"REST"},{"floor":49.0,"key":"REST"}],"circlet_count":0,"master_deck":["AscendersBane","Strike_R","Defend_R","Defend_R","Defend_R","Defend_R","Bash+1","Whirlwind+1","Headbutt","Battle Trance+1","Shrug It Off","Second Wind+1","Reaper","Armaments+1","Dark Embrace","Feel No Pain+1","Shockwave+1","Bludgeon+1","Impervious+1","Flame Barrier+1","Impervious+1","Power Through+1"],"relics":["Burning Blood","Bronze Scales","Lizard Tail","Blue Candle","Gremlin Horn","Happy Flower","Snecko Eye","Bottled Lightning","Toxic Egg 2","Vajra","Fusion Hammer","Boot","Letter Opener","Question Card"],"acts_visited":["Exordium","TheCity","TheBeyond"],"potions_floor_usage":[51],"damage_taken":[{"damage":7.0,"enemies":"Jaw Worm","floor":1.0,"turns":4.0},{"damage":7.0,"enemies":"Small Slimes","floor":3.0,"turns":3.0},{"damage":1.0,"enemies":"Cultist","floor":4.0,"turns":3.0},{"damage":0.0,"enemies":"Exordium Wildlife","floor":7.0,"turns":2.0},{"damage":32.0,"enemies":"Gremlin Nob","floor":8.0,"turns":4.0},{"damage":6.0,"enemies":"Blue Slaver","floor":10.0,"turns":4.0},{"damage":10.0,"enemies":"3 Sentries","floor":11.0,"turns":3.0},{"damage":27.0,"enemies":"Lagavulin","floor":13.0,"turns":5.0},{"damage":7.0,"enemies":"Large Slime","floor":14.0,"turns":6.0},{"damage":50.0,"enemies":"Hexaghost","floor":16.0,"turns":12.0},{"damage":0.0,"enemies":"Chosen","floor":18.0,"turns":5.0},{"damage":23.0,"enemies":"Shell Parasite","floor":19.0,"turns":4.0},{"damage":5.0,"enemies":"3 Cultists","floor":20.0,"turns":4.0},{"damage":22.0,"enemies":"Snake Plant","floor":21.0,"turns":4.0},{"damage":10.0,"enemies":"Snecko","floor":22.0,"turns":6.0},{"damage":9.0,"enemies":"Gremlin Leader","floor":24.0,"turns":6.0},{"damage":0.0,"enemies":"Centurion and Healer","floor":28.0,"turns":9.0},{"damage":25.0,"enemies":"Book of Stabbing","floor":30.0,"turns":6.0},{"damage":4.0,"enemies":"Cultist and Chosen","floor":31.0,"turns":4.0},{"damage":64.0,"enemies":"Collector","floor":33.0,"turns":8.0},{"damage":1.0,"enemies":"3 Shapes","floor":35.0,"turns":3.0},{"damage":4.0,"enemies":"3 Darklings","floor":36.0,"turns":3.0},{"damage":0.0,"enemies":"Reptomancer","floor":41.0,"turns":3.0},{"damage":25.0,"enemies":"Writhing Mass","floor":42.0,"turns":4.0},{"damage":37.0,"enemies":"Nemesis","floor":44.0,"turns":7.0},{"damage":4.0,"enemies":"Reptomancer","floor":46.0,"turns":4.0},{"damage":0.0,"enemies":"Spire Growth","floor":47.0,"turns":4.0},{"damage":7.0,"enemies":"Transient","floor":48.0,"turns":6.0},{"damage":29.0,"enemies":"Time Eater","floor":50.0,"turns":10.0},{"damage":55,"enemies":"Donu and Deca","floor":51,"turns":8}],"seed_played":"-3828665014938594969","potions_obtained":[{"floor":3.0,"key":"Ancient Potion"},{"floor":4.0,"key":"ElixirPotion"},{"floor":8.0,"key":"BlessingOfTheForge"},{"floor":14.0,"key":"FearPotion"},{"floor":20.0,"key":"SmokeBomb"},{"floor":22.0,"key":"DistilledChaos"},{"floor":30.0,"key":"Regen Potion"},{"floor":31.0,"key":"Block Potion"},{"floor":33.0,"key":"ColorlessPotion"},{"floor":44.0,"key":"BlessingOfTheForge"},{"floor":46.0,"key":"Dexterity Potion"}],"is_trial":false,"path_per_floor":["M","?","M","M","?","R","M","E","T","M","E","R","E","M","R","B",null,"M","M","M","M","M","R","E","R","T","$","M","R","E","M","R","B",null,"M","M","?","?","$","R","E","M","T","E","?","E","M","M","R","B","B"],"character_chosen":"IRONCLAD","items_purchased":["Feel No Pain","Strength Potion","PowerPotion"],"campfire_rested":2,"item_purchase_floors":[27,27,39],"current_hp_per_floor":[67,67,66,71,71,71,75,49,49,49,45,45,24,23,23,17,61,73,63,75,59,61,61,64,64,64,64,75,75,56,75,75,27,63,75,75,75,71,71,71,71,59,59,35,58,58,58,57,58,36,0,0],"gold":298,"neow_bonus":"RANDOM_COMMON_RELIC","is_daily":false,"chose_seed":false,"campfire_upgraded":6,"win_rate":0.0,"timestamp":1608413747,"path_taken":["M","?","M","M","?","R","M","E","T","?","E","R","E","M","R","BOSS","M","M","M","M","M","R","E","R","T","$","M","R","E","M","R","BOSS","M","M","?","?","$","R","E","M","T","E","?","E","M","M","R","BOSS","BOSS"],"items_purchased_type":["Card","Potion","Potion"],"build_version":"2020-12-13","purchased_purges":2,"victory":false,"max_hp_per_floor":[75,75,75,75,75,75,75,75,75,75,75,75,75,75,75,75,75,75,75,75,75,75,75,75,75,75,75,75,75,75,75,75,75,75,75,75,75,71,71,71,71,71,71,71,58,58,58,58,58,58,58,58],"relic_stats":{"Lizard Tail":37,"Gremlin Horn":[19,23],"Happy Flower":[42],"counters":[30,154],"Bronze Scales":[441],"Blue Candle":[0],"Snecko Eye":[204,201,222,215],"Letter Opener":[74],"Boot":[4],"Question Card":2,"obtain_stats":[{"Gremlin Horn":11,"Happy Flower":13,"Blue Candle":9,"Vajra":30,"Letter Opener":44,"Boot":41,"Question Card":46,"Burning Blood":0,"Lizard Tail":8,"Bronze Scales":0,"Snecko Eye":17,"Fusion Hammer":34,"Bottled Lightning":24,"Toxic Egg 2":26},{"Gremlin Horn":7,"Happy Flower":8,"Blue Candle":5,"Vajra":18,"Letter Opener":25,"Boot":23,"Question Card":26,"Burning Blood":0,"Lizard Tail":5,"Bronze Scales":0,"Snecko Eye":10,"Fusion Hammer":20,"Bottled Lightning":16,"Toxic Egg 2":16},{"Gremlin Horn":23,"Happy Flower":28,"Blue Candle":16,"Vajra":90,"Letter Opener":122,"Boot":111,"Question Card":126,"Burning Blood":0,"Lizard Tail":16,"Bronze Scales":0,"Snecko Eye":46,"Fusion Hammer":102,"Bottled Lightning":75,"Toxic Egg 2":75}],"Burning Blood":142},"card_choices":[{"not_picked":["Cleave","Heavy Blade"],"picked":"Whirlwind","floor":1.0},{"not_picked":["Rupture","Thunderclap"],"picked":"Headbutt","floor":3.0},{"not_picked":["Pommel Strike","Flex","Corruption"],"picked":"SKIP","floor":4.0},{"not_picked":["Disarm","Rampage"],"picked":"Battle Trance","floor":7.0},{"not_picked":["Carnage","Burning Pact","Dual Wield"],"picked":"SKIP","floor":8.0},{"not_picked":["Rupture","Sword Boomerang","Iron Wave"],"picked":"SKIP","floor":10.0},{"not_picked":["Disarm","Reckless Charge"],"picked":"Shrug It Off","floor":11.0},{"not_picked":["Cleave","Wild Strike"],"picked":"Second Wind","floor":13.0},{"not_picked":["Battle Trance","Dropkick","Whirlwind"],"picked":"SKIP","floor":14.0},{"not_picked":["Juggernaut","Feed"],"picked":"Reaper","floor":16.0},{"not_picked":["Havoc","Disarm"],"picked":"Armaments+1","floor":18.0},{"not_picked":["Havoc","Wild Strike+1","Ghostly Armor"],"picked":"SKIP","floor":19.0},{"not_picked":["Evolve","Sword Boomerang","Battle Trance"],"picked":"SKIP","floor":20.0},{"not_picked":["Heavy Blade","Iron Wave","Metallicize"],"picked":"SKIP","floor":21.0},{"not_picked":["Rupture","Dual Wield"],"picked":"Dark Embrace","floor":22.0},{"not_picked":["Hemokinesis+1","Anger","True Grit"],"picked":"SKIP","floor":24.0},{"not_picked":["Power Through+1","Sword Boomerang"],"picked":"Shockwave+1","floor":28.0},{"not_picked":["Wild Strike","Anger","Ghostly Armor+1"],"picked":"SKIP","floor":30.0},{"not_picked":["Heavy Blade","Cleave"],"picked":"Bludgeon","floor":31.0},{"not_picked":["Feed","Barricade"],"picked":"Impervious+1","floor":33.0},{"not_picked":["Flex+1","Bloodletting+1","Havoc+1"],"picked":"SKIP","floor":35.0},{"not_picked":["Infernal Blade+1","Perfected Strike+1","Clothesline"],"picked":"SKIP","floor":36.0},{"not_picked":["Entrench+1","Iron Wave+1","Fire Breathing"],"picked":"SKIP","floor":41.0},{"not_picked":["Shrug It Off+1","Heavy Blade+1"],"picked":"Flame Barrier+1","floor":42.0},{"not_picked":["Iron Wave+1","Flex+1"],"picked":"Impervious+1","floor":44.0},{"not_picked":["Sword Boomerang","Wild Strike","Perfected Strike+1"],"picked":"SKIP","floor":46.0},{"not_picked":["Clothesline+1","Flex+1","Clash","Havoc+1"],"picked":"SKIP","floor":47.0},{"not_picked":["Iron Wave+1","Entrench+1","Second Wind+1"],"picked":"Power Through+1","floor":48.0}],"player_experience":376920,"relics_obtained":[{"floor":8.0,"key":"Lizard Tail"},{"floor":9.0,"key":"Blue Candle"},{"floor":11.0,"key":"Gremlin Horn"},{"floor":13.0,"key":"Happy Flower"},{"floor":24.0,"key":"Bottled Lightning"},{"floor":26.0,"key":"Toxic Egg 2"},{"floor":30.0,"key":"Vajra"},{"floor":41.0,"key":"Boot"},{"floor":44.0,"key":"Letter Opener"},{"floor":46.0,"key":"Question Card"}],"event_choices":[{"cards_removed":["Strike_R"],"damage_healed":0.0,"max_hp_gain":0.0,"max_hp_loss":0.0,"gold_gain":0.0,"event_name":"The Cleric","player_choice":"Card Removal","floor":2.0,"gold_loss":75.0,"damage_taken":0.0},{"cards_removed":["Strike_R"],"damage_healed":0.0,"max_hp_gain":0.0,"max_hp_loss":0.0,"gold_gain":0.0,"event_name":"Wheel of Change","player_choice":"Card Removal","floor":5.0,"gold_loss":0.0,"damage_taken":0.0},{"damage_healed":0.0,"max_hp_gain":0.0,"max_hp_loss":0.0,"gold_gain":0.0,"event_name":"Tomb of Lord Red Mask","player_choice":"Ignored","floor":37.0,"gold_loss":0.0,"damage_taken":0.0},{"damage_healed":0.0,"max_hp_gain":0.0,"max_hp_loss":4.0,"gold_gain":0.0,"event_name":"Winding Halls","player_choice":"Max HP","floor":38.0,"gold_loss":0.0,"damage_taken":0.0},{"damage_healed":58.0,"max_hp_gain":0.0,"max_hp_loss":13.0,"gold_gain":0.0,"event_name":"The Moai Head","player_choice":"Heal","floor":45.0,"gold_loss":0.0,"damage_taken":0.0}],"is_beta":false,"boss_relics":[{"not_picked":["SacredBark","Coffee Dripper"],"picked":"Snecko Eye"},{"not_picked":["Calling Bell","Empty Cage"],"picked":"Fusion Hammer"}],"items_purged_floors":[27,39],"is_endless":false,"potions_floor_spawned":[3,4,8,14,20,22,30,31,33,41,44,46,47],"killed_by":"Donu and Deca","ascension_level":20}}