{"host":"llpusn9usp8rznkj","time":1608411917,"event":{"mods":["2.2 Compatiblity","BaseMod","Colored Map","Colored Powertips","Conspire","Downfall","Hubris","Minty Spire (QoL Compilation)","Rare Cards Sparkle","Replay The Spire","StSLib","The Cursed"],"gold_per_floor":[111,129,129,129,279,279,309,309,335,365,261,15,28,78,78,150,150,161,161,161,81,81,107,107,107,107,107,107,107,117,41,41,71,71,148,148,148,148],"floor_reached":37,"playtime":1336,"items_purged":["Doubt"],"score":860,"play_id":"e65cea1a-cc87-4ad1-addc-9ae97b082d18","local_time":"20201219160517","is_ascension_mode":true,"campfire_choices":[{"data":"Noxious Fumes","floor":6,"key":"SMITH"},{"data":"Deadly Poison","floor":8,"key":"SMITH"},{"floor":15,"key":"REST"},{"data":"Calculated Gamble","floor":24,"key":"SMITH"},{"data":"Prepared","floor":27,"key":"SMITH"},{"data":"Prepared","floor":29,"key":"SMITH"},{"floor":34,"key":"REST"}],"circlet_count":0,"master_deck":["AscendersBane","Strike_G+1","Strike_G+1","Strike_G+1","Strike_G+1","Strike_G+1","Defend_G+1","Defend_G+1","Defend_G+1","Defend_G+1","Survivor","Neutralize","Noxious Fumes+1","Prepared+1","ReplayTheSpireMod:Necrosis+1","Deadly Poison+1","Poisoned Stab","Prepared+1","ReplayTheSpireMod:Scrap Shanks","Calculated Gamble+1","Tools of the Trade+1","Blade Dance","Backflip","ReplayTheSpireMod:Scrap Shanks","Reflex","Infinite Blades+1","Envenom"],"relics":["Ring of the Snake","NeowsBlessing","Lizard Tail","hubris:Reverence","Juzu Bracelet","Runic Dome","MutagenicStrength","hubris:Metronome","conspire:GlowingRock","Oddly Smooth Stone","conspire:SeveredTorchhead"],"acts_visited":["Exordium","TheCity","TheBeyond"],"potions_floor_usage":[10,23,23,33],"damage_taken":[{"damage":0,"enemies":"Cultist","floor":1,"turns":1},{"damage":0,"enemies":"conspire:RoseBush","floor":2,"turns":1},{"damage":0,"enemies":"Replay:BlueRogue","floor":7,"turns":1},{"damage":20,"enemies":"Lagavulin","floor":10,"turns":8},{"damage":7,"enemies":"Small Slimes","floor":13,"turns":3},{"damage":36,"enemies":"Fading Forest","floor":16,"turns":13},{"damage":16,"enemies":"Chosen","floor":18,"turns":5},{"damage":48,"enemies":"conspire:SneckoGhost","floor":23,"turns":7},{"damage":1,"enemies":"conspire:FuzzyDice","floor":30,"turns":4},{"damage":13,"enemies":"conspire:Head Lice","floor":33,"turns":3},{"damage":18,"enemies":"conspire:MysteriousRune","floor":35,"turns":5},{"damage":20,"enemies":"3 Shapes","floor":37,"turns":3}],"seed_played":"-8873363434834779873","potions_obtained":[{"floor":1,"key":"Ancient Potion"},{"floor":2,"key":"DuplicationPotion"},{"floor":16,"key":"Swift Potion"},{"floor":30,"key":"ColorlessPotion"}],"is_trial":false,"path_per_floor":["M","M","?","?","?","R","E","R","T","E","$","$","M","?","R","B",null,"M","?","?","?","$","E","R","PTL","PTL","R","T","R","M","$","?","E","R","B",null,"M"],"character_chosen":"THE_SILENT","items_purchased":["Prepared","Juzu Bracelet","ReplayTheSpireMod:Scrap Shanks","Reflex"],"campfire_rested":2,"item_purchase_floors":[11,12,12,31],"current_hp_per_floor":[59,59,59,39,39,39,39,39,39,19,19,19,12,12,31,3,50,34,34,34,34,34,33,33,33,33,33,33,33,32,32,32,19,38,20,55,35,35],"gold":148,"neow_bonus":"THREE_ENEMY_KILL","is_daily":false,"chose_seed":false,"campfire_upgraded":5,"win_rate":0.0,"timestamp":1608411917,"path_taken":["M","?","?","?","?","R","E","R","T","E","?","$","M","?","R","BOSS","M","?","?","?","?","E","R","PTL","PTL","R","T","R","M","$","?","E","R","BOSS","M"],"items_purchased_type":["Card","Relic","Card","Card"],"build_version":"2020-12-13","purchased_purges":1,"victory":false,"max_hp_per_floor":[66,66,66,66,66,66,66,66,66,66,66,66,66,66,66,66,66,66,66,66,66,66,66,66,66,66,66,66,66,66,66,66,66,66,66,66,66,66],"card_choices":[{"not_picked":["Dodge and Roll","Endless Agony"],"picked":"Noxious Fumes","floor":1},{"not_picked":["Sucker Punch","Quick Slash"],"picked":"Prepared","floor":2},{"not_picked":["ReplayTheSpireMod:The Works","Dash"],"picked":"Deadly Poison","floor":7},{"not_picked":["Flying Knee","Bane"],"picked":"Poisoned Stab","floor":10},{"not_picked":["Heel Hook","Backflip"],"picked":"Calculated Gamble","floor":13},{"not_picked":["After Image","Storm of Steel"],"picked":"Tools of the Trade","floor":16},{"not_picked":["Cloak And Dagger","Dagger Spray"],"picked":"Blade Dance","floor":18},{"not_picked":["Slice","Venomology"],"picked":"Backflip","floor":23},{"not_picked":["Draining Mist","Underhanded Strike"],"picked":"ReplayTheSpireMod:Scrap Shanks","floor":30},{"not_picked":["Doppelganger","Dodge and Roll"],"picked":"Infinite Blades+1","floor":33},{"not_picked":["Glass Knife","Corpse Explosion"],"picked":"Envenom","floor":35}],"player_experience":1092217,"relics_obtained":[{"floor":7,"key":"Lizard Tail"},{"floor":10,"key":"hubris:Reverence"},{"floor":23,"key":"hubris:Metronome"},{"floor":28,"key":"conspire:GlowingRock"},{"floor":33,"key":"Oddly Smooth Stone"}],"event_choices":[{"damage_healed":0,"gold_gain":0,"player_choice":"Entered Light","damage_taken":20,"max_hp_gain":0,"max_hp_loss":0,"event_name":"Shining Light","floor":4,"gold_loss":0,"cards_upgraded":["Defend_G","Strike_G"]},{"damage_healed":0,"gold_gain":150,"player_choice":"AGREE","damage_taken":0,"max_hp_gain":0,"max_hp_loss":0,"event_name":"Liars Game","floor":5,"gold_loss":0,"cards_obtained":["Doubt"]},{"damage_healed":0,"gold_gain":50,"player_choice":"Pray","damage_taken":0,"max_hp_gain":0,"max_hp_loss":0,"event_name":"Golden Shrine","floor":14,"gold_loss":0},{"damage_healed":0,"gold_gain":0,"player_choice":"Simplicity","damage_taken":0,"max_hp_gain":0,"max_hp_loss":0,"event_name":"Back to Basics","floor":19,"gold_loss":0,"cards_upgraded":["Strike_G","Strike_G","Strike_G","Strike_G","Defend_G","Defend_G","Defend_G"]},{"damage_healed":0,"gold_gain":0,"player_choice":"Inject Mutagens","damage_taken":0,"relics_obtained":["MutagenicStrength"],"max_hp_gain":0,"max_hp_loss":0,"event_name":"Drug Dealer","floor":20,"gold_loss":0},{"damage_healed":0,"gold_gain":0,"player_choice":"Upgraded","damage_taken":0,"max_hp_gain":0,"max_hp_loss":0,"event_name":"Upgrade Shrine","floor":32,"gold_loss":0,"cards_upgraded":["Tools of the Trade"]}],"is_beta":false,"boss_relics":[{"not_picked":["Replay:Bronze Core","Replay:Wanted Poster"],"picked":"Runic Dome"},{"not_picked":["hubris:BlackHole","ChewingGum"],"picked":"conspire:SeveredTorchhead"}],"items_purged_floors":[11],"is_endless":false,"potions_floor_spawned":[1,2,16,30],"killed_by":"3 Shapes","ascension_level":20}}