{"host":"8xp52u5o8fcssvzz","time":1608338269,"event":{"mods":["2.2 Compatiblity","AchievementEnabler","Act Like it!","Aspiration","BaseMod","Better Altar","Better Match","Better Note","Better Sensory Stone","Better Skull","Better Third Choice","BetterRewards","CatGirl Mod","Colored Map","Conspire","Downfall","Gensokyo","GifTheSpireLib","Googly Eyes","Halation","Hallownest","Highlight Path","Hubris","Infinite Spire","Jorbs\u0027s Wanderer Trilogy","Koishi","Lobotomy","LobotomyExtend","Marisa????????","Menagerie","Mimic Mod","Minty Spire (QoL Compilation)","Reimu??????","Remilia??????","Replay The Spire","SIMod","Shade Mod","Spicy Shops","StSLib","Stuff the Spire","The Administrix","The Blackbeard","The Bladedancer","The Construct","The Cursed","The Gatherer","The Necromancer","The Runesmith","The Servant 0.9.4","The Valiant","TheFirefly","TheSwordswoman","Unceasing Turn Reminder","everything is the same but u backflip on backflip"],"gold_per_floor":[113,113,124,49,49,80,102,102,159,216,248,302,311,245,245,360,360,391,227,227,257,114,114,173,173,220,228,228],"floor_reached":27,"playtime":1788,"items_purged":["StuffTheSpire:CuriosityCurse","Defend_S"],"score":258,"play_id":"93e95d5f-3fb1-4afe-8e20-bd647b732d71","local_time":"20201218163749","is_ascension_mode":true,"campfire_choices":[{"data":"ShiftingGears","floor":8,"key":"SMITH"},{"floor":15,"key":"REST"},{"data":"Deny","floor":23,"key":"SMITH"}],"circlet_count":0,"master_deck":["Strike_S","Strike_S","Strike_S","Defend_S","Defend_S","Defend_S","KidneyShot","Exchange","Revamp","Alleviate","Potential","ShiftingGears+1","BottledTime","Deny+1","FloweringNight","infinitespire:Starlight","Revamp+1","Deny","TimeWarp","Foresight","Replace","hubris:InfiniteBlow"],"relics":["Uniform","LetterFromLob","hubris:TenFootPole","Replay:Bandana","CeramicFish","StuffTheSpire:OldFever","StoneCalendar","conspire:SpecialSausage","hubris:ToyBattleship","Sling","ReplayTheSpireMod:TigerMarble","halation:IllGainedPizza","hubris:DeckOfHolding"],"acts_visited":["Exordium","TheCity"],"potions_floor_usage":[12,12,12,16,21,24],"damage_taken":[{"damage":0,"enemies":"Menagerie:2_RABBITS","floor":1,"turns":6},{"damage":4,"enemies":"Menagerie:WhisperingWraith","floor":3,"turns":6},{"damage":11,"enemies":"Menagerie:Hydra","floor":6,"turns":13},{"damage":1,"enemies":"Menagerie:MonstrousExperiment","floor":7,"turns":5},{"damage":0,"enemies":"Menagerie:3_RABBITS","floor":9,"turns":5},{"damage":18,"enemies":"Menagerie:MaskedSummoner","floor":10,"turns":9},{"damage":2,"enemies":"Menagerie:3_RABBITS","floor":11,"turns":4},{"damage":3,"enemies":"Menagerie:VoidReaper","floor":12,"turns":4},{"damage":20,"enemies":"Menagerie:Suneater","floor":16,"turns":7},{"damage":15,"enemies":"3 Byrds","floor":18,"turns":6},{"damage":6,"enemies":"Shell Parasite","floor":21,"turns":3},{"damage":23,"enemies":"Nightmare","floor":24,"turns":5},{"damage":22,"enemies":"Centurion and Healer","floor":26,"turns":6},{"damage":27,"enemies":"Slavers","floor":27,"turns":2}],"seed_played":"-3109268602617310794","potions_obtained":[{"floor":1,"key":"ZuzhouPotion:ReiMu"},{"floor":3,"key":"DuplicationPotion"},{"floor":10,"key":"Adrenaline Potion"},{"floor":11,"key":"Strength Potion"},{"floor":12,"key":"Adrenaline Potion"},{"floor":18,"key":"Block Potion"},{"floor":21,"key":"SteroidPotion"}],"is_trial":false,"path_per_floor":["M","?","M","$","?","E","M","R","MIM","E","M","E","?","?","R","B",null,"M","$","?","M","$","R","NM","?","MIM","E"],"character_chosen":"THE_SERVANT","items_purchased":["Foresight","Replace","Sling"],"campfire_rested":1,"item_purchase_floors":[19,19,22],"current_hp_per_floor":[65,65,61,61,61,50,49,49,49,31,29,26,18,18,37,27,65,60,60,60,64,64,64,41,34,22,0,0],"gold":228,"neow_bonus":"REMOVE_CARD","is_daily":false,"chose_seed":false,"campfire_upgraded":2,"win_rate":0.0,"timestamp":1608338269,"path_taken":["M","?","M","$","?","E","M","R","MIM","E","M","E","?","?","R","BOSS","M","$","?","?","?","R","NM","?","MIM","E"],"items_purchased_type":["Card","Card","Relic"],"build_version":"2020-12-13","purchased_purges":2,"victory":false,"max_hp_per_floor":[65,65,65,65,65,65,65,65,65,65,65,65,65,65,65,65,65,65,65,65,65,65,65,65,65,65,65,65],"card_choices":[{"not_picked":["Deadline","Starlight"],"picked":"Revamp","floor":1},{"not_picked":["Revamp","Rearm"],"picked":"Alleviate","floor":3},{"not_picked":["Alleviate","Desolation"],"picked":"Potential","floor":6},{"not_picked":["Alleviate","Starlight"],"picked":"ShiftingGears","floor":7},{"not_picked":["TimeTheft","Starlight"],"picked":"BottledTime","floor":9},{"not_picked":["Duplication","DoubleEdge"],"picked":"Deny","floor":10},{"not_picked":["FastForward","Collapse","SurpressingFire"],"picked":"SKIP","floor":11},{"not_picked":["Reset","GearUp"],"picked":"FloweringNight","floor":12},{"not_picked":["ReplayTheSpireMod:??????????????????????","hubris:Rewind"],"picked":"infinitespire:Starlight","floor":13},{"not_picked":["Unruled+1","Alleviate+1"],"picked":"Revamp+1","floor":14},{"not_picked":["Duplication","Embodiment"],"picked":"Deny","floor":16},{"not_picked":["Spin","Sabotage+1"],"picked":"TimeWarp","floor":18},{"not_picked":["Revamp","Defy+1","ReturningBlade"],"picked":"SKIP","floor":21},{"not_picked":["Replay:Fractal Strike","ReplayTheSpireMod:Chaos Vortex"],"picked":"hubris:InfiniteBlow","floor":24},{"not_picked":["LightFlow","Replace","Ricochet"],"picked":"SKIP","floor":24}],"player_experience":457096,"relics_obtained":[{"floor":1,"key":"LetterFromLob"},{"floor":6,"key":"Replay:Bandana"},{"floor":9,"key":"CeramicFish"},{"floor":10,"key":"StuffTheSpire:OldFever"},{"floor":12,"key":"StoneCalendar"},{"floor":24,"key":"ReplayTheSpireMod:TigerMarble"},{"floor":26,"key":"hubris:DeckOfHolding"}],"event_choices":[{"damage_healed":0,"gold_gain":0,"player_choice":"2","damage_taken":0,"max_hp_gain":0,"max_hp_loss":0,"event_name":"betterMatch:BetterMatch","floor":14,"gold_loss":0,"cards_obtained":["betterMatch:CommonCard"]},{"damage_healed":0,"gold_gain":0,"player_choice":"RE ","damage_taken":18,"relics_obtained":["halation:IllGainedPizza"],"max_hp_gain":0,"max_hp_loss":0,"event_name":"betterSkull:BetterSkull","floor":25,"gold_loss":0,"cards_upgraded":[]}],"is_beta":false,"boss_relics":[{"not_picked":["hubris:CrackedHourglass","aspiration:PoetsPen_weak"],"picked":"conspire:SpecialSausage"}],"items_purged_floors":[4,19],"is_endless":true,"potions_floor_spawned":[1,3,10,11,12,18,21],"killed_by":"Slavers","ascension_level":1}}