{"host":"wxm9nhpxzwflah6x","time":1608342171,"event":{"mods":["2.2 Compatiblity","AchievementEnabler","BaseMod","Bestiary","Better Third Choice","Challenge The Spire","Curses Come First","Minty Spire (QoL Compilation)","Quick Restart","Rare Cards Sparkle","Replay The Spire","StSLib","TheHero"],"gold_per_floor":[555,21,131,244,363,363,244,60,178,289,400,400,110,110,222,337,452,562],"floor_reached":19,"playtime":4763,"items_purged":["animeID:Smash","animeID:Smash"],"score":2615,"play_id":"18493258-0eec-4c6e-ab11-04a1f43efdd6","local_time":"20201218174251","daily_mods":["challengethespire:Bronze Difficulty","challengethespire:Boss Rush","Uncertain Future"],"is_ascension_mode":false,"campfire_choices":[{"floor":14.0,"key":"DIG"}],"circlet_count":0,"master_deck":["animeID:Deku","animeID:Bakugo","animeID:Smash","animeID:Smash","animeID:DefendMH","animeID:DefendMH+1","animeID:DefendMH","animeID:DefendMH+1","animeID:NightEye+1","animeID:Tomura+1","animeID:Momo+1","animeID:Crystallize+1","ReplayTheSpireMod:Trickstab+1","animeID:Tsuyu+1","animeID:Iida+1","animeID:RecoveryGirl+1","animeID:MirioTogata+1","animeID:TodorokiShoto+1","animeID:NightEye+1","animeID:Momo+1","animeID:Mineta+1","animeID:FatGum+1","animeID:Ojiro+1","animeID:MtLady+1","Good Instincts+1","Sadistic Nature+1","ReplayTheSpireMod:Brewmster+1","animeID:SkinnyGum+1","animeID:MirioTogata+1","animeID:Hawks+1","animeID:MirioTogata+1","Madness+1","animeID:Eri+1","animeID:Tamaki+1","animeID:TodorokiShoto+1","animeID:USA_Smash+1","animeID:Iida+1","animeID:AllMight+1","animeID:Hatsume+1","animeID:NightEye+1","animeID:Eri+1"],"relics":["animeID:HeroCostume","The Courier","Molten Egg 2","Toxic Egg 2","Frozen Egg 2","BargainBundle","Simple Rune","Bronze Scales","Meat on the Bone","SlaversCollar","DollysMirror","Lee\u0027s Waffle","ReplayTheSpireMod:TigerMarble","Pet Ghost","Replay:Multitool","Strawberry","Centennial Puzzle","Blue Doll","Akabeko","Oddly Smooth Stone","Thread and Needle"],"acts_visited":["Exordium"],"potions_floor_usage":[17,18,18,18,18,18,18,18],"damage_taken":[{"damage":30.0,"enemies":"Hexaghost","floor":3.0,"turns":9.0},{"damage":0.0,"enemies":"Slime Boss","floor":4.0,"turns":6.0},{"damage":2.0,"enemies":"The Guardian","floor":5.0,"turns":8.0},{"damage":1.0,"enemies":"Automaton","floor":9.0,"turns":7.0},{"damage":0.0,"enemies":"Champ","floor":10.0,"turns":10.0},{"damage":0.0,"enemies":"Collector","floor":11.0,"turns":10.0},{"damage":6.0,"enemies":"Time Eater","floor":15.0,"turns":11.0},{"damage":39.0,"enemies":"Donu and Deca","floor":16.0,"turns":9.0},{"damage":13,"enemies":"Time Eater","floor":17,"turns":14},{"damage":45,"enemies":"The Heart","floor":18,"turns":11}],"seed_played":"-4757875696008109401","potions_obtained":[{"floor":5.0,"key":"Death Potion"},{"floor":10.0,"key":"FairyPotion"},{"floor":16.0,"key":"Swift Potion"},{"floor":17,"key":"ColorlessPotion"}],"is_trial":true,"path_per_floor":["$","$","M","M","M","T","$","$","M","M","M","T","$","R","M","M","M","M",null],"character_chosen":"THE_HERO","items_purchased":["animeID:NightEye+1","animeID:Tomura+1","animeID:Momo+1","animeID:Crystallize+1","ReplayTheSpireMod:Trickstab+1","animeID:Tsuyu+1","animeID:Iida+1","animeID:RecoveryGirl+1","animeID:MirioTogata+1","animeID:TodorokiShoto+1","animeID:NightEye+1","BargainBundle","animeID:Momo+1","animeID:Mineta+1","animeID:FatGum+1","animeID:Ojiro+1","animeID:MtLady+1","Good Instincts+1","Sadistic Nature+1","ReplayTheSpireMod:Brewmster+1","DollysMirror","Madness+1","Lee\u0027s Waffle","animeID:USA_Smash+1","Strawberry","animeID:Iida+1"],"campfire_rested":0,"item_purchase_floors":[1,1,1,1,1,1,1,1,2,2,2,2,2,2,2,2,2,2,2,2,7,8,8,13,13,13],"current_hp_per_floor":[75,75,57,75,75,75,75,82,82,82,82,82,89,89,89,62,89,88],"gold":562,"neow_bonus":"","is_daily":false,"chose_seed":false,"campfire_upgraded":0,"win_rate":0.0,"timestamp":1608342171,"path_taken":["$","$","M","M","M","T","$","$","M","M","M","T","$","R","M","M","M","M"],"items_purchased_type":["Card","Card","Card","Card","Card","Card","Card","Card","Card","Card","Card","Relic","Card","Card","Card","Card","Card","Card","Card","Card","Relic","Card","Relic","Card","Relic","Card"],"build_version":"2020-12-13","purchased_purges":2,"victory":true,"max_hp_per_floor":[75,75,75,75,75,75,75,82,82,82,82,82,89,89,89,89,89,89],"card_choices":[],"player_experience":222455,"relics_obtained":[{"floor":3.0,"key":"Simple Rune"},{"floor":4.0,"key":"Bronze Scales"},{"floor":5.0,"key":"Meat on the Bone"},{"floor":9.0,"key":"ReplayTheSpireMod:TigerMarble"},{"floor":10.0,"key":"Pet Ghost"},{"floor":11.0,"key":"Replay:Multitool"},{"floor":14.0,"key":"Centennial Puzzle"},{"floor":15.0,"key":"Blue Doll"},{"floor":16.0,"key":"Akabeko"},{"floor":17,"key":"Oddly Smooth Stone"},{"floor":18,"key":"Thread and Needle"}],"event_choices":[],"is_beta":false,"boss_relics":[{"not_picked":["Sozu","Replay:Grab Bag"],"picked":"SlaversCollar"}],"items_purged_floors":[1,2],"is_endless":false,"potions_floor_spawned":[3,5,10,16,17],"ascension_level":0}}