{"host":"xr9kfrtt7uxz0mdc","time":1608415026,"event":{"mods":["AchievementEnabler","BaseMod","Highlight Path","Minty Spire (QoL Compilation)"],"gold_per_floor":[112,87,101,116,116,143,161,161,186,186,261,285,285,315,315,412,412,430,430,53,53,133,133,160,160,160],"floor_reached":25,"playtime":2859,"items_purged":[],"score":215,"play_id":"e4143db6-c9c3-4810-8f12-3dabdd33a762","local_time":"20201219225706","is_ascension_mode":false,"campfire_choices":[{"floor":8,"key":"REST"},{"floor":13,"key":"RECALL"},{"floor":15,"key":"REST"},{"data":"Alpha","floor":23,"key":"SMITH"}],"circlet_count":0,"master_deck":["Strike_P","Strike_P","Strike_P","Defend_P","Defend_P","Defend_P","Defend_P","Eruption+1","Vigilance","Indignation","Halt","FlurryOfBlows","EmptyFist","CutThroughFate","DeusExMachina","BattleHymn+1","Alpha+1","ClearTheMind+1"],"relics":["PureWater","Boot","Happy Flower","Sozu","GoldenEye","White Beast Statue","Lantern"],"acts_visited":["Exordium","TheCity"],"potions_floor_usage":[],"damage_taken":[{"damage":3,"enemies":"2 Louse","floor":1,"turns":2},{"damage":1,"enemies":"Jaw Worm","floor":3,"turns":3},{"damage":0,"enemies":"Small Slimes","floor":4,"turns":2},{"damage":46,"enemies":"Lagavulin","floor":6,"turns":6},{"damage":10,"enemies":"Looter","floor":7,"turns":3},{"damage":32,"enemies":"The Guardian","floor":16,"turns":6},{"damage":35,"enemies":"2 Thieves","floor":18,"turns":5},{"damage":46,"enemies":"Slavers","floor":24,"turns":3},{"damage":15,"enemies":"Shell Parasite","floor":25,"turns":2}],"seed_played":"4085403769254774289","potions_obtained":[{"floor":6,"key":"Swift Potion"},{"floor":16,"key":"Ancient Potion"}],"is_trial":false,"path_per_floor":["M","$","M","M","?","E","M","R","T","?","?","T","R","?","R","B",null,"M","?","$","?","T","R","E","M"],"character_chosen":"WATCHER","items_purchased":["Halt","Alpha","GoldenEye"],"campfire_rested":2,"item_purchase_floors":[2,20,20],"current_hp_per_floor":[69,69,68,68,61,15,5,26,26,50,39,39,39,39,60,28,72,37,61,61,61,61,61,15,0,0],"gold":160,"neow_bonus":"UPGRADE_CARD","is_daily":false,"chose_seed":false,"campfire_upgraded":1,"win_rate":0.0,"timestamp":1608415026,"path_taken":["M","$","M","M","?","E","M","R","T","?","?","?","R","?","R","BOSS","M","?","$","?","?","R","E","?"],"items_purchased_type":["Card","Card","Relic"],"build_version":"2020-12-13","purchased_purges":0,"victory":false,"max_hp_per_floor":[72,72,72,72,72,72,72,72,72,72,72,72,72,72,72,72,72,72,72,72,72,72,72,72,72,72],"card_choices":[{"not_picked":["ThirdEye","SashWhip"],"picked":"Indignation","floor":1},{"not_picked":["Consecrate","BowlingBash","ForeignInfluence"],"picked":"SKIP","floor":3},{"not_picked":["Prostrate","PathToVictory"],"picked":"FlurryOfBlows","floor":4},{"not_picked":["ThirdEye","Protect"],"picked":"EmptyFist","floor":6},{"not_picked":["Weave","WheelKick"],"picked":"CutThroughFate","floor":7},{"not_picked":["Ragnarok","Omniscience"],"picked":"DeusExMachina","floor":16},{"not_picked":["WreathOfFlame","SashWhip"],"picked":"BattleHymn+1","floor":18},{"not_picked":["Sanctity","WaveOfTheHand"],"picked":"ClearTheMind+1","floor":24}],"player_experience":86595,"relics_obtained":[{"floor":6,"key":"Boot"},{"floor":12,"key":"Happy Flower"},{"floor":22,"key":"White Beast Statue"},{"floor":24,"key":"Lantern"}],"event_choices":[{"cards_removed":["Strike_P"],"damage_healed":0,"gold_gain":0,"player_choice":"Card Removal","damage_taken":7,"max_hp_gain":0,"max_hp_loss":0,"event_name":"Golden Wing","floor":5,"gold_loss":0},{"damage_healed":24,"gold_gain":0,"player_choice":"Banana","damage_taken":0,"max_hp_gain":0,"max_hp_loss":0,"event_name":"Big Fish","floor":10,"gold_loss":0},{"damage_healed":0,"gold_gain":75,"player_choice":"Gather Gold","damage_taken":11,"max_hp_gain":0,"max_hp_loss":0,"event_name":"World of Goop","floor":11,"gold_loss":0},{"damage_healed":0,"gold_gain":30,"player_choice":"Searched \u00271\u0027 times","damage_taken":0,"max_hp_gain":0,"max_hp_loss":0,"event_name":"Dead Adventurer","floor":14,"gold_loss":0},{"damage_healed":24,"gold_gain":0,"player_choice":"Heal","damage_taken":0,"max_hp_gain":0,"max_hp_loss":0,"event_name":"The Library","floor":19,"gold_loss":0},{"damage_healed":0,"gold_gain":0,"player_choice":"Ignored","damage_taken":0,"max_hp_gain":0,"max_hp_loss":0,"event_name":"Vampires","floor":21,"gold_loss":0}],"is_beta":false,"boss_relics":[{"not_picked":["Astrolabe","Snecko Eye"],"picked":"Sozu"}],"items_purged_floors":[],"is_endless":false,"potions_floor_spawned":[6,16,24],"killed_by":"Shell Parasite","ascension_level":0}}