{"host":"684z1xpuwaoqmmh1","time":1608407557,"event":{"mods":["BaseMod","Downfall","Hermit","Jorbs\u0027s Wanderer Trilogy","Marisa????????","Minty Spire (QoL Compilation)","StSLib","The Hierophant","The Mystic"],"gold_per_floor":[99,99,124,124,135,164,189,126,163,175,97,116,116,135,147,221,221,146,161,195,213,213,98,98,98,131,56,56,71,99,99,118,194,194,194,207,219,251,268,268,315,343,343,375,428,123,172,185,197,197,197,226,28,28,28],"floor_reached":56,"playtime":3171,"items_purged":["champ:Strike","champ:Strike","champ:Strike+1"],"score":2322,"play_id":"00fde6a5-89cc-47b9-939f-156e9db8a6bc","local_time":"20201219215237","is_ascension_mode":true,"campfire_choices":[{"data":"champ:Taunt","floor":1.0,"key":"SMITH"},{"floor":4.0,"key":"REST"},{"data":"champ:GutPunch","floor":8.0,"key":"SMITH"},{"floor":10.0,"key":"RECALL"},{"data":"champ:EnchantCrown","floor":18,"key":"SMITH"},{"data":"champ:EnchantCrown","floor":22,"key":"SMITH"},{"data":"champ:VampiricStrike","floor":27,"key":"SMITH"},{"data":"champ:IgnorePain","floor":35,"key":"SMITH"},{"data":"champ:DancingMaster","floor":40,"key":"SMITH"},{"data":"champ:MurderStrike","floor":43,"key":"SMITH"},{"data":"champ:Encircle","floor":54,"key":"SMITH"}],"circlet_count":0,"master_deck":["AscendersBane","champ:Strike+1","champ:Defend+1","champ:Defend+1","champ:Defend+1","champ:Defend+1","champ:Execute","champ:Taunt+1","champ:Encircle+1","champ:AdrenalArmor","champ:FlashCut","champ:GutPunch+1","champ:TornadoPunch","champ:EnchantCrown+1","champ:Haymaker","champ:EnchantCrown+1","champ:VampiricStrike+1","champ:BerserkerStyle","champ:Backstep+1","champ:GladiatorsShout","champ:DefensiveShout","champ:RageSigil","champ:FocusedDefense","champ:DancingMaster+1","champ:Duel","champ:IgnorePain+1","champ:Circumvent","champ:MurderStrike+1","champ:TornadoPunch+1","champ:ArenaPreparation","champ:BerserkersShout+1","champ:Aggression","champ:ShieldThrow","champ:StanceDance+1","champ:Backstep+1","champ:Improvising"],"relics":["champ:ChampionCrown","downfall:ShatteredFragment","Mummified Hand","Mercury Hourglass","MawBank","downfall:HeartBlessingGreen","Akabeko","Bag of Marbles","sneckomod:SneckoTalon","downfall:HeartBlessingRed","Happy Flower","Pocketwatch","downfall:HeartBlessingBlue","Ice Cream","Enchiridion","Sozu","Bird Faced Urn","Toy Ornithopter","Pen Nib","champ:SpectersHand","CatCart","Calipers","Guardian:GemstoneGun","Kunai"],"acts_visited":["Exordium","TheCity","TheBeyond","TheEnding"],"potions_floor_usage":[16,55],"damage_taken":[{"damage":45.0,"enemies":"Gremlin Nob","floor":3.0,"turns":4.0},{"damage":5.0,"enemies":"Jaw Worm","floor":5.0,"turns":3.0},{"damage":34.0,"enemies":"Lagavulin","floor":6.0,"turns":5.0},{"damage":4.0,"enemies":"Gremlin Nob","floor":9.0,"turns":2.0},{"damage":5,"enemies":"downfall:FleeingMerchant","floor":11,"turns":4},{"damage":0,"enemies":"2 Louse","floor":12,"turns":1},{"damage":5,"enemies":"Small Slimes","floor":14,"turns":2},{"damage":11,"enemies":"Exordium Thugs","floor":15,"turns":3},{"damage":60,"enemies":"downfall:Defect","floor":16,"turns":7},{"damage":9,"enemies":"Spheric Guardian","floor":19,"turns":3},{"damage":35,"enemies":"Book of Stabbing","floor":20,"turns":4},{"damage":8,"enemies":"Shell Parasite","floor":21,"turns":3},{"damage":29,"enemies":"downfall:FleeingMerchant","floor":23,"turns":4},{"damage":28,"enemies":"Gremlin Leader","floor":26,"turns":5},{"damage":30,"enemies":"Shelled Parasite and Fungi","floor":29,"turns":3},{"damage":10,"enemies":"downfall:FleeingMerchant","floor":30,"turns":2},{"damage":16,"enemies":"Chosen and Byrds","floor":32,"turns":2},{"damage":74,"enemies":"downfall:Ironclad","floor":33,"turns":6},{"damage":14,"enemies":"3 Darklings","floor":36,"turns":4},{"damage":0,"enemies":"Orb Walker","floor":37,"turns":3},{"damage":11,"enemies":"Reptomancer","floor":38,"turns":5},{"damage":17,"enemies":"Spire Growth","floor":39,"turns":4},{"damage":17,"enemies":"Nemesis","floor":42,"turns":5},{"damage":27,"enemies":"Reptomancer","floor":44,"turns":5},{"damage":82,"enemies":"Orin","floor":45,"turns":11},{"damage":26,"enemies":"2 Orb Walkers","floor":47,"turns":2},{"damage":34,"enemies":"3 Darklings","floor":48,"turns":3},{"damage":9,"enemies":"4 Shapes","floor":49,"turns":1},{"damage":56,"enemies":"downfall:Silent","floor":50,"turns":5},{"damage":63,"enemies":"downfall:CharBossMerchant","floor":52,"turns":6},{"damage":126,"enemies":"downfall:NeowBoss","floor":55,"turns":16}],"seed_played":"3158147269580447436","potions_obtained":[{"floor":3.0,"key":"Block Potion"},{"floor":5.0,"key":"GamblersBrew"},{"floor":9.0,"key":"FairyPotion"},{"floor":21,"key":"sneckomod:MuddlingPotion"},{"floor":29,"key":"BlessingOfTheForge"}],"is_trial":false,"path_per_floor":["R","?","E","R","M","E","T","R","E","R","$","M","?","M","M","B",null,"R","M","E","M","R","$","T","?","E","R","?","M","$","?","M","B",null,"R","M","M","E","M","R","T","E","R","E","?","$","?","M","M","B",null,"E","$","R","B",null],"character_chosen":"THE_CHAMP","items_purchased":["Ice Cream","Calipers","champ:Improvising"],"campfire_rested":1,"item_purchase_floors":[30,46,53],"current_hp_per_floor":[73,46,15,39,39,23,23,23,33,33,43,43,38,38,44,35,70,70,65,80,81,81,81,81,81,81,91,91,91,91,70,70,76,87,87,89,89,91,90,90,90,91,91,91,28,28,60,64,64,91,91,91,91,91,91],"gold":28,"neow_bonus":"THREE_CARDS","is_daily":false,"chose_seed":false,"campfire_upgraded":9,"win_rate":0.0,"timestamp":1608407557,"path_taken":["R","?","E","R","M","E","T","R","E","R","$","M","?","M","M","BOSS","R","M","E","M","R","$","T","?","E","R","?","M","$","?","M","BOSS","R","M","M","E","M","R","T","E","R","E","?","$","?","M","M","BOSS","E","$","R","BOSS"],"items_purchased_type":["Relic","Relic","Card"],"build_version":"2020-12-13","purchased_purges":3,"victory":true,"max_hp_per_floor":[81,81,81,81,81,81,81,81,81,81,81,81,81,81,81,81,81,81,81,81,81,81,81,81,81,81,91,91,91,91,91,91,91,91,91,91,91,91,91,91,91,91,91,91,91,91,91,91,91,91,91,91,91,91,91],"card_choices":[{"not_picked":["champ:CrookedStrike","champ:GladiatorsShout"],"picked":"champ:Encircle","floor":0.0},{"not_picked":["champ:FocusedGladiator","champ:Encircle"],"picked":"champ:AdrenalArmor","floor":3.0},{"not_picked":["champ:AdrenalArmor","champ:CrookedStrike"],"picked":"champ:FlashCut","floor":5.0},{"not_picked":["champ:GladiatorStyle","champ:BladeFlurry"],"picked":"champ:GutPunch","floor":6.0},{"not_picked":["champ:BladeFlurry","champ:AdrenalArmor"],"picked":"champ:TornadoPunch","floor":9.0},{"not_picked":["champ:FocusedGladiator","champ:ShieldWall"],"picked":"champ:EnchantCrown","floor":11},{"not_picked":["champ:RapidStrikes","champ:ViciousMockery","champ:Encircle"],"picked":"SKIP","floor":12},{"not_picked":["champ:CrookedStrike","champ:AdrenalArmor"],"picked":"champ:Haymaker","floor":14},{"not_picked":["champ:DefensiveShout","champ:CrookedStrike"],"picked":"champ:EnchantCrown","floor":15},{"not_picked":["champ:StrikeOfGenius","champ:Improvising"],"picked":"champ:VampiricStrike","floor":16},{"not_picked":["champ:ViciousMockery","champ:BerserkersShout"],"picked":"champ:BerserkerStyle","floor":19},{"not_picked":["champ:DefensiveStyle","champ:FocusedBerserking+1"],"picked":"champ:Backstep+1","floor":20},{"not_picked":["champ:DefensiveShout","champ:RageSigil"],"picked":"champ:GladiatorsShout","floor":21},{"not_picked":["champ:BerserkerStyle","champ:ViciousMockery"],"picked":"champ:DefensiveShout","floor":23},{"not_picked":["champ:SwordSigil","champ:Encircle"],"picked":"champ:RageSigil","floor":26},{"not_picked":["champ:ShieldSigil","champ:ViciousMockery+1"],"picked":"champ:FocusedDefense","floor":29},{"not_picked":["champ:HeartStrike","champ:DefensiveShout"],"picked":"champ:DancingMaster","floor":30},{"not_picked":["champ:DefensiveShout","champ:BringItOn"],"picked":"champ:Duel","floor":32},{"not_picked":["champ:EnchantCrown","champ:HeavySlash"],"picked":"champ:IgnorePain","floor":33},{"not_picked":["champ:FaceSlap","champ:BerserkersShout","champ:BringItOn"],"picked":"SKIP","floor":36},{"not_picked":["champ:TornadoPunch","champ:CrookedStrike"],"picked":"champ:Circumvent","floor":37},{"not_picked":["champ:FightOn","champ:BerserkersShout"],"picked":"champ:MurderStrike","floor":38},{"not_picked":["champ:RageSigil+1","champ:FlashCut"],"picked":"champ:TornadoPunch+1","floor":39},{"not_picked":["champ:AdrenalArmor","champ:BerserkerStyle+1"],"picked":"champ:ArenaPreparation","floor":42},{"not_picked":["champ:BerserkerStyle","champ:BladeFlurry+1"],"picked":"champ:BerserkersShout+1","floor":44},{"not_picked":["champ:Circumvent","champ:SwordSigil"],"picked":"champ:Aggression","floor":45},{"not_picked":["champ:HeartStrike","champ:DeathBlow"],"picked":"champ:ShieldThrow","floor":47},{"not_picked":["champ:RageSigil","champ:BerserkersShout+1","champ:Circumvent"],"picked":"SKIP","floor":48},{"not_picked":["champ:Circumvent+1","champ:PreciseThrust"],"picked":"champ:StanceDance+1","floor":49},{"not_picked":["champ:Lariat+1","champ:FocusedDefense"],"picked":"champ:Backstep+1","floor":52}],"player_experience":2344122,"relics_obtained":[{"floor":3.0,"key":"Mummified Hand"},{"floor":6.0,"key":"Mercury Hourglass"},{"floor":7.0,"key":"MawBank"},{"floor":9.0,"key":"Akabeko"},{"floor":20,"key":"Happy Flower"},{"floor":26,"key":"Pocketwatch"},{"floor":31,"key":"Enchiridion"},{"floor":38,"key":"Bird Faced Urn"},{"floor":41,"key":"Toy Ornithopter"},{"floor":42,"key":"Pen Nib"},{"floor":44,"key":"champ:SpectersHand"},{"floor":45,"key":"CatCart"},{"floor":47,"key":"Guardian:GemstoneGun"},{"floor":52,"key":"Kunai"}],"event_choices":[{"damage_healed":0,"gold_gain":0,"player_choice":"Success","damage_taken":5,"relics_obtained":["Bag of Marbles"],"max_hp_gain":0,"max_hp_loss":0,"event_name":"Scrap Ooze","floor":13,"gold_loss":0},{"damage_healed":0,"gold_gain":0,"player_choice":"Simplicity","damage_taken":0,"max_hp_gain":0,"max_hp_loss":0,"event_name":"Back to Basics","floor":25,"gold_loss":0,"cards_upgraded":["champ:Strike","champ:Strike","champ:Defend","champ:Defend","champ:Defend","champ:Defend"]},{"damage_healed":0,"gold_gain":0,"player_choice":"Ignored","damage_taken":0,"max_hp_gain":0,"max_hp_loss":0,"event_name":"Vampires","floor":28,"gold_loss":0},{"damage_healed":0,"gold_gain":0,"player_choice":"Fight","damage_taken":0,"max_hp_gain":0,"max_hp_loss":0,"event_name":"OrinTheCat","floor":45,"gold_loss":0},{"damage_healed":0,"gold_gain":0,"player_choice":"Fight","damage_taken":0,"max_hp_gain":0,"max_hp_loss":0,"event_name":"Mysterious Sphere","floor":47,"gold_loss":0}],"is_beta":false,"boss_relics":[{"not_picked":["Coffee Dripper","Ectoplasm"],"picked":"sneckomod:SneckoTalon"},{"not_picked":["Calling Bell","Cursed Key"],"picked":"Sozu"}],"items_purged_floors":[11,23,53],"is_endless":false,"potions_floor_spawned":[3,5,9,14,21,29,33,38,39,45,47,48],"ascension_level":15}}