{"host":"an6uhul3yec8m0jh","time":1608369352,"event":{"mods":["Act Like it!","BaseMod","Colored Map","Colored Powertips","Gensokyo","Highlight Path","Minty Spire (QoL Compilation)","Quick Restart","StSLib","Waifu the Spire","noobMod"],"gold_per_floor":[13,13,26,126,140,140,167,167,167,167,194,212,212,223,223,328,328,346,358,358,135,135,169,180,212,212,232,112,144,155,88,88,187,187,202,212,35,52,70,102,102,137,137,165,165,197,212,262,262,262,262,262,137,169,169],"floor_reached":56,"playtime":4803,"items_purged":["Strike_G","Strike_G","Defend_G"],"score":1938,"play_id":"0df17513-c4b4-48b1-9d1f-904969e2f2d0","local_time":"20201219171552","is_ascension_mode":true,"campfire_choices":[{"data":"Cloak And Dagger","floor":6.0,"key":"SMITH"},{"data":"Blade Dance","floor":8.0,"key":"SMITH"},{"data":"Prepared","floor":13.0,"key":"SMITH"},{"data":"Well Laid Plans","floor":15.0,"key":"SMITH"},{"data":"Tactician","floor":32.0,"key":"SMITH"},{"data":"Prepared","floor":41.0,"key":"SMITH"},{"data":"Accuracy","floor":45.0,"key":"SMITH"},{"floor":49.0,"key":"RECALL"},{"data":"Accuracy","floor":52.0,"key":"SMITH"}],"circlet_count":0,"master_deck":["AscendersBane","Defend_G","Defend_G","Defend_G","Survivor","Well Laid Plans+1","Blade Dance+1","Blur","Prepared+1","Finisher","Tactician+1","After Image","Escape Plan","Expertise+1","Accuracy+1","Gensokyo:ShootingStar","Die Die Die+1","Reflex+1","Blade Dance+1","Acrobatics+1","Accuracy+1","Prepared+1","Tactician+1","Concentrate+1"],"relics":["Ring of the Snake","ice","HornCleat","Ninja Scroll","Pear","Art of War","WristBlade","Gensokyo:RedStar","Toolbox","Eternal Feather","Paper Crane","Bottled Flame","Gensokyo:FoxMask","Darkstone Periapt","Astrolabe","Boot","Ginger","Regal Pillow","Singing Bowl","The Specimen","Gremlin Horn"],"acts_visited":["Gensokyo:Gensokyo","Gensokyo:Gensokyoer","TheBeyond","TheEnding"],"potions_floor_usage":[],"damage_taken":[{"damage":8.0,"enemies":"Gensokyo:2_Kodama","floor":1.0,"turns":6.0},{"damage":0.0,"enemies":"Gensokyo:Python","floor":3.0,"turns":5.0},{"damage":0.0,"enemies":"Gensokyo:3_Fairies","floor":5.0,"turns":4.0},{"damage":8.0,"enemies":"Gensokyo:Mamizou","floor":7.0,"turns":10.0},{"damage":0.0,"enemies":"Gensokyo:Cirno","floor":11.0,"turns":4.0},{"damage":3.0,"enemies":"Gensokyo:Gryphon_and_Rabbit","floor":12.0,"turns":4.0},{"damage":0.0,"enemies":"Gensokyo:VengefulSpirit","floor":14.0,"turns":3.0},{"damage":21.0,"enemies":"Gensokyo:Reimu","floor":16.0,"turns":11.0},{"damage":0.0,"enemies":"Gensokyo:2_Gloops","floor":18.0,"turns":1.0},{"damage":0.0,"enemies":"Gensokyo:CosmicMonolith","floor":19.0,"turns":1.0},{"damage":12.0,"enemies":"Gensokyo:Reisen","floor":23.0,"turns":5.0},{"damage":14.0,"enemies":"Gensokyo:Slime_Group","floor":24.0,"turns":3.0},{"damage":29.0,"enemies":"Gensokyo:Tenshi","floor":25.0,"turns":6.0},{"damage":6.0,"enemies":"Gensokyo:Chomper_and_Gloop","floor":27.0,"turns":4.0},{"damage":6.0,"enemies":"Gensokyo:Koishi","floor":29.0,"turns":6.0},{"damage":1.0,"enemies":"Gensokyo:Wraith","floor":30.0,"turns":5.0},{"damage":8.0,"enemies":"Gensokyo:Eiki","floor":33.0,"turns":7.0},{"damage":2.0,"enemies":"3 Darklings","floor":35.0,"turns":4.0},{"damage":4.0,"enemies":"3 Shapes","floor":36.0,"turns":2.0},{"damage":10.0,"enemies":"Maw","floor":38.0,"turns":3.0},{"damage":0.0,"enemies":"Sphere and 2 Shapes","floor":39.0,"turns":3.0},{"damage":0.0,"enemies":"Nemesis","floor":40.0,"turns":3.0},{"damage":10.0,"enemies":"Giant Head","floor":42.0,"turns":3.0},{"damage":4.0,"enemies":"Nemesis","floor":44.0,"turns":3.0},{"damage":0.0,"enemies":"Reptomancer","floor":46.0,"turns":2.0},{"damage":0.0,"enemies":"Spire Growth","floor":47.0,"turns":2.0},{"damage":1.0,"enemies":"Mind Bloom Boss Battle","floor":48.0,"turns":3.0},{"damage":6.0,"enemies":"Donu and Deca","floor":50.0,"turns":3.0},{"damage":0,"enemies":"Shield and Spear","floor":54,"turns":1},{"damage":13,"enemies":"The Heart","floor":55,"turns":4}],"seed_played":"-459615455075105153","potions_obtained":[{"floor":1.0,"key":"FairyPotion"},{"floor":7.0,"key":"Explosive Potion"},{"floor":12.0,"key":"AttackPotion"},{"floor":14.0,"key":"Regen Potion"},{"floor":19.0,"key":"Fire Potion"},{"floor":23.0,"key":"LiquidMemories"},{"floor":24.0,"key":"CultistPotion"},{"floor":38.0,"key":"LiquidMemories"}],"is_trial":false,"path_per_floor":["M","?","M","?","M","R","E","R","T","?","E","M","R","M","R","B",null,"M","M","?","$","?","E","M","E","T","M","?","E","M","$","R","B",null,"M","M","$","M","M","E","R","E","T","E","R","E","M","?","R","B",null,"R","$","E","B",null],"character_chosen":"THE_SILENT","items_purchased":["Toolbox","Accuracy","Accuracy"],"campfire_rested":0,"item_purchase_floors":[21,31,37],"current_hp_per_floor":[55,27,27,27,27,27,19,19,19,14,14,11,11,11,11,77,80,80,80,80,80,80,68,54,25,25,19,19,13,12,12,24,56,75,73,69,69,59,59,59,71,61,61,57,69,71,73,72,85,79,84,85,85,87,74],"gold":169,"neow_bonus":"THREE_RARE_CARDS","is_daily":false,"chose_seed":false,"campfire_upgraded":8,"win_rate":0.0,"timestamp":1608369352,"path_taken":["M","?","M","?","M","R","E","R","T","?","E","M","R","M","R","BOSS","M","M","?","$","?","E","M","E","T","?","?","E","?","?","R","BOSS","M","M","$","M","M","E","R","E","T","E","R","E","M","?","R","BOSS","R","$","E","BOSS"],"items_purchased_type":["Relic","Card","Card"],"build_version":"2020-12-13","purchased_purges":3,"victory":true,"max_hp_per_floor":[70,70,70,70,70,70,70,70,70,80,80,80,80,80,80,81,81,81,81,81,81,81,81,81,81,81,81,81,81,81,81,81,81,81,81,81,81,81,81,81,81,81,81,81,81,83,85,85,85,85,85,85,85,87,87],"card_choices":[{"not_picked":["Grand Finale","Glass Knife"],"picked":"Bullet Time","floor":0.0},{"not_picked":["Flying Knee","Cloak And Dagger"],"picked":"Well Laid Plans","floor":1.0},{"not_picked":["Dagger Spray","Poisoned Stab"],"picked":"Blade Dance","floor":3.0},{"not_picked":["Prepared","Flying Knee"],"picked":"Cloak And Dagger","floor":5.0},{"not_picked":["Slice","Poisoned Stab"],"picked":"Blur","floor":7.0},{"not_picked":["Bouncing Flask","Distraction"],"picked":"Prepared","floor":11.0},{"not_picked":["Distraction","Sucker Punch"],"picked":"Finisher","floor":12.0},{"not_picked":["PiercingWail","Choke","Finisher"],"picked":"SKIP","floor":14.0},{"not_picked":["Flying Knee","Quick Slash"],"picked":"Tactician","floor":18.0},{"not_picked":["Catalyst","Prepared","Dagger Throw"],"picked":"SKIP","floor":19.0},{"not_picked":["Heel Hook","Dagger Spray","Flechettes"],"picked":"SKIP","floor":23.0},{"not_picked":["Sucker Punch","Dagger Spray"],"picked":"Escape Plan","floor":24.0},{"not_picked":["PiercingWail","Skewer","Quick Slash"],"picked":"SKIP","floor":25.0},{"not_picked":["Underhanded Strike","Slice+1","PiercingWail"],"picked":"SKIP","floor":27.0},{"not_picked":["PiercingWail","Glass Knife","Heel Hook"],"picked":"SKIP","floor":29.0},{"not_picked":["Backflip","Poisoned Stab"],"picked":"Expertise+1","floor":30.0},{"not_picked":[],"picked":"Gensokyo:ShootingStar","floor":33.0},{"not_picked":["Sucker Punch+1","Deflect","Predator"],"picked":"SKIP","floor":35.0},{"not_picked":["Endless Agony+1","Caltrops"],"picked":"Acrobatics+1","floor":36.0},{"not_picked":["Blur","Cloak And Dagger"],"picked":"Prepared","floor":38.0},{"not_picked":["Bane","Reflex"],"picked":"Tactician+1","floor":39.0},{"not_picked":["Prepared","Outmaneuver+1","Endless Agony+1"],"picked":"SKIP","floor":40.0},{"not_picked":["Tools of the Trade","Reflex","Dash"],"picked":"SKIP","floor":42.0},{"not_picked":["Bane+1","Infinite Blades","Terror"],"picked":"SKIP","floor":44.0},{"not_picked":["Night Terror","Slice","Outmaneuver+1"],"picked":"Singing Bowl","floor":46.0},{"not_picked":["Eviscerate+1","PiercingWail","Crippling Poison+1"],"picked":"Singing Bowl","floor":47.0},{"not_picked":["Deadly Poison+1","Crippling Poison"],"picked":"Concentrate+1","floor":48.0},{"not_picked":["Flechettes","Poisoned Stab","Caltrops"],"picked":"Singing Bowl","floor":54}],"player_experience":185677,"relics_obtained":[{"floor":7.0,"key":"HornCleat"},{"floor":9.0,"key":"Ninja Scroll"},{"floor":11.0,"key":"Art of War"},{"floor":23.0,"key":"Eternal Feather"},{"floor":25.0,"key":"Paper Crane"},{"floor":26.0,"key":"Bottled Flame"},{"floor":29.0,"key":"Darkstone Periapt"},{"floor":40.0,"key":"Boot"},{"floor":42.0,"key":"Ginger"},{"floor":44.0,"key":"Regal Pillow"},{"floor":46.0,"key":"Singing Bowl"},{"floor":48.0,"key":"The Specimen"},{"floor":54,"key":"Gremlin Horn"}],"event_choices":[{"damage_healed":0.0,"max_hp_gain":0.0,"max_hp_loss":0.0,"gold_gain":0.0,"event_name":"MindBloom","player_choice":"Fight","floor":48.0,"gold_loss":0.0,"damage_taken":0.0}],"is_beta":false,"boss_relics":[{"not_picked":["Sozu","SacredBark"],"picked":"WristBlade"},{"not_picked":["SlaversCollar","Empty Cage"],"picked":"Astrolabe"}],"items_purged_floors":[21,37,53],"is_endless":false,"potions_floor_spawned":[1,7,12,14,19,23,24,29,38,42,44,47,48,54],"ascension_level":10}}