{"host":"vumwfieg2b2mnrfl","time":1608338578,"event":{"mods":["AchievementEnabler","BaseMod","Minty Spire (QoL Compilation)","Rare Cards Sparkle","Relic Stats"],"gold_per_floor":[109,122,132,132,132,158,176,176,176,176,203,265,340,371,371,476,485,507,415,437,456,456,495,515,515,515],"floor_reached":25,"playtime":950,"items_purged":["Tempest"],"score":325,"play_id":"030a296d-95e5-49e8-99ea-7ada91e7e891","local_time":"20201218184258","is_ascension_mode":true,"campfire_choices":[{"data":"Seek","floor":8,"key":"SMITH"},{"data":"Hologram","floor":10,"key":"SMITH"},{"data":"Zap","floor":15,"key":"SMITH"}],"circlet_count":0,"master_deck":["Zap+1","Dualcast+1","Meteor Strike","Rainbow","Gash","Ball Lightning","Seek+1","Leap","Scrape","Hologram+1","FTL","Recycle","Rebound","Cold Snap","Gash","Thunder Strike","CurseOfTheBell","Tempest+1","Cold Snap","Coolheaded","Turbo","Glacier","Self Repair+1"],"relics":["Pandora\u0027s Box","Eternal Feather","Kunai","Sundial","Bronze Scales","CeramicFish","Calling Bell","Regal Pillow","Frozen Egg 2","Unceasing Top","Darkstone Periapt"],"acts_visited":["Exordium","TheCity"],"potions_floor_usage":[23,25],"damage_taken":[{"damage":0,"enemies":"Small Slimes","floor":1,"turns":3},{"damage":1,"enemies":"Cultist","floor":2,"turns":3},{"damage":3,"enemies":"2 Louse","floor":3,"turns":2},{"damage":22,"enemies":"Gremlin Nob","floor":6,"turns":3},{"damage":0,"enemies":"Looter","floor":7,"turns":2},{"damage":7,"enemies":"Lagavulin","floor":11,"turns":4},{"damage":16,"enemies":"Gremlin Nob","floor":12,"turns":3},{"damage":6,"enemies":"3 Sentries","floor":14,"turns":3},{"damage":28,"enemies":"Slime Boss","floor":16,"turns":5},{"damage":21,"enemies":"2 Thieves","floor":18,"turns":4},{"damage":0,"enemies":"3 Byrds","floor":20,"turns":3},{"damage":17,"enemies":"Centurion and Healer","floor":21,"turns":7},{"damage":5,"enemies":"Gremlin Leader","floor":23,"turns":2},{"damage":4,"enemies":"Snake Plant","floor":24,"turns":4},{"damage":27,"enemies":"Slavers","floor":25,"turns":3}],"seed_played":"2886729576018620746","potions_obtained":[{"floor":6,"key":"SpeedPotion"},{"floor":11,"key":"SpeedPotion"},{"floor":12,"key":"LiquidMemories"},{"floor":16,"key":"BlessingOfTheForge"},{"floor":21,"key":"Block Potion"}],"is_trial":false,"path_per_floor":["M","M","M","?","?","E","M","R","T","R","E","?","?","E","R","B",null,"M","$","M","M","?","E","M","E"],"character_chosen":"DEFECT","items_purchased":["Cold Snap"],"campfire_rested":0,"item_purchase_floors":[19],"current_hp_per_floor":[68,67,64,49,85,63,63,69,69,75,68,52,41,35,44,16,68,47,47,47,30,30,25,21,0,0],"gold":515,"neow_bonus":"BOSS_RELIC","is_daily":false,"chose_seed":false,"campfire_upgraded":3,"win_rate":0.0,"timestamp":1608338578,"path_taken":["M","M","M","?","?","E","?","R","T","R","E","?","?","E","R","BOSS","M","$","M","M","?","E","M","E"],"items_purchased_type":["Card"],"build_version":"2020-12-13","purchased_purges":1,"victory":false,"max_hp_per_floor":[75,75,75,75,85,85,85,85,85,85,85,85,85,85,85,85,85,85,85,85,85,85,85,85,85,85],"relic_stats":{"Darkstone Periapt":0,"Regal Pillow":0,"counters":[15,51],"Sundial":[6],"Bronze Scales":[84],"CeramicFish":72,"Pandora\u0027s Box":["Meteor Strike","Rainbow","Meteor Strike","Gash","Ball Lightning","Seek","Leap","Scrape"],"Eternal Feather":21,"Kunai":[18],"obtain_stats":[{"Calling Bell":17,"Darkstone Periapt":23,"Regal Pillow":17,"Sundial":11,"Bronze Scales":12,"CeramicFish":14,"Pandora\u0027s Box":0,"Eternal Feather":6,"Kunai":9,"Frozen Egg 2":17,"Cracked Core":0,"Unceasing Top":17},{"Calling Bell":9,"Darkstone Periapt":13,"Regal Pillow":9,"Sundial":6,"Bronze Scales":7,"CeramicFish":8,"Pandora\u0027s Box":0,"Eternal Feather":4,"Kunai":5,"Frozen Egg 2":9,"Cracked Core":0,"Unceasing Top":9},{"Calling Bell":28,"Darkstone Periapt":44,"Regal Pillow":28,"Sundial":17,"Bronze Scales":20,"CeramicFish":23,"Pandora\u0027s Box":0,"Eternal Feather":11,"Kunai":13,"Frozen Egg 2":28,"Cracked Core":0,"Unceasing Top":28}],"Unceasing Top":[1]},"card_choices":[{"not_picked":["Go for the Eyes","Turbo"],"picked":"Hologram","floor":1},{"not_picked":["Sweeping Beam","Redo"],"picked":"FTL","floor":2},{"not_picked":["Go for the Eyes","Streamline"],"picked":"Recycle","floor":3},{"not_picked":["Lockon","Go for the Eyes"],"picked":"Rebound","floor":6},{"not_picked":["Coolheaded","Recycle"],"picked":"Cold Snap","floor":7},{"not_picked":["Machine Learning","Sweeping Beam"],"picked":"Tempest","floor":11},{"not_picked":["Turbo","Beam Cell"],"picked":"Gash","floor":12},{"not_picked":["Sweeping Beam","Chaos","Rebound"],"picked":"SKIP","floor":14},{"not_picked":["Creative AI","Machine Learning"],"picked":"Thunder Strike","floor":16},{"not_picked":["Rebound","Reprogram"],"picked":"Tempest+1","floor":18},{"not_picked":["Rip and Tear","Steam Power"],"picked":"Coolheaded","floor":20},{"not_picked":["Fusion","Compile Driver"],"picked":"Turbo","floor":21},{"not_picked":["Turbo","Recycle"],"picked":"Glacier","floor":23},{"not_picked":["Force Field+1","Hello World+1"],"picked":"Self Repair+1","floor":24}],"player_experience":251544,"relics_obtained":[{"floor":6,"key":"Eternal Feather"},{"floor":9,"key":"Kunai"},{"floor":11,"key":"Sundial"},{"floor":12,"key":"Bronze Scales"},{"floor":14,"key":"CeramicFish"},{"floor":17,"key":"Regal Pillow"},{"floor":17,"key":"Frozen Egg 2"},{"floor":17,"key":"Unceasing Top"},{"floor":23,"key":"Darkstone Periapt"}],"event_choices":[{"damage_healed":0,"gold_gain":0,"player_choice":"Entered Light","damage_taken":15,"max_hp_gain":0,"max_hp_loss":0,"event_name":"Shining Light","floor":4,"gold_loss":0,"cards_upgraded":["Meteor Strike","Dualcast"]},{"cards_removed":["Meteor Strike"],"damage_healed":26,"gold_gain":0,"player_choice":"Offered Rare","damage_taken":0,"max_hp_gain":10,"max_hp_loss":0,"event_name":"Bonfire Elementals","floor":5,"gold_loss":0},{"damage_healed":0,"gold_gain":0,"player_choice":"Searched \u00271\u0027 times","damage_taken":0,"max_hp_gain":0,"max_hp_loss":0,"event_name":"Dead Adventurer","floor":12,"gold_loss":0},{"damage_healed":0,"gold_gain":75,"player_choice":"Gather Gold","damage_taken":11,"max_hp_gain":0,"max_hp_loss":0,"event_name":"World of Goop","floor":13,"gold_loss":0},{"damage_healed":0,"gold_gain":0,"player_choice":"Ignored","damage_taken":0,"max_hp_gain":0,"max_hp_loss":0,"event_name":"Ghosts","floor":22,"gold_loss":0}],"is_beta":false,"boss_relics":[{"not_picked":["Runic Pyramid","Empty Cage"],"picked":"Calling Bell"}],"items_purged_floors":[19],"is_endless":false,"potions_floor_spawned":[6,11,12,16,21],"killed_by":"Slavers","ascension_level":7}}