{"host":"Jinnai","time":1608401113,"event":{"mods":["BaseMod","Bestiary","Block Reminder","Colored Map","Colored Powertips","Highlight Path","Keyboard Shortcuts","Minty Spire (QoL Compilation)","Quick Restart","Relic Stats"],"gold_per_floor":[116,116,131,87,98,98,133,146,146,146,171,183,195,232,244,256,256],"floor_reached":16,"playtime":723,"items_purged":[],"score":279,"play_id":"31595807-0e4e-4fea-a39f-6f18b1a8aa34","local_time":"20201219130513","is_ascension_mode":true,"campfire_choices":[{"floor":6,"key":"REST"},{"floor":12,"key":"REST"},{"data":"LikeWater","floor":15,"key":"SMITH"}],"circlet_count":0,"master_deck":["AscendersBane","Strike_P","Strike_P","Strike_P","Strike_P","Defend_P","Defend_P","Eruption+1","Vigilance","FollowUp","Tantrum","Brilliance","Worship","Swivel","LikeWater+1","MentalFortress"],"relics":["PureWater","Singing Bowl","Mummified Hand","MawBank","Frozen Egg 2"],"acts_visited":["Exordium"],"potions_floor_usage":[7,14],"damage_taken":[{"damage":1,"enemies":"Cultist","floor":1,"turns":4},{"damage":2,"enemies":"Jaw Worm","floor":3,"turns":4},{"damage":4,"enemies":"2 Louse","floor":5,"turns":4},{"damage":4,"enemies":"Gremlin Nob","floor":7,"turns":3},{"damage":0,"enemies":"Large Slime","floor":8,"turns":2},{"damage":19,"enemies":"Lagavulin","floor":11,"turns":6},{"damage":0,"enemies":"Gremlin Nob","floor":14,"turns":3},{"damage":35,"enemies":"Hexaghost","floor":16,"turns":7}],"seed_played":"-5761256177987194367","potions_obtained":[{"floor":5,"key":"Block Potion"},{"floor":11,"key":"Ancient Potion"}],"is_trial":false,"path_per_floor":["M","?","M","?","M","R","E","M","T","?","E","R","?","E","R","B"],"character_chosen":"WATCHER","items_purchased":[],"campfire_rested":2,"item_purchase_floors":[],"current_hp_per_floor":[60,15,13,13,11,32,28,28,28,28,9,30,30,32,32,0,0],"gold":256,"neow_bonus":"UPGRADE_CARD","is_daily":false,"chose_seed":false,"campfire_upgraded":1,"win_rate":0.0,"timestamp":1608401113,"path_taken":["M","?","M","?","M","R","E","M","T","?","E","R","?","E","R","BOSS"],"items_purchased_type":[],"build_version":"2020-12-18","purchased_purges":0,"victory":false,"max_hp_per_floor":[68,68,68,68,70,70,70,70,70,70,70,70,70,72,72,72,72],"relic_stats":{"Singing Bowl":4,"counters":[8,33],"Mummified Hand":[6],"MawBank":60,"obtain_stats":[{"Singing Bowl":2,"Mummified Hand":7,"PureWater":0,"Frozen Egg 2":14,"MawBank":11},{"Singing Bowl":1,"Mummified Hand":4,"PureWater":0,"Frozen Egg 2":7,"MawBank":6},{"Singing Bowl":4,"Mummified Hand":15,"PureWater":0,"Frozen Egg 2":26,"MawBank":23}]},"card_choices":[{"not_picked":["ThirdEye","Prostrate"],"picked":"FollowUp","floor":1},{"not_picked":["Fasting2","CutThroughFate"],"picked":"Tantrum","floor":3},{"not_picked":["Sanctity","WindmillStrike","FollowUp"],"picked":"Singing Bowl","floor":5},{"not_picked":["Fasting2","WaveOfTheHand"],"picked":"Brilliance","floor":7},{"not_picked":["Perseverance","ThirdEye"],"picked":"Worship","floor":8},{"not_picked":["Consecrate","Prostrate"],"picked":"LikeWater","floor":11},{"not_picked":["Weave","Halt","DeceiveReality"],"picked":"Singing Bowl","floor":14}],"player_experience":1480827,"relics_obtained":[{"floor":7,"key":"Mummified Hand"},{"floor":11,"key":"MawBank"},{"floor":14,"key":"Frozen Egg 2"}],"event_choices":[{"damage_healed":0,"gold_gain":0,"player_choice":"Success","damage_taken":45,"relics_obtained":["Singing Bowl"],"max_hp_gain":0,"max_hp_loss":0,"event_name":"Scrap Ooze","floor":2,"gold_loss":0},{"damage_healed":0,"gold_gain":0,"player_choice":"Left Gold","damage_taken":0,"max_hp_gain":0,"max_hp_loss":0,"event_name":"World of Goop","floor":4,"gold_loss":44},{"damage_healed":0,"gold_gain":0,"cards_transformed":["Defend_P"],"player_choice":"Change","damage_taken":0,"max_hp_gain":0,"max_hp_loss":0,"event_name":"Living Wall","floor":10,"gold_loss":0,"cards_obtained":["Swivel"]},{"damage_healed":0,"gold_gain":0,"cards_transformed":["Defend_P"],"player_choice":"Transformed","damage_taken":0,"max_hp_gain":0,"max_hp_loss":0,"event_name":"Transmorgrifier","floor":13,"gold_loss":0,"cards_obtained":["MentalFortress"]}],"is_beta":true,"boss_relics":[],"items_purged_floors":[],"is_endless":false,"potions_floor_spawned":[5,11],"killed_by":"Hexaghost","ascension_level":19}}