{"host":"tlbgt7ns5r9s9fgj","time":1608388093,"event":{"mods":["2.2 Compatiblity","Act Like it!","Aspiration","BaseMod","Better Altar","Better Match","Better Note","Better Sensory Stone","Better Skull","Better Third Choice","Better Vampires","BetterRewards","Challenge The Spire","Colored Map","Colored Powertips","Conspire","Downfall","Elementarium","Energized Spire","Friendly Minions","GifTheSpireLib","Halation","Highlight Path","Hubris","Ironclad Rager","Jedi Mod","Key Reminder","Marked Mod","Melee Mod","Minty Spire (QoL Compilation)","Pale of the Ancients","Permanent Neow","Pikachu Mod","Potionbrewer","Practice Mode","Relic Sorter","Remilia??????","Replay The Spire","Retaliation","SCP261 Mod","Shop Mod","Spicy Shops","Spikes Relics","StSLib","Stuff the Spire","The Factory","The Jungle","TheVacant","vexMod"],"gold_per_floor":[99,134,134,134,164,89,115,141,360,210,229,242,242,257,271,374,374,374,374,374,387,23,23,23,36,36,36],"floor_reached":26,"playtime":3091,"items_purged":["hexamod:Strike"],"score":272,"play_id":"5111c3eb-be87-4efa-b75d-49fb7764a3ed","local_time":"20201219092813","is_ascension_mode":false,"campfire_choices":[{"floor":1.0,"key":"RECALL"},{"data":"hexamod:RecurringNightmare","floor":6.0,"key":"SMITH"},{"data":"hexamod:GhostLash","floor":10.0,"key":"SMITH"},{"data":"hexamod:Strike","floor":18.0,"key":"PURGE"},{"data":"hexamod:GiftsFromTheDead","floor":23.0,"key":"SMITH"}],"circlet_count":0,"master_deck":["hexamod:Strike","hexamod:Defend","hexamod:Defend","hexamod:Defend","hexamod:Defend","hexamod:Sear","hexamod:Float","hexamod:ApocalypseNow","hexamod:GhostLash+1","hexamod:RecurringNightmare+1","hexamod:DynamicBlow","hexamod:ExtraCrispy","hexamod:GhostShield","hexamod:Haunt","hexamod:HeatShield","hexamod:GhostShield","hexamod:TimeOfNeed","hexamod:RainOfEmbers","hexamod:GiftsFromTheDead+1","hexamod:GhostShield","hexamod:GhostOfSpirePresent","hexamod:SpectersWail","hexamod:Firestarter","hexamod:Firestarter","hexamod:PowerFromBeyond+1"],"relics":["hexamod:SpiritBrand","downfall:HeartsMalice","jedi:angrymask","downfall:ShatteredFragment","WizardHat","downfall:HeartBlessingRed","GiantMaggot","Blood Vial","downfall:HeartBlessingGreen","downfall:HeartBlessingBlue","StuffTheSpire:RunicHypercube","Blue Candle"],"acts_visited":["Exordium","TheCity"],"potions_floor_usage":[],"damage_taken":[{"damage":0.0,"enemies":"Lagavulin","floor":2.0,"turns":1.0},{"damage":0.0,"enemies":"2 Louse","floor":4.0,"turns":1.0},{"damage":0.0,"enemies":"Gremlin Nob","floor":5.0,"turns":1.0},{"damage":11.0,"enemies":"3 Sentries","floor":8.0,"turns":4.0},{"damage":0.0,"enemies":"Small Slimes","floor":11.0,"turns":3.0},{"damage":0.0,"enemies":"Cultist","floor":12.0,"turns":3.0},{"damage":5.0,"enemies":"conspire:2 RoseBushes","floor":14.0,"turns":3.0},{"damage":0.0,"enemies":"Large Slime","floor":15.0,"turns":4.0},{"damage":12.0,"enemies":"downfall:Watcher","floor":16.0,"turns":6.0},{"damage":6.0,"enemies":"Spheric Guardian","floor":21.0,"turns":3.0},{"damage":0.0,"enemies":"downfall:FleeingMerchant","floor":22.0,"turns":4.0},{"damage":21.0,"enemies":"conspire:HollyBat","floor":25.0,"turns":6.0},{"damage":20,"enemies":"Gremlin Leader","floor":26,"turns":5}],"seed_played":"4742550061222687430","potions_obtained":[{"floor":2.0,"key":"SteroidPotion"},{"floor":5.0,"key":"SCP261:BarrettColaPotion"},{"floor":14.0,"key":"SCP261:SweetSwarmPotion"},{"floor":19.0,"key":"Regen Potion"},{"floor":19.0,"key":"FearPotion"},{"floor":25.0,"key":"SCP261:ClockworkPotion"}],"is_trial":false,"path_per_floor":["R","E","?","M","E","R","T","E","?","R","M","M","?","M","M","B",null,"R_BF","?","?","M","$","R","T","M","E"],"character_chosen":"THE_SPIRIT","items_purchased":["hexamod:GhostShield","hexamod:GhostOfSpirePresent","hexamod:SpectersWail","hexamod:Firestarter"],"campfire_rested":0,"item_purchase_floors":[22,22,22,22],"current_hp_per_floor":[70,70,49,49,49,49,49,38,8,18,20,22,22,19,21,11,80,80,80,80,74,76,76,76,63,45,45],"gold":36,"neow_bonus":"THREE_ENEMY_KILL","is_daily":false,"chose_seed":false,"campfire_upgraded":3,"win_rate":0.0,"timestamp":1608388093,"path_taken":["R","E","?","M","E","R","T","E","?","R","M","?","?","M","M","BOSS","R_BF","?","?","?","$","R","T","M","E"],"items_purchased_type":["Card","Card","Card","Card"],"build_version":"2020-12-13","purchased_purges":1,"victory":false,"max_hp_per_floor":[70,70,70,70,70,70,70,70,70,80,80,80,80,80,80,80,80,80,80,80,80,80,80,80,80,80,80],"card_choices":[{"not_picked":["hexamod:PowerFromBeyond","hexamod:PhantomCloak"],"picked":"hexamod:ApocalypseNow","floor":2.0},{"not_picked":["hexamod:Firestarter","hexamod:ThermalTransfer"],"picked":"hexamod:GhostLash","floor":4.0},{"not_picked":["hexamod:HeatShield","hexamod:ExtraCrispy"],"picked":"hexamod:RecurringNightmare","floor":5.0},{"not_picked":["hexamod:StepThrough","hexamod:SkipABeat"],"picked":"hexamod:DynamicBlow","floor":8.0},{"not_picked":["hexamod:SwordOfDarkness","hexamod:SpectralSpark"],"picked":"hexamod:ExtraCrispy","floor":11.0},{"not_picked":["hexamod:Again","hexamod:InspiringFlames"],"picked":"hexamod:GhostShield","floor":12.0},{"not_picked":["hexamod:SuperheatedStrike","hexamod:InspiringFlames"],"picked":"hexamod:HeatShield","floor":14.0},{"not_picked":["hexamod:NightmareStrike","hexamod:BacktrackSmack"],"picked":"hexamod:GhostShield","floor":15.0},{"not_picked":["hexamod:FifthSeal","hexamod:WildfireWeapon"],"picked":"hexamod:TimeOfNeed","floor":16.0},{"not_picked":["hexamod:NightmareGuise+1","hexamod:ShieldOfDarkness+1"],"picked":"hexamod:RainOfEmbers","floor":21.0},{"not_picked":["hexamod:HauntingEcho+1","hexamod:GhostLash"],"picked":"hexamod:GiftsFromTheDead","floor":22.0},{"not_picked":["hexamod:ShieldOfDarkness+1","hexamod:GhostShield"],"picked":"hexamod:PowerFromBeyond+1","floor":25.0}],"player_experience":282929,"relics_obtained":[{"floor":2.0,"key":"jedi:angrymask"},{"floor":5.0,"key":"WizardHat"},{"floor":8.0,"key":"GiantMaggot"},{"floor":24.0,"key":"Blue Candle"}],"event_choices":[{"damage_healed":0.0,"max_hp_gain":0.0,"max_hp_loss":0.0,"gold_gain":219.0,"event_name":"betterSkull:BetterSkull","player_choice":"RE GO GO ","floor":9.0,"gold_loss":0.0,"damage_taken":34.0,"cards_upgraded":[],"relics_obtained":["Blood Vial"]},{"damage_healed":0.0,"max_hp_gain":0.0,"max_hp_loss":0.0,"gold_gain":0.0,"event_name":"Lab","player_choice":"Got Potions","floor":19.0,"gold_loss":0.0,"damage_taken":0.0},{"cards_removed":["hexamod:Strike"],"damage_healed":0.0,"max_hp_gain":0.0,"max_hp_loss":0.0,"gold_gain":0.0,"event_name":"Purifier","player_choice":"Purged","floor":20.0,"gold_loss":0.0,"damage_taken":0.0}],"is_beta":false,"boss_relics":[{"not_picked":["aspiration:SecretTechniqueScroll","Replay:Bronze Core"],"picked":"StuffTheSpire:RunicHypercube"}],"items_purged_floors":[22],"is_endless":false,"potions_floor_spawned":[2,5,14,16,25],"killed_by":"Gremlin Leader","ascension_level":0}}