{"host":"Krakhan","time":1608422050,"event":{"mods":["AchievementEnabler","BaseMod","Colored Map","Colored Powertips","Faster Ascension Climbing","Highlight Path","Minty Spire (QoL Compilation)","Rare Cards Sparkle","Relic Stats","StSLib"],"gold_per_floor":[111,123,142,217,217,245,19,19,44,54,71,71,101,113,113,190,190,201,201,213,213,230,267,192,192,192,232,232,270,298,85,85,85,85],"floor_reached":33,"playtime":2977,"items_purged":["Doubt","Strike_R"],"score":630,"play_id":"19af710b-872b-4ff5-aca1-ed71cb0cdbc9","local_time":"20201219185410","is_ascension_mode":true,"campfire_choices":[{"floor":8.0,"key":"REST"},{"data":"Bash","floor":12.0,"key":"SMITH"},{"data":"Inflame","floor":15.0,"key":"SMITH"},{"data":"Feed","floor":25.0,"key":"SMITH"},{"floor":28,"key":"REST"},{"data":"Immolate","floor":32,"key":"SMITH"}],"circlet_count":0,"master_deck":["AscendersBane","Strike_R","Strike_R","Defend_R","Defend_R","Defend_R","Defend_R","Bash+1","Wild Strike","Clothesline","Twin Strike","Anger","Flame Barrier","Inflame+1","Metallicize","Thunderclap","Feed+1","Burning Pact","RitualDagger","Shrug It Off+1","Shrug It Off","Immolate+1","Feel No Pain","Battle Trance","True Grit","Metallicize"],"relics":["Burning Blood","TungstenRod","Happy Flower","Bronze Scales","Bottled Tornado","Cursed Key","CeramicFish","Toy Ornithopter","Prayer Wheel"],"acts_visited":["Exordium","TheCity"],"potions_floor_usage":[27,27,27,27,27,33,33],"damage_taken":[{"damage":0.0,"enemies":"2 Louse","floor":1.0,"turns":3.0},{"damage":14.0,"enemies":"Small Slimes","floor":2.0,"turns":5.0},{"damage":5.0,"enemies":"Cultist","floor":3.0,"turns":4.0},{"damage":52.0,"enemies":"3 Sentries","floor":6.0,"turns":12.0},{"damage":0.0,"enemies":"Large Slime","floor":10.0,"turns":4.0},{"damage":7.0,"enemies":"Looter","floor":11.0,"turns":3.0},{"damage":2.0,"enemies":"Gremlin Nob","floor":13.0,"turns":3.0},{"damage":2.0,"enemies":"Blue Slaver","floor":14.0,"turns":4.0},{"damage":17.0,"enemies":"Slime Boss","floor":16.0,"turns":6.0},{"damage":0.0,"enemies":"3 Byrds","floor":18.0,"turns":2.0},{"damage":22.0,"enemies":"Spheric Guardian","floor":20.0,"turns":4.0},{"damage":24.0,"enemies":"Shelled Parasite and Fungi","floor":22.0,"turns":3.0},{"damage":37.0,"enemies":"Book of Stabbing","floor":23.0,"turns":5.0},{"damage":9,"enemies":"Slavers","floor":27,"turns":6},{"damage":26,"enemies":"Book of Stabbing","floor":29,"turns":6},{"damage":7,"enemies":"Cultist and Chosen","floor":30,"turns":6},{"damage":58,"enemies":"Collector","floor":33,"turns":9}],"seed_played":"439731773016914735","potions_obtained":[{"floor":2.0,"key":"DistilledChaos"},{"floor":3.0,"key":"FearPotion"},{"floor":13.0,"key":"Regen Potion"},{"floor":16.0,"key":"BloodPotion"},{"floor":18.0,"key":"EntropicBrew"},{"floor":23.0,"key":"Swift Potion"},{"floor":30,"key":"AttackPotion"}],"is_trial":false,"path_per_floor":["M","M","M","?","?","E","$","R","T","M","M","R","E","M","R","B",null,"M","?","M","?","M","E","?","R","T","E","R","E","M","$","R","B"],"character_chosen":"IRONCLAD","items_purchased":["Anger","Flame Barrier","ColorlessPotion","True Grit","Metallicize"],"campfire_rested":2,"item_purchase_floors":[7,7,7,31,31],"current_hp_per_floor":[74,66,67,57,57,11,11,33,33,39,38,38,42,46,46,47,68,74,69,56,56,41,26,26,26,26,27,52,36,39,39,39,0,0],"gold":85,"neow_bonus":"ONE_RARE_RELIC","is_daily":false,"chose_seed":false,"campfire_upgraded":4,"win_rate":0.0,"timestamp":1608422050,"path_taken":["M","M","M","?","?","E","$","R","T","M","M","R","E","M","R","BOSS","M","?","M","?","M","E","?","R","T","E","R","E","M","$","R","BOSS"],"items_purchased_type":["Card","Card","Potion","Card","Card"],"build_version":"2020-12-18","purchased_purges":2,"victory":false,"max_hp_per_floor":[75,75,75,75,75,75,75,75,75,75,75,75,75,75,75,75,75,75,75,78,78,81,81,81,81,81,85,85,89,93,93,93,93,93],"relic_stats":{"Happy Flower":[20],"counters":[17,85],"Bronze Scales":[211],"CeramicFish":54,"Prayer Wheel":1,"Cursed Key":0,"obtain_stats":[{"Happy Flower":6,"Bronze Scales":9,"CeramicFish":23,"Prayer Wheel":29,"Bottled Tornado":13,"Cursed Key":17,"Burning Blood":0,"TungstenRod":0,"Toy Ornithopter":27},{"Happy Flower":4,"Bronze Scales":4,"CeramicFish":13,"Prayer Wheel":15,"Bottled Tornado":7,"Cursed Key":9,"Burning Blood":0,"TungstenRod":0,"Toy Ornithopter":14},{"Happy Flower":24,"Bronze Scales":24,"CeramicFish":58,"Prayer Wheel":70,"Bottled Tornado":34,"Cursed Key":44,"Burning Blood":0,"TungstenRod":0,"Toy Ornithopter":64}],"Burning Blood":96,"TungstenRod":61,"Toy Ornithopter":10},"card_choices":[{"not_picked":["Rage","Warcry"],"picked":"Wild Strike","floor":1.0},{"not_picked":["Second Wind","Entrench","Clash"],"picked":"SKIP","floor":2.0},{"not_picked":["Perfected Strike","Sword Boomerang"],"picked":"Clothesline","floor":3.0},{"not_picked":["Sword Boomerang","Double Tap"],"picked":"Twin Strike","floor":6.0},{"not_picked":["True Grit","Thunderclap"],"picked":"Inflame","floor":10.0},{"not_picked":["Ghostly Armor","Flex","Heavy Blade"],"picked":"SKIP","floor":11.0},{"not_picked":["Dual Wield","Perfected Strike"],"picked":"Metallicize","floor":13.0},{"not_picked":["Twin Strike","Infernal Blade"],"picked":"Thunderclap","floor":14.0},{"not_picked":["Fiend Fire","Offering"],"picked":"Feed","floor":16.0},{"not_picked":["Pommel Strike","Clothesline"],"picked":"Burning Pact","floor":18.0},{"not_picked":["Twin Strike","Battle Trance+1"],"picked":"Shrug It Off+1","floor":20.0},{"not_picked":["Pommel Strike","Anger","Sever Soul"],"picked":"SKIP","floor":22.0},{"not_picked":["Sentinel","Inflame"],"picked":"Shrug It Off","floor":23.0},{"not_picked":["Anger","Rage"],"picked":"Immolate","floor":27},{"not_picked":["Dropkick","Wild Strike"],"picked":"Feel No Pain","floor":29},{"not_picked":["Iron Wave","Thunderclap"],"picked":"Battle Trance","floor":30},{"not_picked":["Seeing Red","Flex","Searing Blow"],"picked":"SKIP","floor":30}],"player_experience":1205002,"relics_obtained":[{"floor":6.0,"key":"Happy Flower"},{"floor":9.0,"key":"Bronze Scales"},{"floor":13.0,"key":"Bottled Tornado"},{"floor":23.0,"key":"CeramicFish"},{"floor":27,"key":"Toy Ornithopter"},{"floor":29,"key":"Prayer Wheel"}],"event_choices":[{"damage_healed":0.0,"max_hp_gain":0.0,"max_hp_loss":0.0,"gold_gain":75.0,"event_name":"World of Goop","player_choice":"Gather Gold","floor":4.0,"gold_loss":0.0,"damage_taken":11.0},{"cards_removed":["Strike_R"],"damage_healed":0.0,"max_hp_gain":0.0,"max_hp_loss":0.0,"gold_gain":0.0,"event_name":"Wheel of Change","player_choice":"Card Removal","floor":5.0,"gold_loss":0.0,"damage_taken":0.0},{"damage_healed":0.0,"max_hp_gain":0.0,"max_hp_loss":0.0,"gold_gain":0.0,"event_name":"Nest","player_choice":"Joined the Cult","floor":19.0,"gold_loss":0.0,"damage_taken":6.0,"cards_obtained":["RitualDagger"]},{"damage_healed":0.0,"max_hp_gain":0.0,"max_hp_loss":0.0,"gold_gain":0.0,"event_name":"The Mausoleum","player_choice":"Ignored","floor":21.0,"gold_loss":0.0,"damage_taken":0.0},{"cards_removed":["Strike_R"],"damage_healed":0.0,"max_hp_gain":0.0,"max_hp_loss":0.0,"gold_gain":0.0,"event_name":"Beggar","player_choice":"Gave Gold","floor":24.0,"gold_loss":75.0,"damage_taken":0.0}],"is_beta":true,"boss_relics":[{"not_picked":["Fusion Hammer","Pandora\u0027s Box"],"picked":"Cursed Key"}],"items_purged_floors":[7,31],"is_endless":false,"potions_floor_spawned":[2,3,13,16,18,23,30],"killed_by":"Collector","ascension_level":20}}