{"host":"gp6kafy53r5vaktt","time":1608414076,"event":{"mods":["BaseMod","Colored Map","Highlight Path","Minty Spire (QoL Compilation)"],"gold_per_floor":[109,129,154,154,154,185,185,215,215,215,215],"floor_reached":10,"playtime":599,"items_purged":[],"score":130,"play_id":"79aed1a3-fff5-49d1-bdbe-e0a593cb6e16","local_time":"20201219234116","daily_mods":["Heirloom","Time Dilation","Flight","DeadlyEvents","Elite Swarm"],"is_ascension_mode":true,"campfire_choices":[{"data":"Defend_R","floor":7.0,"key":"SMITH"}],"circlet_count":0,"master_deck":["Strike_R","Strike_R","Strike_R","Strike_R","Strike_R","Defend_R+1","Defend_R+1","Defend_R","Defend_R+1","Bash+1","Ghostly Armor+1","Reaper","Exhume+1"],"relics":["Burning Blood","Turnip","Oddly Smooth Stone","Toxic Egg 2","Prayer Wheel","War Paint","Girya"],"acts_visited":["Exordium"],"potions_floor_usage":[10,10],"damage_taken":[{"damage":1.0,"enemies":"Cultist","floor":1.0,"turns":3.0},{"damage":0.0,"enemies":"2 Louse","floor":2.0,"turns":2.0},{"damage":24.0,"enemies":"3 Sentries","floor":6.0,"turns":14.0},{"damage":33.0,"enemies":"Lagavulin","floor":8.0,"turns":10.0},{"damage":70,"enemies":"Gremlin Nob","floor":10,"turns":6}],"seed_played":"-1730246379861017541","potions_obtained":[{"floor":1.0,"key":"GamblersBrew"},{"floor":6.0,"key":"FearPotion"},{"floor":8.0,"key":"Fruit Juice"}],"is_trial":true,"path_per_floor":["M","M","T","?","T","E","R","E","T","E"],"character_chosen":"IRONCLAD","items_purchased":[],"campfire_rested":0,"item_purchase_floors":[],"current_hp_per_floor":[80,80,80,64,64,46,46,21,21,0,0],"gold":215,"neow_bonus":"","is_daily":false,"chose_seed":false,"campfire_upgraded":1,"win_rate":0.0,"timestamp":1608414076,"path_taken":["M","M","?","?","?","E","R","E","T","E"],"items_purchased_type":[],"build_version":"2020-12-13","purchased_purges":0,"victory":false,"max_hp_per_floor":[80,80,80,80,80,80,80,80,80,85,85],"card_choices":[{"not_picked":["Evolve","Feel No Pain"],"picked":"Ghostly Armor","floor":1.0},{"not_picked":["Havoc","Sword Boomerang","Flex"],"picked":"SKIP","floor":2.0},{"not_picked":["Immolate","Offering+1"],"picked":"Reaper","floor":6.0},{"not_picked":["Brutality","Corruption"],"picked":"Exhume+1","floor":8.0}],"player_experience":71142,"relics_obtained":[{"floor":3.0,"key":"Oddly Smooth Stone"},{"floor":5.0,"key":"Toxic Egg 2"},{"floor":6.0,"key":"Prayer Wheel"},{"floor":8.0,"key":"War Paint"},{"floor":9.0,"key":"Girya"}],"event_choices":[{"damage_healed":0.0,"max_hp_gain":0.0,"max_hp_loss":0.0,"gold_gain":0.0,"event_name":"Shining Light","player_choice":"Entered Light","floor":4.0,"gold_loss":0.0,"damage_taken":16.0,"cards_upgraded":["Ghostly Armor","Bash"]}],"is_beta":false,"boss_relics":[],"items_purged_floors":[],"is_endless":true,"potions_floor_spawned":[1,6,8],"killed_by":"Gremlin Nob","ascension_level":1}}