{"host":"phzz6vgtixj4nwio","time":1608381302,"event":{"mods":["BaseMod","GifTheSpireLib","Minty Spire (QoL Compilation)","StSLib","The Animator"],"gold_per_floor":[217,292,307,320,495,495,513,513,538,538,538,549,561,572,572,689,689,700,700,700,700,483,512,512,496,496,496,515,548,566,566,578,675,675,688,729,743,743,759,769,782,532,532,532,552,568,578,593,593,593,593],"floor_reached":50,"playtime":5619,"items_purged":["animator:Curse_Nutcracker"],"score":530,"play_id":"ded45bb0-2048-4ee5-a889-2bb36ec545a2","local_time":"20201219123502","is_ascension_mode":false,"campfire_choices":[{"floor":6,"key":"RECALL"},{"data":"animator:Benimaru","floor":8,"key":"SMITH"},{"data":"animator:ElricAlphonse","floor":10,"key":"SMITH"},{"floor":13,"key":"REST"},{"floor":15,"key":"REST"},{"floor":24,"key":"REST"},{"floor":27,"key":"REST"},{"floor":32,"key":"REST"},{"data":"animator:Greed","floor":44,"key":"SMITH"},{"floor":49,"key":"REST"}],"circlet_count":0,"master_deck":["animator:Strike_FullmetalAlchemist+1","animator:Defend_FullmetalAlchemist+1","animator:Strike+1","animator:Strike+1","animator:Strike+1","animator:Defend+1","animator:Defend+1","animator:Defend+1","animator:ElricAlphonse+1","animator:Benimaru+1","animator:Millim","animator:ElricAlphonse","animator:KyokoSakura","animator:Ainz","animator:Greed+1","Injury","animator:RoyMustang","animator:WinryRockbell","animator:Sloth","animator:Greed+1","Shame","animator:RoyMustang+1","animator:Vesta+1","animator:Sloth","animator:UneriGinkaku","animator:MaesHughes","animator:Envy","animator:Gluttony","animator:RoyMustang","animator:Pride","Parasite","Decay","animator:Sloth","animator:Scar","animator:MaesHughes+1"],"relics":["animator:LivingPicture","animator:TheMissingPiece","Dream Catcher","Cursed Key","FossilizedHelix","Champion Belt","Gambling Chip","Pear","Mark of Pain","Blue Candle","TungstenRod"],"acts_visited":["Exordium","TheCity","TheBeyond"],"potions_floor_usage":[16,16,29,40,41,47,48,50],"damage_taken":[{"damage":3,"enemies":"Jaw Worm","floor":1,"turns":5},{"damage":2,"enemies":"Cultist","floor":3,"turns":4},{"damage":4,"enemies":"2 Louse","floor":4,"turns":3},{"damage":6,"enemies":"Blue Slaver","floor":7,"turns":6},{"damage":23,"enemies":"Lots of Slimes","floor":12,"turns":4},{"damage":21,"enemies":"Exordium Wildlife","floor":14,"turns":6},{"damage":21,"enemies":"Hexaghost","floor":16,"turns":8},{"damage":12,"enemies":"3 Byrds","floor":18,"turns":5},{"damage":37,"enemies":"Book of Stabbing","floor":23,"turns":6},{"damage":2,"enemies":"2 Thieves","floor":25,"turns":4},{"damage":0,"enemies":"Sentry and Sphere","floor":28,"turns":6},{"damage":39,"enemies":"animator:HornedBat","floor":29,"turns":5},{"damage":5,"enemies":"Snecko","floor":30,"turns":5},{"damage":36,"enemies":"Collector","floor":33,"turns":9},{"damage":0,"enemies":"Orb Walker","floor":35,"turns":4},{"damage":9,"enemies":"3 Shapes","floor":36,"turns":6},{"damage":0,"enemies":"Maw","floor":37,"turns":7},{"damage":0,"enemies":"Jaw Worm Horde","floor":39,"turns":5},{"damage":3,"enemies":"Writhing Mass","floor":40,"turns":5},{"damage":10,"enemies":"3 Darklings","floor":41,"turns":5},{"damage":0,"enemies":"Sphere and 2 Shapes","floor":45,"turns":6},{"damage":0,"enemies":"4 Shapes","floor":46,"turns":5},{"damage":7,"enemies":"3 Darklings","floor":47,"turns":3},{"damage":6,"enemies":"Maw","floor":48,"turns":7},{"damage":92,"enemies":"Time Eater","floor":50,"turns":12}],"seed_played":"6239795824049051854","potions_obtained":[{"floor":4,"key":"Fire Potion"},{"floor":14,"key":"animator:FalseLifePotion"},{"floor":28,"key":"PowerPotion"},{"floor":30,"key":"FearPotion"},{"floor":36,"key":"Swift Potion"},{"floor":39,"key":"DistilledChaos"},{"floor":40,"key":"Strength Potion"},{"floor":46,"key":"ColorlessPotion"},{"floor":48,"key":"Fire Potion"}],"is_trial":false,"path_per_floor":["M","?","M","M","?","R","M","R","T","R","?","M","R","M","R","B",null,"M","T","?","T","$","E","R","M","T","R","M","E","M","?","R","B",null,"M","M","M","?","M","M","M","$","T","R","M","M","M","M","R","B"],"character_chosen":"THE_ANIMATOR","items_purchased":["animator:RoyMustang","animator:WinryRockbell","Blue Candle"],"campfire_rested":6,"item_purchase_floors":[22,22,42],"current_hp_per_floor":[63,57,55,51,51,51,45,45,45,45,45,22,41,20,39,18,66,54,54,54,54,54,18,38,36,36,56,56,27,22,22,45,10,78,78,69,69,69,75,72,66,66,66,66,66,70,63,61,80,0,0],"gold":593,"neow_bonus":"HUNDRED_GOLD","is_daily":false,"chose_seed":false,"campfire_upgraded":3,"win_rate":0.0,"timestamp":1608381302,"path_taken":["M","?","?","M","?","R","M","R","T","R","?","M","R","M","R","BOSS","M","?","?","?","$","E","R","M","T","R","M","E","?","?","R","BOSS","M","M","M","?","M","?","M","$","T","R","M","?","M","M","R","BOSS"],"items_purchased_type":["Card","Card","Relic"],"build_version":"2020-12-13","purchased_purges":1,"victory":false,"max_hp_per_floor":[66,66,66,66,66,66,66,66,66,66,66,66,66,66,66,66,66,66,66,66,66,66,67,67,67,67,67,67,77,77,77,77,78,78,78,78,78,78,80,80,80,80,80,80,80,80,80,80,80,80,80],"card_choices":[{"not_picked":["animator:TsurugaMeisai","animator:AcuraAkari"],"picked":"animator:Benimaru","floor":1},{"not_picked":["animator:Cocytus","animator:Emonzaemon"],"picked":"animator:Millim","floor":3},{"not_picked":["animator:Emonzaemon","animator:Cocytus","animator:PandorasActor"],"picked":"SKIP","floor":4},{"not_picked":["animator:ElricEdward","animator:Gluttony"],"picked":"animator:ElricAlphonse","floor":7},{"not_picked":["animator:Guy","animator:PandorasActor","animator:Fredrika"],"picked":"SKIP","floor":12},{"not_picked":["animator:Konayuki","animator:Sloth"],"picked":"animator:KyokoSakura","floor":13},{"not_picked":["animator:Viivi","animator:FielNirvalen","animator:Scar"],"picked":"SKIP","floor":14},{"not_picked":["animator:Jibril","animator:Konayuki"],"picked":"animator:Ainz","floor":15},{"not_picked":["animator:Kyubey","animator:Shizu"],"picked":"animator:Greed","floor":16},{"not_picked":["animator:Gluttony","animator:NarberalGamma","animator:Hitei"],"picked":"SKIP","floor":18},{"not_picked":["animator:WinryRockbell","animator:ElricAlphonse"],"picked":"animator:Sloth","floor":23},{"not_picked":["animator:MamiTomoe","animator:Guy"],"picked":"animator:Greed","floor":25},{"not_picked":["animator:Sebas","animator:NagisaMomoe"],"picked":"animator:RoyMustang+1","floor":27},{"not_picked":["animator:YachiyoNanami","animator:Shion+1","animator:DolaSchwi"],"picked":"SKIP","floor":28},{"not_picked":["animator:Kyubey","animator:Shalltear+1"],"picked":"animator:Vesta+1","floor":29},{"not_picked":["animator:ElricEdward","animator:Scar"],"picked":"animator:Sloth","floor":30},{"not_picked":["animator:Gillette+1","animator:WinryRockbell"],"picked":"animator:MaesHughes","floor":32},{"not_picked":["animator:Ainz","animator:HomuraAkemi"],"picked":"animator:Envy","floor":33},{"not_picked":["animator:Layla","animator:TsurugaMeisai","animator:NarberalGamma"],"picked":"SKIP","floor":35},{"not_picked":["animator:Millim+1","animator:YachiyoNanami"],"picked":"animator:Gluttony","floor":36},{"not_picked":["animator:ZankiKiguchi","animator:Shion+1"],"picked":"animator:RoyMustang","floor":37},{"not_picked":["animator:RoyMustang","animator:ElricAlphonse"],"picked":"animator:Pride","floor":39},{"not_picked":["animator:AcuraTooru","animator:DolaRiku+1","animator:PandorasActor"],"picked":"SKIP","floor":40},{"not_picked":["animator:Entoma+1","animator:NarberalGamma+1","animator:Millim"],"picked":"SKIP","floor":41},{"not_picked":["animator:ChlammyZell+1","animator:DolaCouronne+1"],"picked":"animator:Sloth","floor":45},{"not_picked":["animator:WinryRockbell","animator:ElricEdward"],"picked":"animator:Scar","floor":46},{"not_picked":["animator:Konayuki+1","animator:SuzuneAmano","animator:Shizu"],"picked":"SKIP","floor":47},{"not_picked":["animator:ElricEdward+1","animator:ZankiKiguchi+1"],"picked":"animator:MaesHughes+1","floor":48}],"player_experience":581728,"relics_obtained":[{"floor":9,"key":"Dream Catcher"},{"floor":21,"key":"FossilizedHelix"},{"floor":23,"key":"Champion Belt"},{"floor":26,"key":"Gambling Chip"},{"floor":29,"key":"Pear"},{"floor":43,"key":"TungstenRod"}],"event_choices":[{"damage_healed":0,"gold_gain":75,"player_choice":"Touch","damage_taken":6,"max_hp_gain":0,"max_hp_loss":0,"event_name":"FaceTrader","floor":2,"gold_loss":0},{"damage_healed":0,"gold_gain":175,"player_choice":"AGREE","damage_taken":0,"max_hp_gain":0,"max_hp_loss":0,"event_name":"Liars Game","floor":5,"gold_loss":0,"cards_obtained":["Doubt"]},{"cards_removed":["Doubt"],"damage_healed":0,"gold_gain":0,"player_choice":"Removed Curses","damage_taken":0,"max_hp_gain":0,"max_hp_loss":0,"event_name":"Fountain of Cleansing","floor":11,"gold_loss":0},{"damage_healed":0,"gold_gain":0,"player_choice":"Simplicity","damage_taken":0,"max_hp_gain":0,"max_hp_loss":0,"event_name":"Back to Basics","floor":20,"gold_loss":0,"cards_upgraded":["animator:Strike_FullmetalAlchemist","animator:Defend_FullmetalAlchemist","animator:Strike","animator:Strike","animator:Strike","animator:Defend","animator:Defend","animator:Defend"]},{"damage_healed":0,"gold_gain":0,"cards_transformed":["animator:ElricEdward"],"player_choice":"Transformed","damage_taken":0,"max_hp_gain":0,"max_hp_loss":0,"event_name":"Transmorgrifier","floor":31,"gold_loss":0,"cards_obtained":["animator:UneriGinkaku"]},{"damage_healed":0,"gold_gain":0,"player_choice":"Forge","damage_taken":0,"max_hp_gain":0,"max_hp_loss":0,"event_name":"Accursed Blacksmith","floor":38,"gold_loss":0,"cards_upgraded":["animator:Greed"]}],"is_beta":false,"boss_relics":[{"not_picked":["Runic Dome","Empty Cage"],"picked":"Cursed Key"},{"not_picked":["Coffee Dripper","SlaversCollar"],"picked":"Mark of Pain"}],"items_purged_floors":[22],"is_endless":false,"potions_floor_spawned":[4,14,28,30,36,39,40,46,48],"killed_by":"Time Eater","ascension_level":0}}