{"host":"tm3ghj8mno6gwywm","time":1608342009,"event":{"mods":["2.2 Compatiblity","AchievementEnabler","Bard","BaseMod","Beaked The Cultist","Better Third Choice","Colored Map","Colored Powertips","Conspire","Downfall","Glutton Mod","GungeonMod","Halation","Hermit","Hubris","Infinite Spire","Jorbs\u0027s Wanderer Trilogy","Lobotomy","Mad Scientist","Marisa????????","Marked Mod","Mimic Mod","Minty Spire (QoL Compilation)","Potionbrewer","Quick Restart","READ ME - Guardian Mod","Replay The Spire","Shade Mod","Shop Mod","Somnambulant","Spicy Shops","StSLib","SuperFastMode","The Bug Knight","The Construct","The Cursed","The Disciple","The Factory","The Hierophant","The IronCluck","The Judge","The Jungle","The Necromancer","The Runesmith","The Servant 0.9.4","egg"],"gold_per_floor":[119,135,135,153,168,201,201,201,281,281,296,33,33,44,44,144,144,155,189,207,218,218,218,32,52,75,95,112,86,102,121,121,234,234,268,268,302,341,379,379,223,249,286,337,7,21,123,163,163,163,163,163,163,18,50,50],"floor_reached":57,"playtime":2037,"items_purged":[],"score":1218,"play_id":"417763be-c78e-49c4-84ef-4776e1e7c8d7","local_time":"20201218204009","is_ascension_mode":false,"campfire_choices":[{"floor":7,"key":"RECALL"},{"data":"Bash","floor":13,"key":"SMITH"},{"data":"Strike_R","floor":15,"key":"SMITH"},{"floor":23,"key":"REST"},{"floor":32,"key":"REST"},{"data":"Strike_R","floor":40,"key":"SMITH"},{"floor":49,"key":"REST"},{"data":"Strike_R","floor":53,"key":"SMITH"}],"circlet_count":0,"master_deck":["Strike_R+1","Strike_R+1","Strike_R+1","Strike_R+1","Strike_R","Defend_R","Defend_R","Defend_R","Defend_R+1","Bash+1","Iron Wave+1","Dark Embrace+1","Clash+1","Fire Breathing+1","Perfected Strike+1","ReplayTheSpireMod:Muscle Training+1","Life Link+1","conspire:Charge+1","conspire:Charge+1","Massacre+1","Offering+1","Iron Wave+1","Bloodletting+1","Whirlwind+1","Hemogenesis+1","Combust+1","Iron Wave+1","Blood for Blood+1","Flex+1","Hemokinesis+1","Brutality+1","Thunderclap+1","Power Through+1","Metallicize+1","Rupture+1","Reckless Charge+1","Flex+1","Exhume+1","Reckless Charge+1","Rupture+1","Intimidate+1","Evolve+1","Wild Strike+1"],"relics":["Burning Blood","Lizard Tail","Mummified Hand","Black Star","Molten Egg 2","Toxic Egg 2","Frozen Egg 2","Quantum Egg","Membership Card","WingedGreaves","ReplayTheSpireMod:Lightbulb","Simple Rune","halation:PrussianBluePaint","Lee\u0027s Waffle","potionbrewer:ToyAutogyro","halation:LettersToHer","Anchor","Oddly Smooth Stone","infinitespire:EvilPickle","halation:PinkSoulGem","DemoMod:GreenGuonStone","potionbrewer:Torch","Frozen Eye","Membership Card","potionbrewer:AlchemistFlask","DemoMod:Metronome","halation:BottledLove","infinitespire:FocusingShard","Sling","DemoMod:MemoryAlloy","King of Hearts","Juzu Bracelet","hubris:BottledRain","DemoMod:PinkGuonStone","Replay:WaspNest"],"acts_visited":["Exordium","TheCity","TheBeyond","TheEnding"],"potions_floor_usage":[16,16,56,56],"damage_taken":[{"damage":11,"enemies":"2 Louse","floor":1,"turns":3},{"damage":2,"enemies":"Cultist","floor":2,"turns":4},{"damage":8,"enemies":"Small Slimes","floor":4,"turns":3},{"damage":9,"enemies":"Red Slaver","floor":5,"turns":4},{"damage":16,"enemies":"Gremlin Nob","floor":6,"turns":5},{"damage":4,"enemies":"Looter","floor":11,"turns":3},{"damage":8,"enemies":"Blue Slaver","floor":14,"turns":3},{"damage":38,"enemies":"Hexaghost","floor":16,"turns":7},{"damage":29,"enemies":"conspire:FuzzyDice","floor":18,"turns":4},{"damage":48,"enemies":"conspire:MimicChest","floor":19,"turns":5},{"damage":12,"enemies":"Spheric Guardian","floor":20,"turns":3},{"damage":15,"enemies":"Snake Plant","floor":21,"turns":4},{"damage":4,"enemies":"Shelled Parasite and Fungi","floor":25,"turns":2},{"damage":9,"enemies":"Sentry and Sphere","floor":27,"turns":1},{"damage":10,"enemies":"Centurion and Healer","floor":28,"turns":4},{"damage":19,"enemies":"Shelled Parasite and Fungi","floor":30,"turns":5},{"damage":8,"enemies":"Snake Plant","floor":31,"turns":2},{"damage":59,"enemies":"Pondfish","floor":33,"turns":6},{"damage":9,"enemies":"3 Shapes","floor":35,"turns":3},{"damage":20,"enemies":"3 Darklings","floor":37,"turns":4},{"damage":13,"enemies":"3 Darklings","floor":38,"turns":3},{"damage":13,"enemies":"Jaw Worm Horde","floor":39,"turns":3},{"damage":17,"enemies":"Spire Growth","floor":42,"turns":3},{"damage":21,"enemies":"Sphere and 2 Shapes","floor":43,"turns":5},{"damage":11,"enemies":"R_Hoarder","floor":44,"turns":5},{"damage":9,"enemies":"Sphere and 2 Shapes","floor":46,"turns":3},{"damage":9,"enemies":"Reptomancer","floor":48,"turns":2},{"damage":45,"enemies":"Replay:Hell Engine","floor":50,"turns":8},{"damage":32,"enemies":"Shield and Spear","floor":55,"turns":4},{"damage":118,"enemies":"The Heart","floor":56,"turns":7}],"seed_played":"8251338255035939675","potions_obtained":[{"floor":2,"key":"sneckomod:MuddlingPotion"},{"floor":4,"key":"Swift Potion"},{"floor":11,"key":"Toxic Potion"},{"floor":19,"key":"Elixir"},{"floor":21,"key":"Venom Potion"}],"is_trial":false,"path_per_floor":["M","M","?","M","M","E","R","?","T","?","M","$","R","M","R","B",null,"M","?","M","M","?","R","$","M","T","M","M","$","M","M","R","B",null,"M","?","MIM","M","M","R","$","M","MIM","E","$","M","?","E","R","B",null,null,"R","$","E","B",null],"character_chosen":"IRONCLAD","items_purchased":["Lee\u0027s Waffle","Life Link+1","potionbrewer:ToyAutogyro","conspire:Charge+1","Combust+1","Anchor","Blood for Blood+1","Frozen Eye","Membership Card","Metallicize+1","Strength Potion","Sling","DemoMod:MemoryAlloy","Flex+1","Exhume+1","Evolve+1","DemoMod:PinkGuonStone"],"campfire_rested":3,"item_purchase_floors":[12,12,12,12,24,24,29,41,41,41,41,45,45,45,45,54,54],"current_hp_per_floor":[75,79,79,77,74,64,64,64,64,64,66,87,87,85,85,53,87,64,22,16,7,10,37,37,47,47,44,57,57,52,50,77,38,90,90,90,76,75,85,85,85,74,67,74,74,79,43,40,67,77,77,90,90,97,75,29],"gold":50,"neow_bonus":"RANDOM_COMMON_RELIC","is_daily":false,"chose_seed":false,"campfire_upgraded":4,"win_rate":0.0,"timestamp":1608342009,"path_taken":["M","M","?","M","?","E","R","?","T","?","?","$","R","M","R","BOSS","M","?","M","M","?","R","?","M","T","?","M","?","M","M","R","BOSS","M","?","?","M","M","R","?","M","MIM","E","$","?","?","E","R","BOSS","R","$","E","BOSS"],"items_purchased_type":["Relic","Card","Relic","Card","Card","Relic","Card","Relic","Relic","Card","Potion","Relic","Relic","Card","Card","Card","Relic"],"build_version":"2020-12-13","purchased_purges":0,"victory":true,"max_hp_per_floor":[80,80,80,80,80,80,80,80,80,80,80,87,87,87,87,87,87,87,87,87,87,90,90,90,90,90,90,90,90,90,90,90,90,90,90,90,90,90,90,90,90,90,90,90,90,90,90,90,90,90,90,90,90,97,97,97],"card_choices":[{"not_picked":["Headbutt+1","ReplayTheSpireMod:Limb From Limb+1"],"picked":"Iron Wave+1","floor":1},{"not_picked":["Pummel+1","Warcry+1"],"picked":"Dark Embrace+1","floor":2},{"not_picked":["Run Through+1","ReplayTheSpireMod:Strike From Hell+1"],"picked":"Clash+1","floor":4},{"not_picked":["Double Tap+1","Anger+1"],"picked":"Fire Breathing+1","floor":5},{"not_picked":["DemoMod:BlackBlade+1","Pommel Strike+1"],"picked":"Perfected Strike+1","floor":6},{"not_picked":["Perfected Strike+1","Heavy Blade+1"],"picked":"ReplayTheSpireMod:Muscle Training+1","floor":11},{"not_picked":["Anger+1","Sword Boomerang+1"],"picked":"Massacre+1","floor":14},{"not_picked":["Bludgeon+1","Hemogenesis+1"],"picked":"Offering+1","floor":16},{"not_picked":["Havoc+1","Perfected Strike+1"],"picked":"Iron Wave+1","floor":18},{"not_picked":["Warcry+1","Headbutt+1"],"picked":"Bloodletting+1","floor":19},{"not_picked":["DemoMod:WhiteBlade+1","Twin Strike+1"],"picked":"Whirlwind+1","floor":20},{"not_picked":["Iron Wave+1","ReplayTheSpireMod:LeadingStrike+1"],"picked":"Hemogenesis+1","floor":21},{"not_picked":["Perfected Strike+1","Warcry+1"],"picked":"Iron Wave+1","floor":25},{"not_picked":["Warcry+1","Defy Death+1","conspire:ExplosiveBarrier+1"],"picked":"SKIP","floor":27},{"not_picked":["Disarm+1","Dropkick+1","Shrug It Off+1"],"picked":"SKIP","floor":28},{"not_picked":["Headbutt+1","Feed+1"],"picked":"Flex+1","floor":30},{"not_picked":["Searing Blow+1","Sentinel+1"],"picked":"Hemokinesis+1","floor":31},{"not_picked":["Bludgeon+1","Hemogenesis+1"],"picked":"Brutality+1","floor":33},{"not_picked":["Warcry+1","Carnage+1","Dual Wield+1"],"picked":"SKIP","floor":35},{"not_picked":["Thunderclap+1","Burning Pact+1","Iron Wave+1"],"picked":"SKIP","floor":38},{"not_picked":["Burning Pact+1","Iron Wave+1"],"picked":"Thunderclap+1","floor":38},{"not_picked":["Twin Strike+1","Body Slam+1"],"picked":"Power Through+1","floor":39},{"not_picked":["Body Slam+1","Headbutt+1","Thunderclap+1"],"picked":"SKIP","floor":42},{"not_picked":["Flex+1","Heavy Blade+1"],"picked":"Rupture+1","floor":43},{"not_picked":["Clothesline+1","hubris:SharpeningStone+1"],"picked":"Reckless Charge+1","floor":44},{"not_picked":["Reckless Charge+1","Flex+1","Entrench+1"],"picked":"SKIP","floor":46},{"not_picked":["Flex+1","Entrench+1"],"picked":"Reckless Charge+1","floor":46},{"not_picked":["Pommel Strike+1","Hemokinesis+1"],"picked":"Rupture+1","floor":47},{"not_picked":["Headbutt+1","Havoc+1"],"picked":"Intimidate+1","floor":48},{"not_picked":["Hemogenesis+1","Run Through+1"],"picked":"Wild Strike+1","floor":55}],"player_experience":778207,"relics_obtained":[{"floor":6,"key":"Simple Rune"},{"floor":6,"key":"halation:PrussianBluePaint"},{"floor":19,"key":"halation:LettersToHer"},{"floor":26,"key":"halation:LettersToHer"},{"floor":26,"key":"Oddly Smooth Stone"},{"floor":37,"key":"DemoMod:GreenGuonStone"},{"floor":37,"key":"potionbrewer:Torch"},{"floor":37,"key":"halation:LettersToHer"},{"floor":43,"key":"potionbrewer:AlchemistFlask"},{"floor":43,"key":"DemoMod:Metronome"},{"floor":43,"key":"halation:LettersToHer"},{"floor":44,"key":"halation:BottledLove"},{"floor":44,"key":"infinitespire:FocusingShard"},{"floor":47,"key":"King of Hearts"},{"floor":48,"key":"Juzu Bracelet"},{"floor":48,"key":"hubris:BottledRain"},{"floor":55,"key":"Replay:WaspNest"}],"event_choices":[{"damage_healed":0,"gold_gain":0,"player_choice":"Ignored","damage_taken":0,"max_hp_gain":0,"max_hp_loss":0,"event_name":"Purifier","floor":3,"gold_loss":0},{"damage_healed":0,"gold_gain":0,"player_choice":"Ignored","damage_taken":0,"max_hp_gain":0,"max_hp_loss":0,"event_name":"Transmorgrifier","floor":10,"gold_loss":0}],"is_beta":false,"boss_relics":[{"not_picked":["potionbrewer:BhaskarasWheel","Fusion Hammer","Runesmith:UraniumAnvil"]},{"not_picked":["halation:MonkeysPaw","ReplayTheSpireMod:SealedPack","infinitespire:Burning Sword"]}],"items_purged_floors":[],"is_endless":false,"potions_floor_spawned":[2,4,11,14,19,21,25,35,38,39,44],"ascension_level":0}}