{"host":"x565ttcahk6mfbvs","time":1608376441,"event":{"mods":["AchievementEnabler","BaseMod","BetterRewards","Downfall","Minty Spire (QoL Compilation)","Permanent Neow","Remove Card Discount Mod","StSLib"],"gold_per_floor":[99,115,115,115,115,126,126,140,140,172,3,18,38,56,70,70,70],"floor_reached":16,"playtime":1128,"items_purged":["Guardian:Defend_Guardian"],"score":104,"play_id":"8187773f-1760-4d54-95a8-f0b627e863fd","local_time":"20201219051401","is_ascension_mode":false,"campfire_choices":[{"data":"Guardian:ShieldCharger","floor":1,"key":"SMITH"},{"data":"Guardian:Incinerate","floor":3,"key":"SMITH"},{"data":"Guardian:TwinSlam","floor":5,"key":"SMITH"}],"circlet_count":0,"master_deck":["Guardian:Strike_Guardian","Guardian:Strike_Guardian","Guardian:Strike_Guardian","Guardian:Defend_Guardian","Guardian:Defend_Guardian","Guardian:Defend_Guardian","Guardian:CurlUp","Guardian:TwinSlam+1","Guardian:ShieldCharger+1","Guardian:PiercingHide","Guardian:Gem_Crimson","Guardian:PrismaticBeam","Guardian:TimeSifter","Guardian:Recover","Guardian:RollAttack","Guardian:RollAttack","Guardian:ArmoredProtocol"],"relics":["Guardian:ModeShifter","Toy Ornithopter"],"acts_visited":["Exordium"],"potions_floor_usage":[10,12,16,16,16],"damage_taken":[{"damage":7,"enemies":"Small Slimes","floor":2,"turns":5},{"damage":0,"enemies":"Cultist","floor":6,"turns":3},{"damage":1,"enemies":"2 Louse","floor":8,"turns":4},{"damage":44,"enemies":"Lagavulin","floor":10,"turns":14},{"damage":0,"enemies":"downfall:FleeingMerchant","floor":11,"turns":4},{"damage":9,"enemies":"Red Slaver","floor":12,"turns":4},{"damage":6,"enemies":"2 Fungi Beasts","floor":13,"turns":3},{"damage":0,"enemies":"Lots of Slimes","floor":14,"turns":1},{"damage":17,"enemies":"3 Louse","floor":15,"turns":4},{"damage":21,"enemies":"downfall:Defect","floor":16,"turns":6}],"seed_played":"-6248581103622940859","potions_obtained":[{"floor":6,"key":"DuplicationPotion"},{"floor":10,"key":"sneckomod:MuddlingPotion"},{"floor":12,"key":"DistilledChaos"},{"floor":14,"key":"Guardian:DefensiveModePotion"},{"floor":15,"key":"Ancient Potion"}],"is_trial":false,"path_per_floor":["R","M","R","?","R","M","T","M","?","E","$","M","M","M","M","B"],"character_chosen":"GUARDIAN","items_purchased":["Guardian:TimeSifter"],"campfire_rested":0,"item_purchase_floors":[11],"current_hp_per_floor":[80,73,73,78,78,78,78,77,77,33,33,29,23,23,6,0,0],"gold":70,"neow_bonus":"THREE_CARDS","is_daily":false,"chose_seed":false,"campfire_upgraded":3,"win_rate":0.0,"timestamp":1608376441,"path_taken":["R","M","R","?","R","?","T","M","?","E","$","M","M","M","M","BOSS"],"items_purchased_type":["Card"],"build_version":"2020-12-13","purchased_purges":1,"victory":false,"max_hp_per_floor":[80,80,80,80,80,80,80,80,80,80,80,80,80,80,80,80,80],"card_choices":[{"not_picked":["Guardian:ChargeCore","Guardian:Gem_Green"],"picked":"Guardian:ShieldCharger","floor":0},{"not_picked":["Guardian:Reroute","Guardian:PolyBeam"],"picked":"Guardian:Incinerate","floor":2},{"not_picked":["Guardian:PrismaticBeam","Guardian:Emergency"],"picked":"Guardian:PiercingHide","floor":6},{"not_picked":["Guardian:BronzeOrb","Guardian:Planning"],"picked":"Guardian:Gem_Crimson","floor":8},{"not_picked":["Guardian:Reroute","Guardian:Incinerate"],"picked":"Guardian:PrismaticBeam","floor":10},{"not_picked":["Guardian:Planning","Guardian:ChargeCore","Guardian:MultiBeam"],"picked":"SKIP","floor":11},{"not_picked":["Guardian:Gem_White","Guardian:PolyBeam"],"picked":"Guardian:Recover","floor":12},{"not_picked":["Guardian:SphericShield","Guardian:WalkerClaw"],"picked":"Guardian:RollAttack","floor":13},{"not_picked":["Guardian:ChargeCore","Guardian:PolyBeam"],"picked":"Guardian:RollAttack","floor":14},{"not_picked":["Guardian:TemporalShield","Guardian:PiercingHide"],"picked":"Guardian:ArmoredProtocol","floor":15}],"player_experience":271415,"relics_obtained":[{"floor":10,"key":"Toy Ornithopter"}],"event_choices":[{"cards_removed":["Guardian:Incinerate"],"damage_healed":5,"gold_gain":0,"player_choice":"Offered Common","damage_taken":0,"max_hp_gain":0,"max_hp_loss":0,"event_name":"Bonfire Elementals","floor":4,"gold_loss":0},{"cards_removed":["Guardian:Incinerate"],"damage_healed":5,"gold_gain":0,"player_choice":"Offered Special","damage_taken":0,"max_hp_gain":0,"max_hp_loss":0,"event_name":"Bonfire Elementals","floor":4,"gold_loss":0}],"is_beta":false,"boss_relics":[],"items_purged_floors":[11],"is_endless":false,"potions_floor_spawned":[6,10,12,14,15],"killed_by":"downfall:Defect","ascension_level":0}}