{"host":"3xls0xm49ftugio7","time":1608336620,"event":{"mods":["2.2 Compatiblity","AchievementEnabler","Act Like it!","BaseMod","Colored Powertips","Downfall","GifTheSpireLib","Minty Spire (QoL Compilation)","Quick Restart","Relic Stats","StSLib"],"gold_per_floor":[0,0,17,52,63,98,98,23,8,8,26,45,65,165,182,281,281,206,225,150,0,0,14,14,14,48,48,60,45,56,56,69,166,166,166,225,235,235,252,252,305,12,12,39,39,55,55,67,84,84,84],"floor_reached":50,"playtime":3115,"items_purged":["champ:Strike"],"score":702,"play_id":"87e13fee-56cb-4c00-9fae-25c2bb10a2e4","local_time":"20201219021020","is_ascension_mode":true,"campfire_choices":[{"data":"champ:Execute","floor":1.0,"key":"SMITH"},{"data":"champ:DefensiveStyle","floor":8,"key":"SMITH"},{"data":"champ:Duel","floor":10,"key":"SMITH"},{"floor":18,"key":"RECALL"},{"data":"champ:AdrenalArmor","floor":20,"key":"SMITH"},{"data":"champ:EnchantSword","floor":22,"key":"SMITH"},{"data":"champ:FocusedGladiator","floor":25,"key":"SMITH"},{"data":"champ:Control","floor":27,"key":"SMITH"},{"data":"champ:SwordThrow","floor":35,"key":"SMITH"},{"data":"expansioncontent:DefensiveStance","floor":40,"key":"SMITH"},{"data":"expansioncontent:Flail","floor":43,"key":"SMITH"}],"circlet_count":0,"master_deck":["champ:Strike","champ:Strike","champ:Defend","champ:Defend","champ:Defend","champ:Defend","champ:Execute+1","champ:Taunt+1","champ:FocusedGladiator+1","champ:CalledShot","champ:DefensiveStyle+1","champ:Control+1","champ:Duel+1","champ:AdrenalArmor+1","champ:FlashCut","champ:GutPunch","champ:RisingSlash","champ:EnchantSword+1","champ:Circumvent","champ:ShieldSigil+1","champ:EnragedBash+1","champ:Control+1","champ:SkillfulDodge","champ:DancingMaster","champ:BerserkersShout+1","champ:SwordThrow+1","champ:DefensiveShout+1","champ:FanOfKnives","champ:HeartStrike+1","expansioncontent:TimeRipple","expansioncontent:Flail+1","expansioncontent:DefensiveStance+1","champ:CalledShot+1","champ:EnGarde","champ:GladiatorsShout+1","champ:IronFortress+1","champ:Circumvent+1"],"relics":["champ:ChampionCrown","Kunai","Mango","downfall:HeartBlessingBlue","SacredBark","downfall:HeartBlessingGreen","downfall:HeartBlessingRed","White Beast Statue","champ:SpectersHand","expansioncontent:StudyCardRelic","hexamod:BolsterEngine","Bag of Marbles","champ:BerserkersGuideToSlaughter","MealTicket","Frozen Egg 2"],"acts_visited":["Exordium","TheCity","TheBeyond"],"potions_floor_usage":[19,26,29,30,33,36,44,45,46,50],"damage_taken":[{"damage":15.0,"enemies":"Small Slimes","floor":3.0,"turns":4.0},{"damage":37.0,"enemies":"Gremlin Nob","floor":4.0,"turns":4.0},{"damage":5,"enemies":"Cultist","floor":5,"turns":3},{"damage":35,"enemies":"3 Sentries","floor":6,"turns":12},{"damage":5,"enemies":"downfall:FleeingMerchant","floor":9,"turns":4},{"damage":14,"enemies":"2 Louse","floor":11,"turns":3},{"damage":17,"enemies":"2 Fungi Beasts","floor":12,"turns":3},{"damage":18,"enemies":"Lots of Slimes","floor":13,"turns":6},{"damage":19,"enemies":"Large Slime","floor":15,"turns":5},{"damage":31,"enemies":"downfall:Defect","floor":16,"turns":11},{"damage":14,"enemies":"Shell Parasite","floor":19,"turns":5},{"damage":5,"enemies":"Spheric Guardian","floor":23,"turns":3},{"damage":24,"enemies":"Book of Stabbing","floor":26,"turns":5},{"damage":50,"enemies":"Snecko","floor":28,"turns":4},{"damage":40,"enemies":"downfall:FleeingMerchant","floor":29,"turns":4},{"damage":42,"enemies":"Centurion and Healer","floor":30,"turns":4},{"damage":8,"enemies":"Snake Plant","floor":32,"turns":4},{"damage":146,"enemies":"downfall:Watcher","floor":33,"turns":10},{"damage":30,"enemies":"downfall:FleeingMerchant","floor":36,"turns":4},{"damage":25,"enemies":"3 Darklings","floor":37,"turns":3},{"damage":12,"enemies":"Orb Walker","floor":39,"turns":3},{"damage":40,"enemies":"Nemesis","floor":44,"turns":7},{"damage":55,"enemies":"Transient","floor":46,"turns":5},{"damage":21,"enemies":"Spire Growth","floor":48,"turns":5},{"damage":31,"enemies":"4 Shapes","floor":49,"turns":6},{"damage":106,"enemies":"downfall:Ironclad","floor":50,"turns":11}],"seed_played":"-7250944891099712291","potions_obtained":[{"floor":5,"key":"Swift Potion"},{"floor":11,"key":"Energy Potion"},{"floor":13,"key":"Block Potion"},{"floor":26,"key":"FearPotion"},{"floor":28,"key":"SteroidPotion"},{"floor":29,"key":"Explosive Potion"},{"floor":30,"key":"PowerPotion"},{"floor":32,"key":"champ:OpenerPotion"},{"floor":33,"key":"AttackPotion"},{"floor":36,"key":"SteroidPotion"},{"floor":37,"key":"Dexterity Potion"},{"floor":39,"key":"DuplicationPotion"},{"floor":44,"key":"Guardian:BlockOnCardUsePotion"},{"floor":45,"key":"Fruit Juice"},{"floor":45,"key":"ColorlessPotion"},{"floor":46,"key":"Swift Potion"},{"floor":48,"key":"FearPotion"}],"is_trial":false,"path_per_floor":["R","?","M","E","M","E","T","R","$","R","M","M","M","?","M","B",null,"R","M","R","?","R","M","T","R","E","R","M","$","M","?","M","B",null,"R","$","M","?","M","R","T","$","R","E","?","M","$","M","M","B"],"character_chosen":"THE_CHAMP","items_purchased":["hexamod:BolsterEngine","champ:FanOfKnives","champ:BerserkersGuideToSlaughter","MealTicket"],"campfire_rested":0,"item_purchase_floors":[36,36,42,42],"current_hp_per_floor":[108,108,103,71,71,65,65,75,75,75,70,70,68,68,68,46,132,132,132,132,142,142,142,142,142,133,133,119,124,112,112,109,29,142,142,142,142,132,122,122,122,122,122,95,105,72,87,95,83,0,0],"gold":84,"neow_bonus":"TWENTY_PERCENT_HP_BONUS","is_daily":false,"chose_seed":false,"campfire_upgraded":10,"win_rate":0.0,"timestamp":1608336620,"path_taken":["R","?","M","E","M","E","T","R","$","R","M","M","?","?","M","BOSS","R","M","R","?","R","M","T","R","E","R","M","$","?","?","M","BOSS","R","$","M","?","M","R","T","$","R","E","?","M","$","?","M","BOSS"],"items_purchased_type":["Relic","Card","Relic","Relic"],"build_version":"2020-12-13","purchased_purges":1,"victory":false,"max_hp_per_floor":[108,108,108,108,108,122,122,132,132,132,132,132,132,132,132,132,132,132,132,132,142,142,142,142,142,142,142,142,142,142,142,142,142,142,142,142,142,142,142,142,142,142,142,142,152,152,152,152,152,152,152],"relic_stats":{"counters":[26,138],"MealTicket":15,"Kunai":[19],"obtain_stats":[{"downfall:HeartBlessingRed":20,"SacredBark":17,"champ:ChampionCrown":0,"Mango":6,"downfall:HeartBlessingGreen":18,"expansioncontent:StudyCardRelic":34,"Frozen Egg 2":44,"White Beast Statue":24,"downfall:HeartBlessingBlue":8,"MealTicket":42,"Bag of Marbles":41,"Kunai":4,"champ:BerserkersGuideToSlaughter":42,"hexamod:BolsterEngine":36,"champ:SpectersHand":26},{"downfall:HeartBlessingRed":11,"SacredBark":10,"champ:ChampionCrown":0,"Mango":4,"downfall:HeartBlessingGreen":10,"expansioncontent:StudyCardRelic":18,"Frozen Egg 2":22,"White Beast Statue":12,"downfall:HeartBlessingBlue":4,"MealTicket":21,"Bag of Marbles":21,"Kunai":2,"champ:BerserkersGuideToSlaughter":21,"hexamod:BolsterEngine":19,"champ:SpectersHand":13},{"downfall:HeartBlessingRed":60,"SacredBark":55,"champ:ChampionCrown":0,"Mango":23,"downfall:HeartBlessingGreen":55,"expansioncontent:StudyCardRelic":94,"Frozen Egg 2":111,"White Beast Statue":63,"downfall:HeartBlessingBlue":23,"MealTicket":104,"Bag of Marbles":104,"Kunai":8,"champ:BerserkersGuideToSlaughter":104,"hexamod:BolsterEngine":98,"champ:SpectersHand":68}]},"card_choices":[{"not_picked":["champ:PreciseThrust","champ:Circumvent"],"picked":"champ:FocusedGladiator","floor":3.0},{"not_picked":["champ:GladiatorsShout","champ:Encircle"],"picked":"champ:CalledShot","floor":4},{"not_picked":["champ:ShieldSigil","champ:TornadoPunch"],"picked":"champ:DefensiveStyle","floor":5},{"not_picked":["champ:ShieldSigil","champ:BerserkersShout"],"picked":"champ:Control","floor":6},{"not_picked":["champ:RageSigil","champ:CalledShot"],"picked":"champ:Duel","floor":9},{"not_picked":["champ:FlashCut","champ:RageSigil"],"picked":"champ:AdrenalArmor","floor":11},{"not_picked":["champ:CheapShot","champ:EnragedBash"],"picked":"champ:FlashCut","floor":12},{"not_picked":["champ:FightOn","champ:PerfectedStrike"],"picked":"champ:GutPunch","floor":13},{"not_picked":["champ:StanceDance","champ:CalledShot"],"picked":"champ:RisingSlash","floor":15},{"not_picked":["champ:HeavySlash","champ:IgnorePain"],"picked":"champ:EnchantSword","floor":16},{"not_picked":["champ:BladeFlurry","champ:GladiatorsShout"],"picked":"champ:Circumvent","floor":19},{"not_picked":["champ:FocusedGladiator+1","champ:PreciseThrust"],"picked":"champ:ShieldSigil+1","floor":23},{"not_picked":["champ:RageSigil","champ:TornadoPunch"],"picked":"champ:EnragedBash+1","floor":26},{"not_picked":["champ:FlashCut+1","champ:FightOn"],"picked":"champ:Control+1","floor":28},{"not_picked":["champ:CrookedStrike","champ:RageSigil"],"picked":"champ:SkillfulDodge","floor":29},{"not_picked":["champ:ShieldWall","champ:AdrenalArmor"],"picked":"champ:DancingMaster","floor":30},{"not_picked":["champ:EnragedBash+1","champ:FalseCounter"],"picked":"champ:BerserkersShout+1","floor":32},{"not_picked":["champ:Devastate","champ:EnchantSword"],"picked":"champ:SwordThrow","floor":33},{"not_picked":["champ:BerserkersShout+1","champ:StanceDance+1"],"picked":"champ:DefensiveShout+1","floor":36},{"not_picked":["champ:ShieldSigil+1","champ:Haymaker+1"],"picked":"champ:HeartStrike+1","floor":37},{"not_picked":["expansioncontent:AwakenDeath","expansioncontent:Hexaburn"],"picked":"expansioncontent:TimeRipple","floor":38},{"not_picked":["expansioncontent:HyperBeam","expansioncontent:Hexaburn"],"picked":"expansioncontent:Flail","floor":38},{"not_picked":["expansioncontent:FaceSlap","expansioncontent:DarkVoid"],"picked":"expansioncontent:DefensiveStance","floor":38},{"not_picked":["champ:ShieldSigil","champ:Encircle+1"],"picked":"champ:CalledShot+1","floor":39},{"not_picked":["champ:Control+1","champ:RisingSlash"],"picked":"champ:EnGarde","floor":44},{"not_picked":["champ:CrookedStrike+1","champ:BerserkersShout"],"picked":"champ:GladiatorsShout+1","floor":46},{"not_picked":["champ:AdrenalArmor+1","champ:BringItOn+1"],"picked":"champ:IronFortress+1","floor":48},{"not_picked":["champ:BringItOn","champ:RageSigil"],"picked":"champ:Circumvent+1","floor":49}],"player_experience":826450,"relics_obtained":[{"floor":4,"key":"Kunai"},{"floor":6,"key":"Mango"},{"floor":24,"key":"White Beast Statue"},{"floor":26,"key":"champ:SpectersHand"},{"floor":41,"key":"Bag of Marbles"},{"floor":44,"key":"Frozen Egg 2"}],"event_choices":[{"damage_healed":0.0,"max_hp_gain":0.0,"max_hp_loss":0.0,"gold_gain":0.0,"event_name":"Accursed Blacksmith","player_choice":"Forge","floor":2.0,"gold_loss":0.0,"damage_taken":0.0,"cards_upgraded":["champ:Taunt"]},{"cards_removed":["champ:Strike"],"damage_healed":0,"gold_gain":0,"player_choice":"Elegance","damage_taken":0,"max_hp_gain":0,"max_hp_loss":0,"event_name":"Back to Basics","floor":31,"gold_loss":0},{"damage_healed":0,"gold_gain":0,"player_choice":"Got Potions","damage_taken":0,"max_hp_gain":0,"max_hp_loss":0,"event_name":"Lab","floor":45,"gold_loss":0}],"is_beta":false,"boss_relics":[{"not_picked":["Runic Pyramid","Coffee Dripper"],"picked":"SacredBark"},{"not_picked":["Philosopher\u0027s Stone","Fusion Hammer"],"picked":"expansioncontent:StudyCardRelic"}],"items_purged_floors":[36],"is_endless":false,"potions_floor_spawned":[5,11,13,15,26,28,29,30,32,33,36,37,39,44,46,48,49],"killed_by":"downfall:Ironclad","ascension_level":4}}