{"host":"y76clbnovzmw9ubx","time":1608336752,"event":{"mods":["AchievementEnabler","BaseMod","Minty Spire (QoL Compilation)","Permanent Neow","Relic Stats"],"gold_per_floor":[110,129,141,154,173,173,190,220,268,308,320,346,33,60,60,60,60],"floor_reached":16,"playtime":873,"items_purged":["Strike_R"],"score":228,"play_id":"628fd96a-88e6-4f74-bc80-1d736d398b7c","local_time":"20201218191232","is_ascension_mode":true,"campfire_choices":[{"data":"Spot Weakness","floor":6.0,"key":"SMITH"},{"data":"Feel No Pain","floor":11,"key":"SMITH"},{"data":"Feel No Pain","floor":15,"key":"SMITH"}],"circlet_count":0,"master_deck":["AscendersBane","Strike_R","Strike_R","Strike_R","Strike_R","Defend_R","Defend_R","Defend_R","Defend_R","Bash","Reaper","Cleave","Spot Weakness+1","Pommel Strike","Reckless Charge","Feel No Pain+1","Feel No Pain+1"],"relics":["Burning Blood","Dream Catcher","MawBank","OrangePellets","Nunchaku"],"acts_visited":["Exordium"],"potions_floor_usage":[10,10,16],"damage_taken":[{"damage":1.0,"enemies":"Cultist","floor":1.0,"turns":3.0},{"damage":10.0,"enemies":"Small Slimes","floor":2.0,"turns":3.0},{"damage":14.0,"enemies":"2 Louse","floor":3.0,"turns":3.0},{"damage":20.0,"enemies":"Looter","floor":4.0,"turns":4.0},{"damage":19.0,"enemies":"Large Slime","floor":5.0,"turns":5.0},{"damage":19.0,"enemies":"Blue Slaver","floor":7.0,"turns":5.0},{"damage":35.0,"enemies":"3 Sentries","floor":8.0,"turns":7.0},{"damage":11,"enemies":"Gremlin Nob","floor":10,"turns":3},{"damage":23,"enemies":"Exordium Thugs","floor":12,"turns":4},{"damage":43,"enemies":"Slime Boss","floor":16,"turns":9}],"seed_played":"419453704237370094","potions_obtained":[{"floor":4.0,"key":"DuplicationPotion"},{"floor":5.0,"key":"PowerPotion"},{"floor":8.0,"key":"AttackPotion"},{"floor":12,"key":"Fire Potion"}],"is_trial":false,"path_per_floor":["M","M","M","M","M","R","M","E","T","E","R","M","$","T","R","B"],"character_chosen":"IRONCLAD","items_purchased":["Feel No Pain","OrangePellets"],"campfire_rested":0,"item_purchase_floors":[13,13],"current_hp_per_floor":[73,71,71,61,58,58,54,49,49,60,60,59,59,59,59,16,16],"gold":60,"neow_bonus":"ONE_RANDOM_RARE_CARD","is_daily":false,"chose_seed":false,"campfire_upgraded":3,"win_rate":0.0,"timestamp":1608336752,"path_taken":["M","M","?","M","M","R","M","E","T","E","R","M","$","?","R","BOSS"],"items_purchased_type":["Card","Relic"],"build_version":"2020-12-13","purchased_purges":1,"victory":false,"max_hp_per_floor":[75,75,75,75,75,75,75,75,75,75,75,75,75,75,75,75,75],"relic_stats":{"OrangePellets":[0],"Dream Catcher":0,"Nunchaku":[1],"counters":[10,46],"MawBank":48,"obtain_stats":[{"OrangePellets":13,"Dream Catcher":8,"Nunchaku":14,"MawBank":9,"Burning Blood":0},{"OrangePellets":9,"Dream Catcher":7,"Nunchaku":9,"MawBank":7,"Burning Blood":0},{"OrangePellets":37,"Dream Catcher":30,"Nunchaku":37,"MawBank":30,"Burning Blood":0}],"Burning Blood":54},"card_choices":[{"not_picked":["Perfected Strike","Twin Strike"],"picked":"Cleave","floor":1.0},{"not_picked":["Headbutt","Pommel Strike"],"picked":"Spot Weakness","floor":2.0},{"not_picked":["Clash","Headbutt","Bloodletting"],"picked":"SKIP","floor":3.0},{"not_picked":["Rupture","Flex","Sever Soul"],"picked":"SKIP","floor":4.0},{"not_picked":["Rage","Blood for Blood","Twin Strike"],"picked":"SKIP","floor":5.0},{"not_picked":["Burning Pact","Juggernaut"],"picked":"Pommel Strike","floor":7.0},{"not_picked":["Rage","Twin Strike"],"picked":"Reckless Charge","floor":8.0},{"not_picked":["Infernal Blade","Bludgeon"],"picked":"Feel No Pain","floor":10},{"not_picked":["Shrug It Off","Twin Strike","Warcry"],"picked":"SKIP","floor":12}],"player_experience":2901405,"relics_obtained":[{"floor":8.0,"key":"Dream Catcher"},{"floor":9.0,"key":"MawBank"},{"floor":14,"key":"Nunchaku"}],"event_choices":[],"is_beta":false,"boss_relics":[],"items_purged_floors":[13],"is_endless":false,"potions_floor_spawned":[4,5,7,8,12],"killed_by":"Slime Boss","ascension_level":20}}