{"host":"a5lz0e76zb3fcwkm","time":1608389236,"event":{"mods":["AchievementEnabler","BaseMod","Colored Map","Colored Powertips","Minty Spire (QoL Compilation)","StSLib","SuperFastMode"],"gold_per_floor":[130,55,91,149,149,202,202,256,256,286,322,225,236,261,261,334,334,349,172,183,183,58,111,145,165,188,233,233,148,148,185,185,185,185],"floor_reached":33,"playtime":6768,"items_purged":["Writhe","Strike_R","Strike_R"],"score":676,"play_id":"db0fb122-05bd-4ad7-a6f6-87e4c8b1fc5e","local_time":"20201219234716","is_ascension_mode":true,"campfire_choices":[{"data":"Fire Breathing","floor":7.0,"key":"SMITH"},{"data":"Immolate","floor":15.0,"key":"SMITH"},{"data":"Body Slam","floor":28,"key":"SMITH"},{"data":"Uppercut","floor":32,"key":"SMITH"}],"circlet_count":0,"master_deck":["AscendersBane","Strike_R","Defend_R","Defend_R","Defend_R","Defend_R","Bash","HandOfGreed","Flame Barrier","Fire Breathing+1","Uppercut+1","Reckless Charge","Shrug It Off","Immolate+1","Fiend Fire","Body Slam+1","Second Wind","Rampage","Battle Trance"],"relics":["Burning Blood","Pen Nib","Eternal Feather","Meat on the Bone","MealTicket","Mark of Pain","Red Mask","Mummified Hand","Vajra","Gremlin Horn","Lantern"],"acts_visited":["Exordium","TheCity"],"potions_floor_usage":[25,27],"damage_taken":[{"damage":14.0,"enemies":"Jaw Worm","floor":1.0,"turns":4.0},{"damage":2.0,"enemies":"Cultist","floor":3.0,"turns":4.0},{"damage":9.0,"enemies":"Small Slimes","floor":4.0,"turns":5.0},{"damage":13.0,"enemies":"3 Sentries","floor":6.0,"turns":6.0},{"damage":9.0,"enemies":"Gremlin Nob","floor":8.0,"turns":3.0},{"damage":5.0,"enemies":"3 Sentries","floor":10.0,"turns":4.0},{"damage":17.0,"enemies":"Exordium Wildlife","floor":11.0,"turns":4.0},{"damage":1.0,"enemies":"3 Louse","floor":13.0,"turns":2.0},{"damage":8.0,"enemies":"Gremlin Nob","floor":14.0,"turns":3.0},{"damage":33.0,"enemies":"Hexaghost","floor":16.0,"turns":8.0},{"damage":6.0,"enemies":"Spheric Guardian","floor":18.0,"turns":3.0},{"damage":0,"enemies":"2 Thieves","floor":20,"turns":1},{"damage":20,"enemies":"Masked Bandits","floor":23,"turns":3},{"damage":0,"enemies":"Gremlin Leader","floor":24,"turns":3},{"damage":39,"enemies":"Shelled Parasite and Fungi","floor":25,"turns":4},{"damage":26,"enemies":"Book of Stabbing","floor":27,"turns":3},{"damage":3,"enemies":"Centurion and Healer","floor":31,"turns":6},{"damage":106,"enemies":"Champ","floor":33,"turns":10}],"seed_played":"3268286206196490837","potions_obtained":[{"floor":1.0,"key":"FairyPotion"},{"floor":6.0,"key":"PowerPotion"},{"floor":8.0,"key":"GamblersBrew"},{"floor":10.0,"key":"Energy Potion"},{"floor":14.0,"key":"BloodPotion"},{"floor":25,"key":"FearPotion"}],"is_trial":false,"path_per_floor":["M","$","M","M","?","E","R","E","T","E","M","?","M","E","R","B",null,"M","$","M","?","$","?","E","M","T","E","R","?","?","M","R","B"],"character_chosen":"IRONCLAD","items_purchased":["Second Wind"],"campfire_rested":0,"item_purchase_floors":[19],"current_hp_per_floor":[60,60,64,61,61,54,54,51,51,52,41,41,46,44,53,38,66,66,75,75,75,75,61,67,61,61,53,62,62,41,56,65,0,0],"gold":185,"neow_bonus":"RANDOM_COLORLESS_2","is_daily":false,"chose_seed":false,"campfire_upgraded":4,"win_rate":0.0,"timestamp":1608389236,"path_taken":["M","$","M","M","?","E","R","E","T","E","?","?","?","E","R","BOSS","M","$","M","?","?","?","E","?","T","E","R","?","?","M","R","BOSS"],"items_purchased_type":["Card"],"build_version":"2020-12-13","purchased_purges":3,"victory":false,"max_hp_per_floor":[75,75,75,75,75,75,75,75,75,75,75,75,75,75,75,75,75,75,75,75,75,75,75,75,75,75,75,75,75,80,80,80,80,80],"card_choices":[{"not_picked":["Violence","Chrysalis"],"picked":"HandOfGreed","floor":0.0},{"not_picked":["Clash","Anger","Spot Weakness"],"picked":"SKIP","floor":1.0},{"not_picked":["Bloodletting","Metallicize"],"picked":"Flame Barrier","floor":3.0},{"not_picked":["Twin Strike","Intimidate"],"picked":"Fire Breathing","floor":4.0},{"not_picked":["Armaments","Reckless Charge","True Grit"],"picked":"SKIP","floor":6.0},{"not_picked":["Armaments","True Grit"],"picked":"Reckless Charge","floor":6.0},{"not_picked":["Flex","Perfected Strike"],"picked":"Shrug It Off","floor":8.0},{"not_picked":["Iron Wave","Clash"],"picked":"Immolate","floor":10.0},{"not_picked":["Perfected Strike","Sword Boomerang","Thunderclap"],"picked":"SKIP","floor":11.0},{"not_picked":["Clothesline","Carnage","Uppercut"],"picked":"SKIP","floor":13.0},{"not_picked":["Warcry","Sword Boomerang"],"picked":"Fiend Fire","floor":14.0},{"not_picked":["Whirlwind","Sever Soul"],"picked":"Body Slam","floor":18.0},{"not_picked":["Iron Wave","Sword Boomerang","Twin Strike"],"picked":"SKIP","floor":20},{"not_picked":["Shrug It Off","Whirlwind"],"picked":"Battle Trance","floor":23},{"not_picked":["Dropkick","Blood for Blood+1","Limit Break"],"picked":"SKIP","floor":24},{"not_picked":["Fire Breathing","Rampage","Thunderclap+1"],"picked":"SKIP","floor":25},{"not_picked":["Body Slam","Uppercut","Seeing Red"],"picked":"SKIP","floor":27},{"not_picked":["Cleave","Anger","Headbutt+1"],"picked":"SKIP","floor":31}],"player_experience":1613019,"relics_obtained":[{"floor":6.0,"key":"Pen Nib"},{"floor":10.0,"key":"Eternal Feather"},{"floor":14.0,"key":"MealTicket"},{"floor":23,"key":"Red Mask"},{"floor":24,"key":"Mummified Hand"},{"floor":26,"key":"Vajra"},{"floor":27,"key":"Gremlin Horn"}],"event_choices":[{"damage_healed":0.0,"max_hp_gain":0.0,"max_hp_loss":0.0,"gold_gain":0.0,"cards_transformed":["Strike_R"],"event_name":"Transmorgrifier","player_choice":"Transformed","floor":5.0,"gold_loss":0.0,"damage_taken":0.0,"cards_obtained":["Uppercut"]},{"damage_healed":0.0,"max_hp_gain":0.0,"max_hp_loss":0.0,"gold_gain":0.0,"event_name":"WeMeetAgain","player_choice":"Paid Gold","floor":12.0,"gold_loss":97.0,"damage_taken":0.0,"relics_obtained":["Meat on the Bone"]},{"damage_healed":0,"gold_gain":0,"cards_transformed":["Strike_R"],"player_choice":"Transformed","damage_taken":0,"max_hp_gain":0,"max_hp_loss":0,"event_name":"Transmorgrifier","floor":21,"gold_loss":0,"cards_obtained":["Rampage"]},{"damage_healed":0,"gold_gain":0,"player_choice":"Fought Bandits","damage_taken":0,"max_hp_gain":0,"max_hp_loss":0,"event_name":"Masked Bandits","floor":23,"gold_loss":0},{"damage_healed":0,"gold_gain":0,"player_choice":"Obtained Relic","damage_taken":0,"relics_obtained":["Lantern"],"max_hp_gain":0,"max_hp_loss":0,"event_name":"Addict","floor":29,"gold_loss":85},{"damage_healed":0,"gold_gain":0,"player_choice":"Shed Blood","damage_taken":26,"max_hp_gain":5,"max_hp_loss":0,"event_name":"Forgotten Altar","floor":30,"gold_loss":0}],"is_beta":false,"boss_relics":[{"not_picked":["Runic Pyramid","Runic Dome"],"picked":"Mark of Pain"}],"items_purged_floors":[2,19,22],"is_endless":false,"potions_floor_spawned":[1,6,8,10,14,23,25],"killed_by":"Champ","ascension_level":20}}