{"host":"llpusn9usp8rznkj","time":1608340348,"event":{"mods":["2.2 Compatiblity","BaseMod","Colored Map","Colored Powertips","Conspire","Downfall","Hubris","Minty Spire (QoL Compilation)","Rare Cards Sparkle","Replay The Spire","StSLib","The Cursed"],"gold_per_floor":[117,144,44,34,44,77,77,77,148,82,82,82,108,126,126,126,126,199,199,210,230,44,44,56,56,69,69,69],"floor_reached":27,"playtime":1141,"items_purged":["hubris:Envy"],"score":438,"play_id":"c660305e-0a05-468b-a005-79c0a082b5f3","local_time":"20201218201228","is_ascension_mode":true,"campfire_choices":[{"data":"Noxious Fumes","floor":7,"key":"SMITH"},{"floor":11,"key":"REST"},{"floor":25,"key":"REST"}],"circlet_count":0,"master_deck":["AscendersBane","Strike_G","Strike_G","Strike_G","Strike_G","Strike_G","Defend_G","Defend_G","Defend_G","Defend_G","Defend_G","Survivor","Neutralize","Ghostly","Noxious Fumes+1","Reflex","Grand Finale+1","Neutralize","Bouncing Flask","A Thousand Cuts","Prepared","hubris:EnhanceAbility"],"relics":["Ring of the Snake","conspire:Boomerang","Replay:Wax Seal","ReplayTheSpireMod:CursedCoin","Kunai","conspire:Flyswatter","hubris:ToyBattleship","SlaversCollar"],"acts_visited":["Exordium","TheCity"],"potions_floor_usage":[13,18,20,21,24,24,26],"damage_taken":[{"damage":0,"enemies":"Cultist","floor":1,"turns":4},{"damage":1,"enemies":"Small Slimes","floor":5,"turns":5},{"damage":42,"enemies":"3 Sentries","floor":6,"turns":10},{"damage":9,"enemies":"Lagavulin","floor":13,"turns":6},{"damage":0,"enemies":"Jaw Worm","floor":14,"turns":3},{"damage":23,"enemies":"Hexaghost","floor":18,"turns":9},{"damage":24,"enemies":"conspire:FuzzyDice","floor":20,"turns":6},{"damage":0,"enemies":"Spheric Guardian","floor":21,"turns":3},{"damage":8,"enemies":"Snecko","floor":24,"turns":6},{"damage":14,"enemies":"Chosen and Byrds","floor":26,"turns":6},{"damage":24,"enemies":"Replay:Snechameleon","floor":27,"turns":5}],"seed_played":"-4766919432592397486","potions_obtained":[{"floor":6,"key":"champ:CounterPotion"},{"floor":13,"key":"Swift Potion"},{"floor":18,"key":"Energy Potion"},{"floor":20,"key":"ColorlessPotion"},{"floor":23,"key":"SteroidPotion"},{"floor":23,"key":"EssenceOfSteel"},{"floor":24,"key":"Venom Potion"}],"is_trial":false,"path_per_floor":["M","T","?","$","M","E","R","$","T","?","R","?","E","M","PTL","PTL","R_BF","B",null,"M","M","$","?","M","R","M","E"],"character_chosen":"THE_SILENT","items_purchased":["ReplayTheSpireMod:CursedCoin","Noxious Fumes","hubris:EnhanceAbility"],"campfire_rested":2,"item_purchase_floors":[4,4,22],"current_hp_per_floor":[44,44,44,44,43,1,1,1,1,1,20,20,11,11,11,11,30,7,51,27,27,27,27,19,38,24,0,0],"gold":69,"neow_bonus":"ONE_RARE_RELIC","is_daily":false,"chose_seed":false,"campfire_upgraded":1,"win_rate":0.0,"timestamp":1608340348,"path_taken":["M","?","?","?","M","E","R","$","T","?","R","?","E","M","PTL","PTL","R_BF","BOSS","M","M","?","?","M","R","?","E"],"items_purchased_type":["Relic","Card","Card"],"build_version":"2020-12-13","purchased_purges":1,"victory":false,"max_hp_per_floor":[66,66,66,66,66,66,66,66,66,66,66,66,66,66,66,66,66,66,66,66,66,66,66,66,66,66,66,66],"card_choices":[{"not_picked":["Slice","Deflect","hubris:Counter"],"picked":"SKIP","floor":1},{"not_picked":["hubris:Counter","Slice"],"picked":"Reflex","floor":5},{"not_picked":["Wraith Form v2","Setup","Calculated Gamble"],"picked":"SKIP","floor":6},{"not_picked":["Flying Knee","Well Laid Plans"],"picked":"Bouncing Flask","floor":13},{"not_picked":["Terror","Choke","Quick Slash"],"picked":"SKIP","floor":14},{"not_picked":["Storm of Steel","Poison Darts"],"picked":"A Thousand Cuts","floor":18},{"not_picked":["Dagger Spray+1","Bane","Underhanded Strike"],"picked":"SKIP","floor":20},{"not_picked":["Slice","hubris:Sniper"],"picked":"Prepared","floor":21},{"not_picked":["Blade Dance","Underhanded Strike","Eviscerate"],"picked":"SKIP","floor":24},{"not_picked":["Bane","Deflect+1","conspire:PoisonWeapons"],"picked":"SKIP","floor":26}],"player_experience":1082303,"relics_obtained":[{"floor":2,"key":"Replay:Wax Seal"},{"floor":6,"key":"Kunai"},{"floor":9,"key":"conspire:Flyswatter"},{"floor":13,"key":"hubris:ToyBattleship"}],"event_choices":[{"damage_healed":0,"gold_gain":0,"player_choice":"Argue","damage_taken":0,"max_hp_gain":0,"max_hp_loss":0,"event_name":"conspire:LoneGhost","floor":3,"gold_loss":0},{"damage_healed":0,"gold_gain":0,"player_choice":"Left Gold","damage_taken":0,"max_hp_gain":0,"max_hp_loss":0,"event_name":"World of Goop","floor":10,"gold_loss":66},{"damage_healed":0,"gold_gain":0,"player_choice":"2 cards matched","damage_taken":0,"max_hp_gain":0,"max_hp_loss":0,"event_name":"Match and Keep!","floor":12,"gold_loss":0,"cards_obtained":["Grand Finale","Neutralize"]},{"damage_healed":0,"gold_gain":0,"player_choice":"Got Potions","damage_taken":0,"max_hp_gain":0,"max_hp_loss":0,"event_name":"Lab","floor":23,"gold_loss":0}],"is_beta":false,"boss_relics":[{"not_picked":["hubris:VirtuousBlindfold","ChewingGum"],"picked":"SlaversCollar"}],"items_purged_floors":[4],"is_endless":false,"potions_floor_spawned":[6,13,18,20,24],"killed_by":"Replay:Snechameleon","ascension_level":20}}