{"host":"5f8ute538gzudddu","time":1608363262,"event":{"mods":["BaseMod","Highlight Path","Minty Spire (QoL Compilation)","Relic Stats","StSLib"],"gold_per_floor":[117,132,132,157,182,226,226,226,226,226,250,288,303,25,25,124,124,147,147,127,151,201,201,242,262,336,336,369,369,394,427,427,427,427],"floor_reached":33,"playtime":1400,"items_purged":["Strike_P"],"score":734,"play_id":"d7d29354-27b4-43f2-b09e-6612e99119af","local_time":"20201218233422","is_ascension_mode":true,"campfire_choices":[{"data":"Eruption","floor":8.0,"key":"SMITH"},{"data":"FollowUp","floor":10.0,"key":"SMITH"},{"data":"WaveOfTheHand","floor":15.0,"key":"SMITH"},{"data":"DeceiveReality","floor":23.0,"key":"SMITH"},{"floor":27.0,"key":"REST"},{"data":"Pray","floor":29.0,"key":"SMITH"},{"floor":32,"key":"REST"}],"circlet_count":0,"master_deck":["AscendersBane","Strike_P+1","Strike_P+1","Strike_P+1","Defend_P+1","Defend_P+1","Defend_P+1","Defend_P+1","Eruption+1","Vigilance","DeceiveReality+1","FollowUp+1","SashWhip","Pray+1","FollowUp","WaveOfTheHand+1","Wish","CrushJoints+1","EmptyMind","Adaptation","Regret","ClearTheMind"],"relics":["Busted Crown","Golden Idol","PreservedInsect","Art of War","Letter Opener","OrangePellets","Cursed Key","Pen Nib","Sundial","Prayer Wheel"],"acts_visited":["Exordium","TheCity"],"potions_floor_usage":[31,33],"damage_taken":[{"damage":4.0,"enemies":"Small Slimes","floor":1.0,"turns":3.0},{"damage":0.0,"enemies":"2 Louse","floor":2.0,"turns":4.0},{"damage":4.0,"enemies":"Jaw Worm","floor":4.0,"turns":3.0},{"damage":11.0,"enemies":"Lots of Slimes","floor":5.0,"turns":6.0},{"damage":34.0,"enemies":"3 Sentries","floor":6.0,"turns":14.0},{"damage":0.0,"enemies":"2 Fungi Beasts","floor":11.0,"turns":5.0},{"damage":9.0,"enemies":"Gremlin Nob","floor":12.0,"turns":3.0},{"damage":0.0,"enemies":"Large Slime","floor":13.0,"turns":2.0},{"damage":16.0,"enemies":"The Guardian","floor":16.0,"turns":15.0},{"damage":0.0,"enemies":"Spheric Guardian","floor":18.0,"turns":2.0},{"damage":10.0,"enemies":"Chosen","floor":21.0,"turns":6.0},{"damage":1.0,"enemies":"Centurion and Healer","floor":22.0,"turns":5.0},{"damage":0.0,"enemies":"Gremlin Leader","floor":24.0,"turns":3.0},{"damage":13.0,"enemies":"Sentry and Sphere","floor":25.0,"turns":5.0},{"damage":3.0,"enemies":"Book of Stabbing","floor":28.0,"turns":4.0},{"damage":27.0,"enemies":"Snecko","floor":30.0,"turns":7.0},{"damage":3,"enemies":"Gremlin Leader","floor":31,"turns":5},{"damage":46,"enemies":"Collector","floor":33,"turns":7}],"seed_played":"4006034141946731974","potions_obtained":[{"floor":1.0,"key":"Weak Potion"},{"floor":5.0,"key":"Regen Potion"},{"floor":6.0,"key":"Regen Potion"},{"floor":16.0,"key":"Fire Potion"},{"floor":18.0,"key":"Fire Potion"},{"floor":24.0,"key":"Weak Potion"},{"floor":28.0,"key":"Energy Potion"}],"is_trial":false,"path_per_floor":["M","M","?","M","M","E","?","R","T","R","M","E","M","$","R","B",null,"M","?","?","M","M","R","E","M","T","R","E","R","M","E","R","B"],"character_chosen":"WATCHER","items_purchased":["OrangePellets","WaveOfTheHand"],"campfire_rested":2,"item_purchase_floors":[14,14],"current_hp_per_floor":[57,57,57,53,42,23,23,23,23,23,23,14,14,14,14,13,50,50,50,50,40,39,39,39,26,26,44,41,41,14,11,29,0,0],"gold":427,"neow_bonus":"BOSS_RELIC","is_daily":false,"chose_seed":false,"campfire_upgraded":5,"win_rate":0.0,"timestamp":1608363262,"path_taken":["M","M","?","M","M","E","?","R","T","R","M","E","M","$","R","BOSS","M","?","?","M","M","R","E","?","T","R","E","R","M","E","R","BOSS"],"items_purchased_type":["Relic","Card"],"build_version":"2020-12-13","purchased_purges":1,"victory":false,"max_hp_per_floor":[68,68,62,62,62,62,62,62,62,62,62,62,62,62,62,62,62,62,62,62,62,62,62,62,62,62,62,62,62,62,62,62,62,62],"relic_stats":{"OrangePellets":[0],"Busted Crown":34,"counters":[18,99],"Golden Idol":101,"Sundial":[2],"Prayer Wheel":0,"PreservedInsect":160,"Pen Nib":[5],"Art of War":[11],"Letter Opener":[202],"Cursed Key":1,"obtain_stats":[{"OrangePellets":14,"Busted Crown":0,"Golden Idol":3,"Sundial":28,"Prayer Wheel":31,"PreservedInsect":6,"Pen Nib":24,"Art of War":9,"Letter Opener":12,"PureWater":0,"Cursed Key":17},{"OrangePellets":8,"Busted Crown":0,"Golden Idol":2,"Sundial":15,"Prayer Wheel":17,"PreservedInsect":5,"Pen Nib":13,"Art of War":5,"Letter Opener":7,"PureWater":0,"Cursed Key":9},{"OrangePellets":40,"Busted Crown":0,"Golden Idol":7,"Sundial":80,"Prayer Wheel":92,"PreservedInsect":30,"Pen Nib":71,"Art of War":30,"Letter Opener":38,"PureWater":0,"Cursed Key":55}]},"card_choices":[{"not_picked":[],"picked":"DeceiveReality","floor":1.0},{"not_picked":["Nirvana"],"picked":"SKIP","floor":2.0},{"not_picked":[],"picked":"FollowUp","floor":4.0},{"not_picked":["PathToVictory"],"picked":"SKIP","floor":5.0},{"not_picked":["Evaluate"],"picked":"SKIP","floor":6.0},{"not_picked":[],"picked":"SashWhip","floor":11.0},{"not_picked":[],"picked":"Pray","floor":12.0},{"not_picked":[],"picked":"FollowUp","floor":13.0},{"not_picked":[],"picked":"Wish","floor":16.0},{"not_picked":["Collect+1"],"picked":"SKIP","floor":18.0},{"not_picked":[],"picked":"CrushJoints+1","floor":21.0},{"not_picked":[],"picked":"EmptyMind","floor":22.0},{"not_picked":[],"picked":"Adaptation","floor":24.0},{"not_picked":["SashWhip"],"picked":"SKIP","floor":25.0},{"not_picked":["Collect"],"picked":"SKIP","floor":28.0},{"not_picked":["ClearTheMind"],"picked":"SKIP","floor":30.0},{"not_picked":[],"picked":"ClearTheMind","floor":30.0},{"not_picked":["Study"],"picked":"SKIP","floor":31}],"player_experience":885557,"relics_obtained":[{"floor":6.0,"key":"PreservedInsect"},{"floor":9.0,"key":"Art of War"},{"floor":12.0,"key":"Letter Opener"},{"floor":24.0,"key":"Pen Nib"},{"floor":28.0,"key":"Sundial"},{"floor":31,"key":"Prayer Wheel"}],"event_choices":[{"damage_healed":0.0,"max_hp_gain":0.0,"max_hp_loss":6.0,"gold_gain":0.0,"event_name":"Golden Idol","player_choice":"Lose Max HP","floor":3.0,"gold_loss":0.0,"damage_taken":0.0,"relics_obtained":["Golden Idol"]},{"damage_healed":0.0,"max_hp_gain":0.0,"max_hp_loss":0.0,"gold_gain":0.0,"event_name":"Liars Game","player_choice":"Ignored","floor":7.0,"gold_loss":0.0,"damage_taken":0.0},{"damage_healed":0.0,"max_hp_gain":0.0,"max_hp_loss":0.0,"gold_gain":0.0,"event_name":"Back to Basics","player_choice":"Simplicity","floor":19.0,"gold_loss":0.0,"damage_taken":0.0,"cards_upgraded":["Strike_P","Strike_P","Strike_P","Defend_P","Defend_P","Defend_P","Defend_P"]},{"damage_healed":0.0,"max_hp_gain":0.0,"max_hp_loss":0.0,"gold_gain":0.0,"event_name":"The Woman in Blue","player_choice":"Bought 1 Potion","floor":20.0,"gold_loss":0.0,"damage_taken":0.0}],"is_beta":false,"boss_relics":[{"not_picked":["Fusion Hammer","SlaversCollar"],"picked":"Cursed Key"}],"items_purged_floors":[14],"is_endless":false,"potions_floor_spawned":[1,5,6,13,16,18,24,28],"killed_by":"Collector","ascension_level":20}}