{"host":"mal0jdk4f6ubgyb8","time":1608369314,"event":{"mods":["BaseMod","KinomotoSakuraMod(木之本樱)","Koishi","Luminous","Marisa（F雨　魔理沙）","Minty Spire (QoL Compilation)","Quick Restart","Reimu（博丽灵梦）","Relic Stats","Remilia（蕾米莉亚）","StSLib","WarShipGirlsR/战舰少女R mod","Youmu（魂魄妖梦）","Yuri Mod","Yuyuko","【东方二次创作】八云紫mod"],"gold_per_floor":[119,119,394,410,104,104,121,137,190,190,190,190,209,228,228,327,327,337,347,86,101,101,126,126,136,136,166,166,166,166],"floor_reached":29,"playtime":2200,"items_purged":["Regret"],"score":305,"play_id":"8b171345-b844-4500-ae7c-5f8fc81dfd6e","local_time":"20201219171514","is_ascension_mode":false,"campfire_choices":[{"floor":6.0,"key":"RECALL"},{"data":"Wandering Soul","floor":10.0,"key":"SMITH"},{"data":"Become Phantom","floor":12.0,"key":"SMITH"},{"data":"Mini Ghostdom","floor":15.0,"key":"SMITH"},{"data":"Ghastly Dream","floor":24.0,"key":"SMITH"}],"circlet_count":0,"master_deck":["Fantasy Butterflies","Fantasy Butterflies","Fantasy Butterflies","Fantasy Butterflies","Fantasy Butterflies","Dreamy Sakura","Dreamy Sakura","Dreamy Sakura","Dreamy Sakura","Dreamy Sakura","Deathly Ground","Faramita\u0027s Temptation","Bomb","Elegance","Become Phantom+1","Redemption of Death","Wandering Soul+1","City of Death","Mini Ghostdom+1","Nihility","Ghastly Dream+1","Monster Cherry Tree","Trap Lamp+1","Death Dancing","Supernatural Nether","Fondling of Papilio","Gauzy Sakura"],"relics":["Yuyuko\u0027s fan","SacredBark","Dream Catcher","SlaversCollar","White Beast Statue","Nilry\u0027s Codex","RuthlessExorcism:ReiMu","HornCleat","Omamori"],"acts_visited":["Exordium","TheCity"],"potions_floor_usage":[29,29],"damage_taken":[{"damage":3.0,"enemies":"Small Slimes","floor":1.0,"turns":3.0},{"damage":17.0,"enemies":"2 Louse","floor":4.0,"turns":4.0},{"damage":14.0,"enemies":"Cultist","floor":7.0,"turns":4.0},{"damage":20.0,"enemies":"2 Fungi Beasts","floor":8.0,"turns":4.0},{"damage":35.0,"enemies":"Gremlin Gang","floor":13.0,"turns":4.0},{"damage":32.0,"enemies":"Exordium Wildlife","floor":14.0,"turns":4.0},{"damage":38.0,"enemies":"Hexaghost","floor":16.0,"turns":9.0},{"damage":20.0,"enemies":"3 Byrds","floor":18.0,"turns":5.0},{"damage":43.0,"enemies":"Shell Parasite","floor":19.0,"turns":8.0},{"damage":59.0,"enemies":"Centurion and Healer","floor":21.0,"turns":11.0},{"damage":1.0,"enemies":"Slavers","floor":23.0,"turns":1.0},{"damage":35.0,"enemies":"Snecko","floor":25.0,"turns":7.0},{"damage":28.0,"enemies":"Book of Stabbing","floor":27.0,"turns":8.0},{"damage":12,"enemies":"Snake Plant","floor":29,"turns":1}],"seed_played":"-5609020805155729679","potions_obtained":[{"floor":1.0,"key":"Block Potion"},{"floor":7.0,"key":"DistilledChaos"},{"floor":8.0,"key":"Block Potion"},{"floor":21.0,"key":"AttackPotion"},{"floor":23.0,"key":"SteroidPotion"},{"floor":25.0,"key":"Turbid Wine"},{"floor":27.0,"key":"Turbid Wine"}],"is_trial":false,"path_per_floor":["M","?","?","M","$","R","M","M","T","R","?","R","M","M","R","B",null,"M","M","$","M","?","E","R","M","T","E","?","M"],"character_chosen":"YUYOKO","items_purchased":["Become Phantom","The Inky Sakura","Redemption of Death","White Beast Statue"],"campfire_rested":0,"item_purchase_floors":[5,5,5,20],"current_hp_per_floor":[37,30,30,36,36,36,32,31,31,31,50,50,40,16,16,28,50,43,34,34,29,13,12,12,1,1,16,8,0,0],"gold":166,"neow_bonus":"BOSS_RELIC","is_daily":false,"chose_seed":false,"campfire_upgraded":4,"win_rate":0.0,"timestamp":1608369314,"path_taken":["M","?","?","M","$","R","M","?","T","R","?","R","M","M","R","BOSS","M","M","$","?","?","E","R","M","T","E","?","M"],"items_purchased_type":["Card","Card","Card","Relic"],"build_version":"2020-12-13","purchased_purges":1,"victory":false,"max_hp_per_floor":[40,40,40,40,40,40,40,40,40,40,50,50,50,50,50,50,50,50,50,50,50,50,50,50,50,50,50,55,55,55],"relic_stats":{"Dream Catcher":0,"counters":[14,71],"obtain_stats":[{"SlaversCollar":17,"Dream Catcher":2,"Yuyuko\u0027s fan":0,"HornCleat":26,"Nilry\u0027s Codex":22,"Coronal":0,"SacredBark":0,"Omamori":27,"White Beast Statue":20,"RuthlessExorcism:ReiMu":23},{"SlaversCollar":7,"Dream Catcher":1,"Yuyuko\u0027s fan":0,"HornCleat":12,"Nilry\u0027s Codex":10,"Coronal":0,"SacredBark":0,"Omamori":13,"White Beast Statue":9,"RuthlessExorcism:ReiMu":11},{"SlaversCollar":30,"Dream Catcher":3,"Yuyuko\u0027s fan":0,"HornCleat":62,"Nilry\u0027s Codex":54,"Coronal":0,"SacredBark":0,"Omamori":70,"White Beast Statue":43,"RuthlessExorcism:ReiMu":55}]},"card_choices":[{"not_picked":["Dark Wind","City of Death"],"picked":"Bomb","floor":1.0},{"not_picked":["Final of Final","Gauzy Sakura"],"picked":"Elegance","floor":4.0},{"not_picked":["Gauzy Sakura","Dancing Soul"],"picked":"Wandering Soul","floor":7.0},{"not_picked":["Trap Lamp","Triple Snow"],"picked":"City of Death","floor":8.0},{"not_picked":["End of Faramita","Unreal"],"picked":"Mini Ghostdom","floor":13.0},{"not_picked":["Gather the Spring","City of Death"],"picked":"Nihility","floor":14.0},{"not_picked":["Dream of Spring","Home of Suicide"],"picked":"Ghastly Dream","floor":16.0},{"not_picked":["Gauzy Sakura","Ghostdom Sakura"],"picked":"Monster Cherry Tree","floor":18.0},{"not_picked":["Cerasus Subhirtella","Suicide"],"picked":"Trap Lamp+1","floor":19.0},{"not_picked":["Redemption of Death","Reverse The Screen"],"picked":"Death Dancing","floor":21.0},{"not_picked":["Monster Cherry Tree","Wandering Soul+1"],"picked":"Supernatural Nether","floor":23.0},{"not_picked":["Redemption of Death","Dark Wind"],"picked":"Fondling of Papilio","floor":25.0},{"not_picked":["Linger over Flower","Final of Final+1"],"picked":"Gauzy Sakura","floor":27.0}],"player_experience":245923,"relics_obtained":[{"floor":22.0,"key":"Nilry\u0027s Codex"},{"floor":23.0,"key":"RuthlessExorcism:ReiMu"},{"floor":26.0,"key":"HornCleat"},{"floor":27.0,"key":"Omamori"}],"event_choices":[{"damage_healed":0.0,"max_hp_gain":0.0,"max_hp_loss":0.0,"gold_gain":0.0,"event_name":"Scrap Ooze","player_choice":"Success","floor":2.0,"gold_loss":0.0,"damage_taken":7.0,"relics_obtained":["Dream Catcher"]},{"damage_healed":0.0,"max_hp_gain":0.0,"max_hp_loss":0.0,"gold_gain":275.0,"event_name":"Golden Shrine","player_choice":"Desecrate","floor":3.0,"gold_loss":0.0,"damage_taken":0.0,"cards_obtained":["Regret"]},{"cards_removed":["The Inky Sakura"],"damage_healed":9.0,"max_hp_gain":10.0,"max_hp_loss":0.0,"gold_gain":0.0,"event_name":"Bonfire Elementals","player_choice":"Offered Rare","floor":11.0,"gold_loss":0.0,"damage_taken":0.0},{"damage_healed":0.0,"max_hp_gain":0.0,"max_hp_loss":0.0,"gold_gain":0.0,"event_name":"Cursed Tome","player_choice":"Obtained Book","floor":22.0,"gold_loss":0.0,"damage_taken":16.0},{"damage_healed":0.0,"max_hp_gain":5.0,"max_hp_loss":0.0,"gold_gain":0.0,"event_name":"Forgotten Altar","player_choice":"Shed Blood","floor":28.0,"gold_loss":0.0,"damage_taken":13.0}],"is_beta":false,"boss_relics":[{"not_picked":["Busted Crown","Runic Dome"],"picked":"SlaversCollar"}],"items_purged_floors":[5],"is_endless":false,"potions_floor_spawned":[1,7,8,21,23,25],"killed_by":"Snake Plant","ascension_level":0}}