{"host":"oy4pyvr762z5n0bb","time":1608415360,"event":{"mods":["AchievementEnabler","BaseMod","Colored Map","Colored Powertips","Googly Eyes","Key Reminder","Minty Spire (QoL Compilation)","Quick Restart","Relic Sorter","StSLib","SuperFastMode","Unceasing Turn Reminder","slay the spire mod where everything is the same but ironclad has a cowboy hat"],"gold_per_floor":[116,116,34,34,51,51,78,78,105,122,141,141,66,77,77,77,77],"floor_reached":16,"playtime":221,"items_purged":["Shame"],"score":210,"play_id":"d91a68f6-06a0-42a9-aec8-7744383b196a","local_time":"20201219140240","is_ascension_mode":true,"campfire_choices":[{"data":"Feel No Pain","floor":6,"key":"SMITH"},{"data":"Flame Barrier","floor":12,"key":"SMITH"},{"data":"Shockwave","floor":15,"key":"SMITH"}],"circlet_count":0,"master_deck":["Strike_R","Strike_R","Strike_R","Strike_R","Strike_R","Defend_R","Defend_R","Defend_R","Defend_R","Bash","Whirlwind+1","Cleave+1","Feel No Pain+1","Rupture","Sever Soul+1","Cleave+1","Dual Wield","Flame Barrier+1","Shockwave+1"],"relics":["Burning Blood","NeowsBlessing","Molten Egg 2","Bag of Marbles","keyreminder:keyreminder","Regal Pillow"],"acts_visited":[],"potions_floor_usage":[16],"damage_taken":[{"damage":0,"enemies":"2 Louse","floor":1,"turns":1},{"damage":0,"enemies":"Jaw Worm","floor":5,"turns":1},{"damage":0,"enemies":"Lagavulin","floor":7,"turns":1},{"damage":0,"enemies":"Cultist","floor":10,"turns":2},{"damage":9,"enemies":"2 Fungi Beasts","floor":11,"turns":2},{"damage":0,"enemies":"Gremlin Gang","floor":14,"turns":2},{"damage":80,"enemies":"Hexaghost","floor":16,"turns":11}],"seed_played":"-2486760735568341847","potions_obtained":[{"floor":5,"key":"Energy Potion"},{"floor":14,"key":"DuplicationPotion"}],"is_trial":false,"path_per_floor":["M","?","$","?","M","R","E","?","T","M","M","R","$","M","R","B"],"character_chosen":"IRONCLAD","items_purchased":["Cleave+1","Feel No Pain"],"campfire_rested":0,"item_purchase_floors":[3,3],"current_hp_per_floor":[80,68,68,68,74,74,80,80,80,80,77,77,77,80,80,0,0],"gold":77,"neow_bonus":"THREE_ENEMY_KILL","is_daily":false,"chose_seed":false,"campfire_upgraded":3,"win_rate":0.0,"timestamp":1608415360,"path_taken":["M","?","$","?","?","R","E","?","T","?","M","R","$","M","R","BOSS"],"items_purchased_type":["Card","Card"],"build_version":"2020-12-13","purchased_purges":1,"victory":false,"max_hp_per_floor":[80,80,80,80,80,80,80,80,80,80,80,80,80,80,80,80,80],"card_choices":[{"not_picked":["Clash","Second Wind"],"picked":"Whirlwind","floor":1},{"not_picked":["Havoc","Pommel Strike+1"],"picked":"Sever Soul+1","floor":5},{"not_picked":["Clothesline+1","Reckless Charge+1"],"picked":"Cleave+1","floor":7},{"not_picked":["Uppercut+1","Heavy Blade+1"],"picked":"Dual Wield","floor":10},{"not_picked":["Perfected Strike+1","Iron Wave+1"],"picked":"Flame Barrier","floor":11},{"not_picked":["Havoc","Wild Strike+1"],"picked":"Shockwave","floor":14}],"player_experience":544405,"relics_obtained":[{"floor":7,"key":"Bag of Marbles"},{"floor":9,"key":"Regal Pillow"}],"event_choices":[{"damage_healed":0,"gold_gain":0,"player_choice":"Success","damage_taken":12,"relics_obtained":["Molten Egg 2"],"max_hp_gain":0,"max_hp_loss":0,"event_name":"Scrap Ooze","floor":2,"gold_loss":0},{"damage_healed":0,"gold_gain":0,"player_choice":"2 cards matched","damage_taken":0,"max_hp_gain":0,"max_hp_loss":0,"event_name":"Match and Keep!","floor":4,"gold_loss":0,"cards_obtained":["Rupture","Shame"]},{"damage_healed":0,"gold_gain":0,"player_choice":"Upgraded","damage_taken":0,"max_hp_gain":0,"max_hp_loss":0,"event_name":"Upgrade Shrine","floor":8,"gold_loss":0,"cards_upgraded":["Whirlwind"]}],"is_beta":false,"boss_relics":[],"items_purged_floors":[13],"is_endless":false,"potions_floor_spawned":[5,14],"killed_by":"Hexaghost","ascension_level":4}}