{"host":"pjgcdp3h1plnbocs","time":1608384759,"event":{"mods":["AchievementEnabler","BaseMod","Colored Map","Highlight Path","Minty Spire (QoL Compilation)"],"gold_per_floor":[14,14,33,44,44,44,69,96,96,125,125,135,162,175,175,175,175],"floor_reached":16,"playtime":2386,"items_purged":[],"score":156,"play_id":"277ce9e3-9c03-478c-816a-69577dfa1a5f","local_time":"20201219143239","is_ascension_mode":true,"campfire_choices":[{"data":"Chaos","floor":6,"key":"SMITH"},{"data":"Zap","floor":15,"key":"SMITH"}],"circlet_count":0,"master_deck":["Strike_B","Strike_B","Strike_B","Strike_B","Defend_B","Defend_B","Defend_B","Defend_B","Zap+1","Dualcast","Chill","Chaos+1","Coolheaded"],"relics":["Cracked Core","Thread and Needle","Anchor","Ornamental Fan","Singing Bowl","Eternal Feather"],"acts_visited":["Exordium"],"potions_floor_usage":[13,16],"damage_taken":[{"damage":0,"enemies":"Cultist","floor":1,"turns":3},{"damage":0,"enemies":"Jaw Worm","floor":3,"turns":4},{"damage":0,"enemies":"2 Louse","floor":4,"turns":3},{"damage":6,"enemies":"3 Sentries","floor":7,"turns":8},{"damage":17,"enemies":"Lagavulin","floor":10,"turns":9},{"damage":7,"enemies":"Gremlin Gang","floor":12,"turns":6},{"damage":6,"enemies":"Gremlin Nob","floor":13,"turns":4},{"damage":0,"enemies":"Lots of Slimes","floor":14,"turns":4},{"damage":51,"enemies":"Hexaghost","floor":16,"turns":11}],"seed_played":"4885655143051077699","potions_obtained":[{"floor":7,"key":"FocusPotion"},{"floor":12,"key":"AttackPotion"},{"floor":13,"key":"GamblersBrew"},{"floor":14,"key":"SmokeBomb"}],"is_trial":false,"path_per_floor":["M","$","M","M","$","R","E","T","T","E","?","M","E","M","R","B"],"character_chosen":"DEFECT","items_purchased":[],"campfire_rested":0,"item_purchase_floors":[],"current_hp_per_floor":[68,68,68,68,68,68,62,62,62,47,52,47,43,45,51,0,0],"gold":175,"neow_bonus":"ONE_RARE_RELIC","is_daily":false,"chose_seed":false,"campfire_upgraded":2,"win_rate":0.0,"timestamp":1608384759,"path_taken":["M","$","M","M","$","R","E","?","T","E","?","M","E","M","R","BOSS"],"items_purchased_type":[],"build_version":"2020-12-13","purchased_purges":0,"victory":false,"max_hp_per_floor":[75,75,75,75,75,75,75,75,75,77,82,84,86,88,88,88,88],"card_choices":[{"not_picked":["Conserve Battery","Sunder"],"picked":"Chill","floor":1},{"not_picked":["Turbo","Beam Cell"],"picked":"Chaos","floor":3},{"not_picked":["Sunder","Aggregate"],"picked":"Coolheaded","floor":4},{"not_picked":["Gash","Undo","Compile Driver"],"picked":"SKIP","floor":7},{"not_picked":["Ball Lightning","Lockon","Self Repair"],"picked":"Singing Bowl","floor":10},{"not_picked":["Steam","Steam Power","Rebound"],"picked":"Singing Bowl","floor":12},{"not_picked":["Doom and Gloom","Reprogram","Hologram"],"picked":"Singing Bowl","floor":13},{"not_picked":["Cold Snap","Static Discharge","Steam Power"],"picked":"Singing Bowl","floor":14}],"player_experience":112340,"relics_obtained":[{"floor":7,"key":"Anchor"},{"floor":9,"key":"Ornamental Fan"},{"floor":10,"key":"Singing Bowl"},{"floor":13,"key":"Eternal Feather"}],"event_choices":[{"damage_healed":0,"gold_gain":0,"player_choice":"Donut","damage_taken":0,"max_hp_gain":5,"max_hp_loss":0,"event_name":"Big Fish","floor":11,"gold_loss":0}],"is_beta":false,"boss_relics":[],"items_purged_floors":[],"is_endless":false,"potions_floor_spawned":[7,12,13,14],"killed_by":"Hexaghost","ascension_level":6}}