{"host":"rihxvzvzrfpivboj","time":1608387085,"event":{"mods":["Act Like it!","BaseMod","Better Third Choice","Block Reminder","Colored Map","Colored Powertips","Gensokyo","GifTheSpireLib","Googly Eyes","Jorbs\u0027s Wanderer Trilogy","Keyboard Shortcuts","KomeijiMod","Minty Spire (QoL Compilation)","Quick Restart","ReimuÅiîé??öÎÅj","Relic Sorter","StSLib","The Construct","The Hierophant","The Jungle","The Poker Player","The Senshi","Unceasing Turn Reminder","Waifu the Spire","[IsaacMod]à»éTêÎìÉ"],"gold_per_floor":[112,123,123,134,146,172,186,203,203,218,231,249,266,294,294,396,396,413,413,413,413,424,453,453,453,453,465,498,517,62,72,72,167,167,186,86,102,120,120,150,150,167,240,254,272,320,336,362,362,362,362,362,138,167,167,167,167],"floor_reached":55,"playtime":5214,"items_purged":["PokerPlayerMod:Fold"],"score":1089,"play_id":"7a767acb-dac7-4c0d-be04-1b4101d4e960","local_time":"20201219151125","is_ascension_mode":false,"metric_token":1618,"campfire_choices":[{"data":"PokerPlayerMod:ItsShowtime","floor":15,"key":"SMITH"},{"data":"PokerPlayerMod:Configure","floor":25,"key":"SMITH"},{"data":"PokerPlayerMod:Mulligan","floor":32,"key":"SMITH"},{"data":"PokerPlayerMod:JackOfSpades","floor":41,"key":"SMITH"},{"floor":49,"key":"RECALL"},{"data":"Ghostly","floor":52,"key":"SMITH"}],"circlet_count":0,"master_deck":["PokerPlayerMod:Diamond1","PokerPlayerMod:Diamond2","PokerPlayerMod:Diamond3","PokerPlayerMod:Diamond4","PokerPlayerMod:Diamond5","PokerPlayerMod:Spade1","PokerPlayerMod:Spade2","PokerPlayerMod:Spade3","PokerPlayerMod:Spade4","PokerPlayerMod:Club1","PokerPlayerMod:Club2","PokerPlayerMod:Heart2","PokerPlayerMod:TrumpStrike","PokerPlayerMod:BadJoker","PokerPlayerMod:Mulligan+1","PokerPlayerMod:Raise+1","PokerPlayerMod:Diamond7","PokerPlayerMod:JackOfSpades+1","PokerPlayerMod:DartThrow+1","PokerPlayerMod:ItsShowtime+1","PokerPlayerMod:Trickery+1","PokerPlayerMod:Configure+1","PokerPlayerMod:Club5","PokerPlayerMod:Club4","PokerPlayerMod:WasteCollection+1","PokerPlayerMod:RoyalStrike+1","PokerPlayerMod:Heart1","Ghostly+1","Ghostly+1","Ghostly","Ghostly","Ghostly","PokerPlayerMod:SecondChance+1","PokerPlayerMod:Configure+1","PokerPlayerMod:Club3","PokerPlayerMod:Club1","PokerPlayerMod:Club9","PokerPlayerMod:Diamond1","PokerPlayerMod:WasteCollection","PokerPlayerMod:Spade1","PokerPlayerMod:Configure+1","Necronomicurse","PokerPlayerMod:Club8"],"relics":["PokerPlayerMod:DeckCase","HushsDoor","KeepersGift","PureWhite:ReiMu","Eternal Feather","Molten Egg 2","PokerPlayerMod:AceCard","Necronomicon","Nunchaku","BookOfRevelations","PokerPlayerMod:ClubPass","construct:FoamFinger","Bronze Scales","Lee\u0027s Waffle","HowToJump","Philosopher\u0027s Stone","Whetstone","PokerPlayerMod:JackpotMachine","Singing Bowl","War Paint","FossilizedHelix"],"acts_visited":["Exordium","TheCity","TheBeyond","TheEnding"],"potions_floor_usage":[28,33,40,55,55,55,55,55,55],"damage_taken":[{"damage":0,"enemies":"Small Slimes","floor":1,"turns":1},{"damage":0,"enemies":"2 Louse","floor":2,"turns":2},{"damage":3,"enemies":"Cultist","floor":4,"turns":3},{"damage":10,"enemies":"2 Fungi Beasts","floor":5,"turns":3},{"damage":9,"enemies":"Gremlin Nob","floor":6,"turns":4},{"damage":0,"enemies":"Red Slaver","floor":7,"turns":2},{"damage":0,"enemies":"3 Louse","floor":8,"turns":2},{"damage":0,"enemies":"Gremlin Gang","floor":10,"turns":3},{"damage":0,"enemies":"2 Fungi Beasts","floor":11,"turns":3},{"damage":0,"enemies":"Blue Slaver","floor":12,"turns":2},{"damage":0,"enemies":"Exordium Thugs","floor":13,"turns":4},{"damage":5,"enemies":"Lagavulin","floor":14,"turns":4},{"damage":0,"enemies":"Slime Boss","floor":16,"turns":6},{"damage":13,"enemies":"2 Thieves","floor":18,"turns":2},{"damage":0,"enemies":"Chosen","floor":22,"turns":5},{"damage":0,"enemies":"Book of Stabbing","floor":23,"turns":4},{"damage":3,"enemies":"Sentry and Sphere","floor":27,"turns":6},{"damage":5,"enemies":"Gremlin Leader","floor":28,"turns":6},{"damage":0,"enemies":"Shelled Parasite and Fungi","floor":29,"turns":5},{"damage":0,"enemies":"Cultist and Chosen","floor":31,"turns":3},{"damage":0,"enemies":"Collector","floor":33,"turns":7},{"damage":0,"enemies":"3 Shapes","floor":35,"turns":2},{"damage":0,"enemies":"Orb Walker","floor":37,"turns":2},{"damage":0,"enemies":"Maw","floor":38,"turns":5},{"damage":0,"enemies":"Giant Head","floor":40,"turns":4},{"damage":0,"enemies":"Spire Growth","floor":42,"turns":3},{"damage":0,"enemies":"Jaw Worm Horde","floor":44,"turns":2},{"damage":0,"enemies":"Transient","floor":45,"turns":5},{"damage":0,"enemies":"2 Orb Walkers","floor":46,"turns":3},{"damage":0,"enemies":"Spire Growth","floor":47,"turns":3},{"damage":0,"enemies":"Nemesis","floor":48,"turns":5},{"damage":0,"enemies":"Donu and Deca","floor":50,"turns":6},{"damage":1,"enemies":"Shield and Spear","floor":54,"turns":4},{"damage":46,"enemies":"The Heart","floor":55,"turns":8}],"seed_played":"6090125832169020912","potions_obtained":[{"floor":1,"key":"SteroidPotion"},{"floor":2,"key":"DuplicationPotion"},{"floor":5,"key":"SpeedPotion"},{"floor":10,"key":"Strength Potion"},{"floor":11,"key":"PowerPotion"},{"floor":14,"key":"GrandPatriotsElixir:ReiMu"},{"floor":18,"key":"EntropicBrew"},{"floor":28,"key":"Ancient Potion"},{"floor":36,"key":"MagicPotion:ReiMu"},{"floor":45,"key":"Ancient Potion"}],"is_trial":false,"path_per_floor":["M","M","?","M","M","E","M","M","T","M","M","M","M","E","R","B",null,"M","?","?","?","M","E","?","R","T","M","E","M","$","M","R","B",null,"M","?","M","M","?","E","R","M","T","M","M","?","M","E","R","B",null,"R","$","E","B"],"character_chosen":"THE_POKER_PLAYER","items_purchased":["PokerPlayerMod:RoyalStrike+1","Bronze Scales","Lee\u0027s Waffle","HowToJump","War Paint"],"campfire_rested":0,"item_purchase_floors":[17,30,30,30,53],"current_hp_per_floor":[57,57,57,54,46,41,44,47,47,47,49,52,54,52,57,57,53,40,32,16,16,20,29,14,29,29,26,23,25,36,36,36,36,36,36,36,36,36,36,36,36,36,36,36,36,36,36,38,38,38,38,38,38,39,0,0,0],"gold":167,"neow_bonus":"TEN_PERCENT_HP_BONUS","is_daily":false,"chose_seed":false,"campfire_upgraded":5,"win_rate":0.0,"timestamp":1608387085,"path_taken":["M","M","?","M","M","E","M","M","T","M","M","M","M","E","R","BOSS","M","?","?","?","?","E","?","R","T","M","E","M","$","M","R","BOSS","M","?","M","M","?","E","R","M","T","?","M","?","M","E","R","BOSS","R","$","E","BOSS"],"items_purchased_type":["Card","Relic","Relic","Relic","Relic"],"build_version":"2020-12-13","purchased_purges":1,"victory":false,"max_hp_per_floor":[57,57,57,57,57,57,57,57,57,57,57,57,57,57,57,57,53,53,58,58,29,29,29,29,29,29,29,29,29,36,36,36,36,36,36,36,36,36,36,36,36,36,36,36,36,36,36,38,38,38,38,38,38,40,40,40,40],"card_choices":[{"not_picked":["PokerPlayerMod:Diamond1","PokerPlayerMod:Spade2"],"picked":"PokerPlayerMod:Raise","floor":1},{"not_picked":["PokerPlayerMod:Diamond3","PokerPlayerMod:Club4"],"picked":"PokerPlayerMod:Fold","floor":2},{"not_picked":["PokerPlayerMod:Spade2","PokerPlayerMod:Club4"],"picked":"PokerPlayerMod:Diamond7","floor":4},{"not_picked":["PokerPlayerMod:Spade1","PokerPlayerMod:Diamond5"],"picked":"PokerPlayerMod:JackOfSpades","floor":5},{"not_picked":["PokerPlayerMod:Diamond2","PokerPlayerMod:Heart3"],"picked":"PokerPlayerMod:DartThrow","floor":6},{"not_picked":["PokerPlayerMod:Spade1","PokerPlayerMod:Club2","PokerPlayerMod:Diamond3"],"picked":"SKIP","floor":7},{"not_picked":["PokerPlayerMod:Spade4","PokerPlayerMod:Diamond3"],"picked":"PokerPlayerMod:ItsShowtime","floor":8},{"not_picked":["PokerPlayerMod:Spade2","PokerPlayerMod:CardPrinter"],"picked":"PokerPlayerMod:Trickery","floor":10},{"not_picked":["PokerPlayerMod:Diamond2","PokerPlayerMod:HiddenCard","PokerPlayerMod:Spade3"],"picked":"SKIP","floor":11},{"not_picked":["PokerPlayerMod:Club2","PokerPlayerMod:Spade4"],"picked":"PokerPlayerMod:Configure","floor":12},{"not_picked":["PokerPlayerMod:Spade1","PokerPlayerMod:DiamondStrike"],"picked":"PokerPlayerMod:Club5","floor":13},{"not_picked":["PokerPlayerMod:Duplicate","PokerPlayerMod:PoorCopy"],"picked":"PokerPlayerMod:Club4","floor":14},{"not_picked":["PokerPlayerMod:Spade8","PokerPlayerMod:Club9"],"picked":"PokerPlayerMod:WasteCollection","floor":16},{"not_picked":["PokerPlayerMod:MagicTrick","PokerPlayerMod:ClubsClub+1"],"picked":"PokerPlayerMod:Heart1","floor":18},{"not_picked":["PokerPlayerMod:PoorCopy","PokerPlayerMod:Diamond5"],"picked":"PokerPlayerMod:SecondChance+1","floor":22},{"not_picked":["PokerPlayerMod:Spade4","PokerPlayerMod:Raise"],"picked":"PokerPlayerMod:Configure+1","floor":23},{"not_picked":["PokerPlayerMod:Diamond3","PokerPlayerMod:SpadeStrike+1"],"picked":"PokerPlayerMod:Club3","floor":27},{"not_picked":["PokerPlayerMod:ClubDance","PokerPlayerMod:CardBurn","PokerPlayerMod:Trickery+1"],"picked":"SKIP","floor":28},{"not_picked":["PokerPlayerMod:Club4","PokerPlayerMod:MagicTrick"],"picked":"PokerPlayerMod:Club1","floor":29},{"not_picked":["PokerPlayerMod:Spade3","PokerPlayerMod:DiamondStrike+1","PokerPlayerMod:Diamond4"],"picked":"SKIP","floor":31},{"not_picked":["PokerPlayerMod:Promotion","PokerPlayerMod:WildCard"],"picked":"PokerPlayerMod:Club9","floor":33},{"not_picked":["PokerPlayerMod:Diamond5","PokerPlayerMod:ClubDance","PokerPlayerMod:Diamond3"],"picked":"SKIP","floor":35},{"not_picked":["PokerPlayerMod:Diamond2","PokerPlayerMod:CardPrinter"],"picked":"PokerPlayerMod:Diamond1","floor":36},{"not_picked":["PokerPlayerMod:Spade4","PokerPlayerMod:Overdeal+1"],"picked":"PokerPlayerMod:WasteCollection","floor":36},{"not_picked":["PokerPlayerMod:SpadeStrike+1","PokerPlayerMod:Spade4"],"picked":"PokerPlayerMod:Spade1","floor":36},{"not_picked":["PokerPlayerMod:HotShotCut+1","PokerPlayerMod:ClubShade"],"picked":"PokerPlayerMod:Configure+1","floor":37},{"not_picked":["PokerPlayerMod:Diamond4","PokerPlayerMod:Spade5","PokerPlayerMod:CardBurn+1"],"picked":"SKIP","floor":38},{"not_picked":["PokerPlayerMod:JackOfSpades+1","PokerPlayerMod:CloakAndDiamond"],"picked":"PokerPlayerMod:Club8","floor":40},{"not_picked":["PokerPlayerMod:ClubStrike+1","PokerPlayerMod:Fold+1","PokerPlayerMod:Trickery+1"],"picked":"SKIP","floor":42},{"not_picked":["PokerPlayerMod:Trickery+1","PokerPlayerMod:CloakAndDiamond+1","PokerPlayerMod:Overdeal+1"],"picked":"SKIP","floor":44},{"not_picked":["PokerPlayerMod:CardBurn","PokerPlayerMod:ClubsClub+1","PokerPlayerMod:Club3"],"picked":"SKIP","floor":45},{"not_picked":["PokerPlayerMod:SpadeStrike+1","PokerPlayerMod:Diamond3","PokerPlayerMod:Overdeal+1"],"picked":"SKIP","floor":47},{"not_picked":["PokerPlayerMod:Heart3","PokerPlayerMod:SpadeStrike+1","PokerPlayerMod:Heart5"],"picked":"Singing Bowl","floor":48},{"not_picked":["PokerPlayerMod:SecondChance+1","PokerPlayerMod:Fold+1","PokerPlayerMod:Spade4"],"picked":"Singing Bowl","floor":54}],"player_experience":1018438,"relics_obtained":[{"floor":6,"key":"PureWhite:ReiMu"},{"floor":9,"key":"Eternal Feather"},{"floor":14,"key":"Molten Egg 2"},{"floor":20,"key":"Necronomicon"},{"floor":23,"key":"Nunchaku"},{"floor":26,"key":"PokerPlayerMod:ClubPass"},{"floor":28,"key":"construct:FoamFinger"},{"floor":40,"key":"Whetstone"},{"floor":46,"key":"PokerPlayerMod:JackpotMachine"},{"floor":48,"key":"Singing Bowl"},{"floor":54,"key":"FossilizedHelix"}],"event_choices":[{"damage_healed":0,"gold_gain":0,"player_choice":"Grow","damage_taken":0,"max_hp_gain":0,"max_hp_loss":0,"event_name":"Living Wall","floor":3,"gold_loss":0,"cards_upgraded":["PokerPlayerMod:Raise"]},{"damage_healed":0,"gold_gain":0,"player_choice":"Shed Blood","damage_taken":13,"max_hp_gain":5,"max_hp_loss":0,"event_name":"Forgotten Altar","floor":19,"gold_loss":0},{"damage_healed":0,"gold_gain":0,"player_choice":"Obtained Book","damage_taken":16,"max_hp_gain":0,"max_hp_loss":0,"event_name":"Cursed Tome","floor":20,"gold_loss":0},{"damage_healed":0,"gold_gain":0,"player_choice":"Became a Ghost","damage_taken":0,"max_hp_gain":0,"max_hp_loss":29,"event_name":"Ghosts","floor":21,"gold_loss":0,"cards_obtained":["Ghostly","Ghostly","Ghostly","Ghostly","Ghostly"]},{"damage_healed":0,"gold_gain":0,"player_choice":"Fight","damage_taken":0,"max_hp_gain":0,"max_hp_loss":0,"event_name":"Mysterious Sphere","floor":46,"gold_loss":0}],"is_beta":false,"boss_relics":[{"not_picked":["ChampionBelt","Calling Bell"],"picked":"PokerPlayerMod:AceCard"},{"not_picked":[]},{"not_picked":["SacredBark","Fusion Hammer"],"picked":"Philosopher\u0027s Stone"},{"not_picked":[]}],"items_purged_floors":[53],"is_endless":false,"potions_floor_spawned":[1,2,5,10,11,14,16,18,23,28,38,45,46,47],"killed_by":"The Heart","ascension_level":0}}