{"host":"ow9msrs9p2ctkx99","time":1608400128,"event":{"mods":["AchievementEnabler","BaseMod","Colored Map","Colored Powertips","Minty Spire (QoL Compilation)","Permanent Neow","Quick Restart","SuperFastMode"],"gold_per_floor":[118,118,138,16,191,191,466,484,509,519,531,531,516,552,552,657,716,744,704,144,165,189,229,229,229],"floor_reached":24,"playtime":581,"items_purged":["Strike_B","Regret"],"score":349,"play_id":"fcaf5d36-8537-4878-8890-26f7e559310d","local_time":"20201219184848","is_ascension_mode":true,"campfire_choices":[{"data":"Dualcast","floor":6.0,"key":"SMITH"},{"floor":12.0,"key":"REST"},{"floor":15.0,"key":"REST"}],"circlet_count":0,"master_deck":["AscendersBane","Strike_B","Strike_B","Strike_B","Defend_B","Defend_B","Defend_B","Defend_B","Zap","Dualcast+1","Reboot+1","Undo","Melter","Compile Driver","Doubt","White Noise","Glacier","Glacier","Static Discharge","Conserve Battery","Seek","Steam Power","Steam","Compile Driver","Rainbow","Redo+1"],"relics":["Cracked Core","Vajra","CeramicFish","Tiny House","Medical Kit","Incense Burner","StoneCalendar"],"acts_visited":["Exordium","TheCity"],"potions_floor_usage":[23],"damage_taken":[{"damage":0.0,"enemies":"Cultist","floor":1.0,"turns":4.0},{"damage":5.0,"enemies":"Small Slimes","floor":3.0,"turns":4.0},{"damage":3.0,"enemies":"2 Louse","floor":8.0,"turns":2.0},{"damage":16.0,"enemies":"Red Slaver","floor":10.0,"turns":2.0},{"damage":17.0,"enemies":"Gremlin Gang","floor":11.0,"turns":6.0},{"damage":16.0,"enemies":"Exordium Thugs","floor":13.0,"turns":5.0},{"damage":16.0,"enemies":"Lagavulin","floor":14.0,"turns":9.0},{"damage":35.0,"enemies":"The Guardian","floor":16.0,"turns":9.0},{"damage":17,"enemies":"3 Byrds","floor":18,"turns":4},{"damage":0,"enemies":"Spheric Guardian","floor":21,"turns":1},{"damage":42,"enemies":"Cultist and Chosen","floor":22,"turns":10},{"damage":37,"enemies":"Slavers","floor":23,"turns":8},{"damage":18,"enemies":"Snecko","floor":24,"turns":4}],"seed_played":"492527203298302104","potions_obtained":[{"floor":1.0,"key":"PotionOfCapacity"},{"floor":8.0,"key":"EssenceOfDarkness"},{"floor":13.0,"key":"Energy Potion"},{"floor":16.0,"key":"FearPotion"},{"floor":17.0,"key":"SteroidPotion"},{"floor":19,"key":"FairyPotion"},{"floor":19,"key":"Regen Potion"}],"is_trial":false,"path_per_floor":["M","?","M","$","?","R","?","M","T","M","M","R","M","E","R","B",null,"M","?","$","M","M","E","M"],"character_chosen":"DEFECT","items_purchased":["Compile Driver","Medical Kit","Incense Burner"],"campfire_rested":2,"item_purchase_floors":[4,20,20],"current_hp_per_floor":[68,75,70,70,70,70,70,67,67,51,34,56,40,24,46,11,64,47,47,47,47,5,12,0,0],"gold":229,"neow_bonus":"ONE_RANDOM_RARE_CARD","is_daily":false,"chose_seed":false,"campfire_upgraded":1,"win_rate":0.0,"timestamp":1608400128,"path_taken":["M","?","?","$","?","R","?","?","T","M","M","R","M","E","R","BOSS","M","?","$","M","?","E","M"],"items_purchased_type":["Card","Relic","Relic"],"build_version":"2020-12-13","purchased_purges":2,"victory":false,"max_hp_per_floor":[75,75,75,75,75,75,75,75,75,75,75,75,75,75,75,75,80,80,80,80,80,80,80,80,80],"card_choices":[{"not_picked":["Double Energy","Reinforced Body"],"picked":"Undo","floor":1.0},{"not_picked":["Streamline","Gash"],"picked":"Melter","floor":3.0},{"not_picked":["Conserve Battery","Barrage"],"picked":"White Noise","floor":8.0},{"not_picked":["Hologram","Beam Cell"],"picked":"Glacier","floor":10.0},{"not_picked":["Cold Snap","Beam Cell"],"picked":"Glacier","floor":11.0},{"not_picked":["Gash","Fusion"],"picked":"Static Discharge","floor":13.0},{"not_picked":["Rebound","Thunder Strike"],"picked":"Conserve Battery","floor":14.0},{"not_picked":["Hyperbeam","Meteor Strike"],"picked":"Seek","floor":16.0},{"not_picked":["Loop","Hologram"],"picked":"Steam Power","floor":17.0},{"not_picked":["Redo","Leap"],"picked":"Steam","floor":18},{"not_picked":["Undo","Leap"],"picked":"Compile Driver","floor":21},{"not_picked":["BootSequence","Doom and Gloom"],"picked":"Rainbow","floor":22},{"not_picked":["Gash","Sweeping Beam"],"picked":"Redo+1","floor":23}],"player_experience":1085229,"relics_obtained":[{"floor":9.0,"key":"Vajra"},{"floor":14.0,"key":"CeramicFish"},{"floor":23,"key":"StoneCalendar"}],"event_choices":[{"damage_healed":7.0,"max_hp_gain":0.0,"max_hp_loss":0.0,"gold_gain":0.0,"event_name":"Wheel of Change","player_choice":"Full Heal","floor":2.0,"gold_loss":0.0,"damage_taken":0.0},{"damage_healed":0.0,"max_hp_gain":0.0,"max_hp_loss":0.0,"gold_gain":175.0,"event_name":"Liars Game","player_choice":"AGREE","floor":5.0,"gold_loss":0.0,"damage_taken":0.0,"cards_obtained":["Doubt"]},{"damage_healed":0.0,"max_hp_gain":0.0,"max_hp_loss":0.0,"gold_gain":275.0,"event_name":"Golden Shrine","player_choice":"Desecrate","floor":7.0,"gold_loss":0.0,"damage_taken":0.0,"cards_obtained":["Regret"]},{"damage_healed":0,"gold_gain":0,"player_choice":"Bought 3 Potions","damage_taken":0,"max_hp_gain":0,"max_hp_loss":0,"event_name":"The Woman in Blue","floor":19,"gold_loss":0}],"is_beta":false,"boss_relics":[{"not_picked":["Runic Pyramid","Coffee Dripper"],"picked":"Tiny House"}],"items_purged_floors":[4,20],"is_endless":false,"potions_floor_spawned":[1,8,13,16,22],"killed_by":"Snecko","ascension_level":12}}