{"host":"684z1xpuwaoqmmh1","time":1608408925,"event":{"mods":["BaseMod","Downfall","Hermit","Jorbs\u0027s Wanderer Trilogy","Marisa????????","Minty Spire (QoL Compilation)","StSLib","The Hierophant","The Mystic"],"gold_per_floor":[99,113,145,156,81,96,96,121,121,147,167,167,52,63,83,164,214,214,235,235,235],"floor_reached":20,"playtime":1070,"items_purged":["hexamod:Strike"],"score":405,"play_id":"9f2533b7-ed07-400b-9e82-6e90eb743d78","local_time":"20201219221525","is_ascension_mode":true,"campfire_choices":[{"floor":1,"key":"RECALL"},{"floor":5,"key":"REST"},{"floor":9,"key":"REST"},{"data":"hexamod:SearingWound","floor":18,"key":"SMITH"}],"circlet_count":0,"master_deck":["AscendersBane","hexamod:Strike","hexamod:Strike+1","hexamod:Strike+1","hexamod:Defend","hexamod:Defend","hexamod:Defend","hexamod:Defend+1","hexamod:Sear","hexamod:Float+1","hexamod:ThermalTransfer","hexamod:PhantomCloak","hexamod:Hexaguard","hexamod:HauntingEcho","hexamod:ShieldOfDarkness","hexamod:GhostflameInferno+1","hexamod:FastForward","hexamod:TimeWarp","hexamod:Firestarter","hexamod:SecondSeal","hexamod:PowerFromBeyond","hexamod:SearingWound+1","hexamod:GhostOfSpirePast+1","hexamod:GhostOfSpireFuture+1"],"relics":["hexamod:SpiritBrand","WingedGreaves","downfall:HeartBlessingRed","champ:DeflectingBracers","Frozen Egg 2","Whetstone","Tiny House"],"acts_visited":["Exordium","TheCity"],"potions_floor_usage":[3,17,19],"damage_taken":[{"damage":1,"enemies":"Jaw Worm","floor":2,"turns":3},{"damage":25,"enemies":"Lagavulin","floor":3,"turns":7},{"damage":0,"enemies":"Cultist","floor":4,"turns":4},{"damage":0,"enemies":"2 Louse","floor":6,"turns":3},{"damage":22,"enemies":"Gremlin Nob","floor":8,"turns":4},{"damage":0,"enemies":"Lagavulin","floor":10,"turns":6},{"damage":0,"enemies":"Red Slaver","floor":11,"turns":4},{"damage":0,"enemies":"downfall:FleeingMerchant","floor":13,"turns":4},{"damage":1,"enemies":"Lots of Slimes","floor":14,"turns":3},{"damage":0,"enemies":"Blue Slaver","floor":15,"turns":3},{"damage":7,"enemies":"downfall:Watcher","floor":16,"turns":8},{"damage":4,"enemies":"3 Byrds","floor":19,"turns":6},{"damage":69,"enemies":"Slavers","floor":20,"turns":3}],"seed_played":"8938293350474712877","potions_obtained":[{"floor":2,"key":"Fire Potion"},{"floor":8,"key":"SkillPotion"},{"floor":11,"key":"champ:CounterPotion"},{"floor":17,"key":"Fruit Juice"}],"is_trial":false,"path_per_floor":["R","M","E","M","R","M","T","E","R","E","M","?","$","M","M","B",null,"R","M","E"],"character_chosen":"THE_SPIRIT","items_purchased":["hexamod:Firestarter"],"campfire_rested":2,"item_purchase_floors":[13],"current_hp_per_floor":[57,56,31,31,49,49,49,27,45,45,45,45,45,44,44,37,67,67,63,0,0],"gold":235,"neow_bonus":"UPGRADE_CARD","is_daily":false,"chose_seed":false,"campfire_upgraded":1,"win_rate":0.0,"timestamp":1608408925,"path_taken":["R","M","E","M","R","M","T","E","R","E","M","?","$","M","M","BOSS","R","M","E"],"items_purchased_type":["Card"],"build_version":"2020-12-13","purchased_purges":1,"victory":false,"max_hp_per_floor":[63,63,63,63,63,63,63,63,63,63,63,63,63,63,63,63,73,73,73,73,73],"card_choices":[{"not_picked":["hexamod:HeatCrush","hexamod:NightmareStrike"],"picked":"hexamod:ThermalTransfer","floor":2},{"not_picked":["hexamod:FastForward","hexamod:Hexaguard"],"picked":"hexamod:PhantomCloak","floor":3},{"not_picked":["hexamod:ThermalTransfer","hexamod:Again"],"picked":"hexamod:Hexaguard","floor":4},{"not_picked":["hexamod:Hexaguard","hexamod:Haunt"],"picked":"hexamod:HauntingEcho","floor":6},{"not_picked":["hexamod:HeatShield","hexamod:InspiringFlames"],"picked":"hexamod:ShieldOfDarkness","floor":8},{"not_picked":["hexamod:PhantomFireball","hexamod:PowerFromBeyond"],"picked":"hexamod:GhostflameInferno","floor":10},{"not_picked":["hexamod:Hexaguard","hexamod:SpectralSpark"],"picked":"hexamod:FastForward","floor":11},{"not_picked":["hexamod:ThirdSeal","hexamod:FastForward"],"picked":"hexamod:TimeWarp","floor":13},{"not_picked":["hexamod:Firestarter","hexamod:ThermalTransfer"],"picked":"hexamod:SecondSeal","floor":14},{"not_picked":["hexamod:ThermalTransfer","hexamod:GhostLash"],"picked":"hexamod:PowerFromBeyond","floor":15},{"not_picked":["hexamod:GiftsFromTheDead+1","hexamod:UnlimitedPower"],"picked":"hexamod:SearingWound","floor":16},{"not_picked":["hexamod:ThermalTransfer","hexamod:CatchUp"],"picked":"hexamod:GhostOfSpirePast+1","floor":17},{"not_picked":["hexamod:PowerFromBeyond","hexamod:Firestarter"],"picked":"hexamod:GhostOfSpireFuture+1","floor":19}],"player_experience":2347293,"relics_obtained":[{"floor":3,"key":"WingedGreaves"},{"floor":7,"key":"champ:DeflectingBracers"},{"floor":8,"key":"Frozen Egg 2"},{"floor":10,"key":"Whetstone"}],"event_choices":[{"damage_healed":0,"gold_gain":0,"player_choice":"Grow","damage_taken":0,"max_hp_gain":0,"max_hp_loss":0,"event_name":"Living Wall","floor":12,"gold_loss":0,"cards_upgraded":["hexamod:GhostflameInferno"]}],"is_beta":false,"boss_relics":[{"not_picked":["Ectoplasm","hexamod:IceCube"],"picked":"Tiny House"}],"items_purged_floors":[13],"is_endless":false,"potions_floor_spawned":[2,8,11,14,15],"killed_by":"Slavers","ascension_level":17}}