{"host":"7tvb1em0d2fx72q7","time":1608402067,"event":{"mods":["BaseMod","Challenge The Spire","Minty Spire (QoL Compilation)","StSLib","everything is the same but u backflip on backflip"],"gold_per_floor":[119,12,25,25,49,84,84,117,117,117,137,156,200,219,219,314,314,329,329,345,364,364,395,395,167,167,167,167],"floor_reached":27,"playtime":1486,"items_purged":["Perfected Strike+1"],"score":552,"play_id":"7fc00f7a-56ba-49cd-89d7-3da0d706d2d0","local_time":"20201219132107","is_ascension_mode":true,"campfire_choices":[{"data":"Cleave","floor":7,"key":"SMITH"},{"data":"Bash","floor":15,"key":"SMITH"},{"floor":24,"key":"REST"}],"circlet_count":0,"master_deck":["AscendersBane","Strike_R+1","Strike_R+1","Strike_R+1","Strike_R+1","Defend_R+1","Defend_R+1","Defend_R+1","Defend_R+1","Bash+1","Battle Trance","Cleave+1","Heavy Blade","Metallicize","Sever Soul+1","Rampage+1","Demon Form","Battle Trance","Impervious","Burning Pact","Heavy Blade+1","Doubt"],"relics":["Burning Blood","NeowsBlessing","Golden Idol","Orichalcum","War Paint","Bottled Flame","Molten Egg 2","Ancient Tea Set","Cursed Key","Ginger","Membership Card"],"acts_visited":["Exordium","TheCity"],"potions_floor_usage":[8,13,18],"damage_taken":[{"damage":0,"enemies":"Small Slimes","floor":1,"turns":1},{"damage":0,"enemies":"Jaw Worm","floor":3,"turns":1},{"damage":0,"enemies":"Lagavulin","floor":6,"turns":1},{"damage":2,"enemies":"Gremlin Nob","floor":8,"turns":3},{"damage":0,"enemies":"2 Louse","floor":11,"turns":2},{"damage":0,"enemies":"Exordium Wildlife","floor":12,"turns":3},{"damage":11,"enemies":"Lagavulin","floor":13,"turns":4},{"damage":0,"enemies":"Exordium Thugs","floor":14,"turns":3},{"damage":29,"enemies":"The Guardian","floor":16,"turns":7},{"damage":9,"enemies":"Chosen","floor":18,"turns":5},{"damage":22,"enemies":"Shell Parasite","floor":20,"turns":4},{"damage":19,"enemies":"Centurion and Healer","floor":21,"turns":5},{"damage":20,"enemies":"Gremlin Leader","floor":23,"turns":4},{"damage":47,"enemies":"Book of Stabbing","floor":27,"turns":5}],"seed_played":"5476253736285262911","potions_obtained":[{"floor":1,"key":"Swift Potion"},{"floor":3,"key":"Energy Potion"},{"floor":12,"key":"FearPotion"}],"is_trial":false,"path_per_floor":["M","$","M","?","T","E","R","E","T","?","M","M","E","M","R","B",null,"M","?","M","M","?","E","R","$","T","E"],"character_chosen":"IRONCLAD","items_purchased":["Cleave","Block Potion","Membership Card","PowerPotion"],"campfire_rested":1,"item_purchase_floors":[2,2,25,25],"current_hp_per_floor":[74,74,75,49,49,55,55,59,59,59,65,71,66,72,72,49,69,66,66,50,37,37,23,45,45,45,0,0],"gold":167,"neow_bonus":"THREE_ENEMY_KILL","is_daily":false,"chose_seed":false,"campfire_upgraded":2,"win_rate":0.0,"timestamp":1608402067,"path_taken":["M","$","M","?","?","E","R","E","T","?","M","M","E","?","R","BOSS","M","?","?","M","?","E","R","$","T","E"],"items_purchased_type":["Card","Potion","Relic","Potion"],"build_version":"2020-12-13","purchased_purges":1,"victory":false,"max_hp_per_floor":[75,75,75,75,75,75,75,75,75,75,75,75,75,75,75,75,75,75,75,75,75,75,75,75,75,75,75,75],"card_choices":[{"not_picked":["Heavy Blade","Iron Wave"],"picked":"Battle Trance","floor":1},{"not_picked":["Wild Strike","Armaments"],"picked":"Perfected Strike","floor":3},{"not_picked":["Sword Boomerang","Barricade"],"picked":"Heavy Blade","floor":6},{"not_picked":["Clothesline","Thunderclap"],"picked":"Metallicize","floor":8},{"not_picked":["Flex","True Grit"],"picked":"Sever Soul+1","floor":11},{"not_picked":["Shrug It Off","Twin Strike+1"],"picked":"Rampage+1","floor":12},{"not_picked":["Anger+1","Wild Strike+1"],"picked":"Demon Form","floor":13},{"not_picked":["Clash+1","Heavy Blade+1"],"picked":"Battle Trance","floor":14},{"not_picked":["Demon Form","Bludgeon+1"],"picked":"Impervious","floor":16},{"not_picked":["Cleave+1","Sword Boomerang+1"],"picked":"Burning Pact","floor":18},{"not_picked":["Hemokinesis+1","Cleave+1","Wild Strike+1"],"picked":"SKIP","floor":20},{"not_picked":["Havoc","Sword Boomerang+1"],"picked":"Heavy Blade+1","floor":21},{"not_picked":["Cleave+1","Combust","Heavy Blade+1"],"picked":"SKIP","floor":23}],"player_experience":1863936,"relics_obtained":[{"floor":5,"key":"Orichalcum"},{"floor":6,"key":"War Paint"},{"floor":8,"key":"Bottled Flame"},{"floor":9,"key":"Molten Egg 2"},{"floor":13,"key":"Ancient Tea Set"},{"floor":23,"key":"Ginger"}],"event_choices":[{"damage_healed":0,"gold_gain":0,"player_choice":"Take Damage","damage_taken":26,"relics_obtained":["Golden Idol"],"max_hp_gain":0,"max_hp_loss":0,"event_name":"Golden Idol","floor":4,"gold_loss":0},{"damage_healed":0,"gold_gain":0,"player_choice":"Grow","damage_taken":0,"max_hp_gain":0,"max_hp_loss":0,"event_name":"Living Wall","floor":10,"gold_loss":0,"cards_upgraded":["Perfected Strike"]},{"cards_removed":["Strike_R"],"damage_healed":0,"gold_gain":0,"player_choice":"Purged","damage_taken":0,"max_hp_gain":0,"max_hp_loss":0,"event_name":"Purifier","floor":19,"gold_loss":0},{"damage_healed":0,"gold_gain":0,"player_choice":"Simplicity","damage_taken":0,"max_hp_gain":0,"max_hp_loss":0,"event_name":"Back to Basics","floor":22,"gold_loss":0,"cards_upgraded":["Strike_R","Strike_R","Strike_R","Strike_R","Defend_R","Defend_R"]}],"is_beta":false,"boss_relics":[{"not_picked":["SacredBark","Ectoplasm"],"picked":"Cursed Key"}],"items_purged_floors":[25],"is_endless":false,"potions_floor_spawned":[1,3,12],"killed_by":"Book of Stabbing","ascension_level":20}}