{"host":"4evnc443c98ww2zl","time":1608341648,"event":{"mods":["BaseMod","Hermit","Koishi","Minty Spire (QoL Compilation)","Remilia??????","Robot Space Explorer","StSLib","The Administrix","The Animator","The Bug Knight","The Cursed"],"gold_per_floor":[111,130,143,218,234,234,234,234,234,253,283,283,294,294,294,395,395,409,123,139,139,158,184,184,184,184,204,216,549,561,577,577,672,672,686,686,79,90,90,90,125,142,166,166,177,210,225,239,239,239,239],"floor_reached":50,"playtime":4501,"items_purged":[],"score":698,"play_id":"62295c6c-b87f-426a-bd34-3c6ce7324bf6","local_time":"20201218193408","is_ascension_mode":false,"campfire_choices":[{"floor":6,"key":"RECALL"},{"data":"RobotSpaceExplorer:StarLightning","floor":8,"key":"SMITH"},{"data":"RobotSpaceExplorer:Probe","floor":12,"key":"SMITH"},{"data":"RobotSpaceExplorer:Probe","floor":15,"key":"SMITH"},{"data":"RobotSpaceExplorer:Multitool","floor":24,"key":"SMITH"},{"data":"RobotSpaceExplorer:LuckyStrike","floor":32,"key":"SMITH"},{"data":"RobotSpaceExplorer:MiniDrones","floor":40,"key":"SMITH"},{"data":"RobotSpaceExplorer:Comet","floor":44,"key":"SMITH"},{"data":"RobotSpaceExplorer:Electropulse","floor":49,"key":"SMITH"}],"circlet_count":0,"master_deck":["RobotSpaceExplorer:Strike+1","RobotSpaceExplorer:Strike","RobotSpaceExplorer:Strike","RobotSpaceExplorer:Defend","RobotSpaceExplorer:Defend","RobotSpaceExplorer:Scan","RobotSpaceExplorer:MiniLasers","RobotSpaceExplorer:GlueShot","RobotSpaceExplorer:StarLightning+1","RobotSpaceExplorer:GearShield","RobotSpaceExplorer:MetalStrike+1","RobotSpaceExplorer:Probe+1","RobotSpaceExplorer:Probe+1","RobotSpaceExplorer:Multitool+1","RobotSpaceExplorer:Electropulse+1","RobotSpaceExplorer:StunGrenade","RobotSpaceExplorer:FreezingShield+1","RobotSpaceExplorer:ShovelStrike+1","RobotSpaceExplorer:ImprovisedAttack+1","RobotSpaceExplorer:ScrapMissile+1","RobotSpaceExplorer:LuckyStrike+1","RobotSpaceExplorer:ToxicBomb+1","RobotSpaceExplorer:ShockMissile","RobotSpaceExplorer:Comet+1","RobotSpaceExplorer:ScrapMissile+1","Apotheosis+1","RobotSpaceExplorer:MiniDrones+1","Sadistic Nature","RobotSpaceExplorer:SwiftStep+1","RobotSpaceExplorer:IronShell+1","RobotSpaceExplorer:ScrapMissile+1","RobotSpaceExplorer:ScrapMissile","RobotSpaceExplorer:Fix+1","RobotSpaceExplorer:ImprovisedAttack+1","RobotSpaceExplorer:ScrapMissile+1"],"relics":["RobotSpaceExplorer:RoboCore","NeowsBlessing","Thread and Needle","Unceasing Top","Cursed Key","Ornamental Fan","Whetstone","Eternal Feather","Old Coin","Coffee Dripper","Omamori","AntiCross","Question Card","Orichalcum"],"acts_visited":["Exordium","TheCity","TheBeyond"],"potions_floor_usage":[11,16,16,23,27,30,33,41,50,50],"damage_taken":[{"damage":0,"enemies":"Cultist","floor":1,"turns":1},{"damage":0,"enemies":"2 Louse","floor":2,"turns":1},{"damage":0,"enemies":"Small Slimes","floor":3,"turns":1},{"damage":0,"enemies":"2 Fungi Beasts","floor":5,"turns":3},{"damage":5,"enemies":"Lots of Slimes","floor":10,"turns":4},{"damage":0,"enemies":"3 Sentries","floor":11,"turns":7},{"damage":0,"enemies":"Looter","floor":13,"turns":3},{"damage":33,"enemies":"Slime Boss","floor":16,"turns":10},{"damage":0,"enemies":"3 Byrds","floor":18,"turns":5},{"damage":0,"enemies":"Shell Parasite","floor":20,"turns":5},{"damage":0,"enemies":"Snake Plant","floor":22,"turns":5},{"damage":0,"enemies":"Book of Stabbing","floor":23,"turns":4},{"damage":0,"enemies":"Cultist and Chosen","floor":27,"turns":5},{"damage":0,"enemies":"Chosen and Byrds","floor":28,"turns":4},{"damage":0,"enemies":"HollowMod:Nosk","floor":29,"turns":5},{"damage":0,"enemies":"Shelled Parasite and Fungi","floor":30,"turns":4},{"damage":3,"enemies":"Snake Plant","floor":31,"turns":4},{"damage":24,"enemies":"Automaton","floor":33,"turns":9},{"damage":0,"enemies":"3 Darklings","floor":35,"turns":3},{"damage":22,"enemies":"3 Shapes","floor":38,"turns":2},{"damage":28,"enemies":"Reptomancer","floor":41,"turns":4},{"damage":0,"enemies":"3 Darklings","floor":42,"turns":2},{"damage":11,"enemies":"Spire Growth","floor":45,"turns":3},{"damage":33,"enemies":"Nemesis","floor":46,"turns":5},{"damage":0,"enemies":"4 Shapes","floor":47,"turns":2},{"damage":7,"enemies":"Maw","floor":48,"turns":5},{"damage":48,"enemies":"Time Eater","floor":50,"turns":4}],"seed_played":"-4499789278879455681","potions_obtained":[{"floor":1,"key":"SpeedPotion"},{"floor":10,"key":"CultistPotion"},{"floor":11,"key":"ColorlessPotion"},{"floor":13,"key":"DistilledChaos"},{"floor":18,"key":"Ancient Potion"},{"floor":22,"key":"FearPotion"},{"floor":23,"key":"Explosive Potion"},{"floor":29,"key":"Ancient Potion"},{"floor":30,"key":"RobotSpaceExplorer:RecyclePotion"},{"floor":38,"key":"Dexterity Potion"},{"floor":42,"key":"Explosive Potion"},{"floor":45,"key":"Strength Potion"}],"is_trial":false,"path_per_floor":["M","M","M","?","M","R","?","R","T","M","E","R","M","?","R","B",null,"M","$","M","?","M","E","R","?","T","M","M","E","M","M","R","B",null,"M","?","$","M","?","R","E","M","T","R","M","E","M","M","R","B"],"character_chosen":"RobotSpaceExplorer","items_purchased":["Ornamental Fan","RobotSpaceExplorer:StunGrenade","Omamori","AntiCross","RobotSpaceExplorer:MiniDrones","Sadistic Nature"],"campfire_rested":0,"item_purchase_floors":[19,19,37,37,37,37],"current_hp_per_floor":[75,75,75,64,64,64,64,64,64,59,59,59,59,59,59,26,75,75,75,75,75,75,75,75,61,61,61,61,61,61,58,70,46,80,80,80,80,58,58,73,45,45,45,63,52,19,19,18,39,0,0],"gold":239,"neow_bonus":"THREE_ENEMY_KILL","is_daily":false,"chose_seed":false,"campfire_upgraded":8,"win_rate":0.0,"timestamp":1608341648,"path_taken":["M","?","M","?","M","R","?","R","T","M","E","R","M","?","R","BOSS","M","$","?","?","?","E","R","?","T","M","M","E","M","M","R","BOSS","M","?","$","M","?","R","E","M","T","R","?","E","M","M","R","BOSS"],"items_purchased_type":["Relic","Card","Relic","Relic","Card","Card"],"build_version":"2020-12-13","purchased_purges":0,"victory":false,"max_hp_per_floor":[75,75,75,75,75,75,75,75,75,75,75,75,75,75,75,75,75,75,75,75,75,75,75,75,80,80,80,80,80,80,80,80,80,80,80,80,80,80,80,80,80,80,80,80,80,80,80,80,80,80,80],"card_choices":[{"not_picked":["RobotSpaceExplorer:Counterblock","RobotSpaceExplorer:ShovelStrike"],"picked":"RobotSpaceExplorer:GlueShot","floor":1},{"not_picked":["RobotSpaceExplorer:BigMissile","RobotSpaceExplorer:Counterblock"],"picked":"RobotSpaceExplorer:StarLightning","floor":2},{"not_picked":["RobotSpaceExplorer:FranticSearch","RobotSpaceExplorer:Discharger"],"picked":"RobotSpaceExplorer:GearShield","floor":3},{"not_picked":["RobotSpaceExplorer:PowerCollector","RobotSpaceExplorer:Blitz"],"picked":"RobotSpaceExplorer:MetalStrike","floor":5},{"not_picked":["RobotSpaceExplorer:SurgingShield","RobotSpaceExplorer:Reload"],"picked":"RobotSpaceExplorer:Probe","floor":10},{"not_picked":["RobotSpaceExplorer:BlastShield","RobotSpaceExplorer:Reload","RobotSpaceExplorer:Blitz"],"picked":"SKIP","floor":11},{"not_picked":["RobotSpaceExplorer:Ammunition","RobotSpaceExplorer:FrostMissile"],"picked":"RobotSpaceExplorer:Probe","floor":13},{"not_picked":["RobotSpaceExplorer:HighVoltage","RobotSpaceExplorer:TrailblazerForm"],"picked":"RobotSpaceExplorer:Multitool","floor":16},{"not_picked":["RobotSpaceExplorer:SwiftStep","RobotSpaceExplorer:ShockKick+1"],"picked":"RobotSpaceExplorer:Electropulse","floor":18},{"not_picked":["RobotSpaceExplorer:SurgingStrike","RobotSpaceExplorer:ImprovisedAttack"],"picked":"RobotSpaceExplorer:FreezingShield+1","floor":20},{"not_picked":["RobotSpaceExplorer:Pulsar","RobotSpaceExplorer:DualCore"],"picked":"RobotSpaceExplorer:ShovelStrike+1","floor":22},{"not_picked":["RobotSpaceExplorer:Ammunition","RobotSpaceExplorer:GlueShot+1"],"picked":"RobotSpaceExplorer:Wormhole","floor":23},{"not_picked":["RobotSpaceExplorer:SurgingShield","RobotSpaceExplorer:SlimeMissile"],"picked":"RobotSpaceExplorer:ImprovisedAttack+1","floor":27},{"not_picked":["RobotSpaceExplorer:DoubleFind","RobotSpaceExplorer:IronShell"],"picked":"RobotSpaceExplorer:ScrapMissile+1","floor":28},{"not_picked":["RobotSpaceExplorer:ScrapMissile","RobotSpaceExplorer:ShockKick"],"picked":"RobotSpaceExplorer:LuckyStrike","floor":29},{"not_picked":["RobotSpaceExplorer:FranticSearch","RobotSpaceExplorer:DualCore+1"],"picked":"RobotSpaceExplorer:ToxicBomb+1","floor":30},{"not_picked":["RobotSpaceExplorer:SurgingShield+1","RobotSpaceExplorer:GlueShot"],"picked":"RobotSpaceExplorer:ShockMissile","floor":31},{"not_picked":["RobotSpaceExplorer:ShockMissile","RobotSpaceExplorer:Accelerator"],"picked":"RobotSpaceExplorer:Comet","floor":33},{"not_picked":["RobotSpaceExplorer:Pulsar","RobotSpaceExplorer:FranticSearch+1"],"picked":"RobotSpaceExplorer:ScrapMissile+1","floor":35},{"not_picked":["Dark Shackles","Magnetism"],"picked":"Apotheosis","floor":36},{"not_picked":["RobotSpaceExplorer:Blitz+1","RobotSpaceExplorer:Electroshield"],"picked":"RobotSpaceExplorer:SwiftStep+1","floor":38},{"not_picked":["RobotSpaceExplorer:Pulsar","RobotSpaceExplorer:Probe"],"picked":"RobotSpaceExplorer:IronShell+1","floor":41},{"not_picked":["RobotSpaceExplorer:SurgingStrike","RobotSpaceExplorer:ExhaustFan","RobotSpaceExplorer:JunkDive+1"],"picked":"RobotSpaceExplorer:ScrapMissile+1","floor":42},{"not_picked":["RobotSpaceExplorer:GlueSpray","RobotSpaceExplorer:DualCore","RobotSpaceExplorer:GlueShot"],"picked":"RobotSpaceExplorer:ScrapMissile","floor":45},{"not_picked":["RobotSpaceExplorer:FrostMissile","RobotSpaceExplorer:ScrapToss+1","RobotSpaceExplorer:LaserBurst"],"picked":"RobotSpaceExplorer:Fix+1","floor":46},{"not_picked":["RobotSpaceExplorer:ScrapMissile","RobotSpaceExplorer:GlueShot+1","RobotSpaceExplorer:SelfCleaning"],"picked":"RobotSpaceExplorer:ImprovisedAttack+1","floor":47},{"not_picked":["RobotSpaceExplorer:MakeshiftVolley+1","RobotSpaceExplorer:GlueShot+1","RobotSpaceExplorer:Wormhole"],"picked":"RobotSpaceExplorer:ScrapMissile+1","floor":48}],"player_experience":1046155,"relics_obtained":[{"floor":9,"key":"Thread and Needle"},{"floor":11,"key":"Unceasing Top"},{"floor":23,"key":"Whetstone"},{"floor":26,"key":"Eternal Feather"},{"floor":29,"key":"Old Coin"},{"floor":41,"key":"Question Card"},{"floor":46,"key":"Orichalcum"}],"event_choices":[{"damage_healed":0,"gold_gain":75,"player_choice":"Gather Gold","damage_taken":11,"max_hp_gain":0,"max_hp_loss":0,"event_name":"World of Goop","floor":4,"gold_loss":0},{"cards_removed":["RobotSpaceExplorer:Defend"],"damage_healed":0,"gold_gain":0,"player_choice":"Forget","damage_taken":0,"max_hp_gain":0,"max_hp_loss":0,"event_name":"Living Wall","floor":7,"gold_loss":0},{"cards_removed":["RobotSpaceExplorer:Strike"],"damage_healed":0,"gold_gain":0,"player_choice":"Purged","damage_taken":0,"max_hp_gain":0,"max_hp_loss":0,"event_name":"Purifier","floor":14,"gold_loss":0},{"cards_removed":["RobotSpaceExplorer:Defend"],"damage_healed":0,"gold_gain":0,"player_choice":"Purged","damage_taken":0,"max_hp_gain":0,"max_hp_loss":0,"event_name":"Purifier","floor":21,"gold_loss":0},{"damage_healed":0,"gold_gain":0,"player_choice":"Shed Blood","damage_taken":19,"max_hp_gain":5,"max_hp_loss":0,"event_name":"Forgotten Altar","floor":25,"gold_loss":0},{"damage_healed":0,"gold_gain":0,"player_choice":"Memory 1","damage_taken":0,"max_hp_gain":0,"max_hp_loss":0,"event_name":"SensoryStone","floor":36,"gold_loss":0},{"damage_healed":0,"gold_gain":0,"player_choice":"Forge","damage_taken":0,"max_hp_gain":0,"max_hp_loss":0,"event_name":"Accursed Blacksmith","floor":39,"gold_loss":0,"cards_upgraded":["Apotheosis"]}],"is_beta":false,"boss_relics":[{"not_picked":["Runic Dome","Tiny House"],"picked":"Cursed Key"},{"not_picked":["Astrolabe","SlaversCollar"],"picked":"Coffee Dripper"}],"items_purged_floors":[],"is_endless":false,"potions_floor_spawned":[1,10,11,13,18,22,23,29,30,38,42,45],"killed_by":"Time Eater","ascension_level":0}}