{"host":"imzpmvgmiwu2pn30","time":1608394485,"event":{"mods":["BaseMod","Better Third Choice","Colored Powertips","Minty Spire (QoL Compilation)","Relic Stats","StSLib"],"gold_per_floor":[109,109,109,128,128,128,128,172,196,219,219,237,237,290,290,425,425,453,453,476,501,548,548,548,575,575,575,700,215,215,215,215,215,215],"floor_reached":33,"playtime":2806,"items_purged":["Injury"],"score":251,"play_id":"8c934068-0e1d-4dba-8f1c-d85905660cb9","local_time":"20201219141445","is_ascension_mode":false,"campfire_choices":[{"data":"BattleHymn","floor":6.0,"key":"SMITH"},{"floor":11.0,"key":"REST"},{"floor":13.0,"key":"REST"},{"floor":15.0,"key":"REST"},{"floor":23,"key":"REST"},{"data":"Panacea","floor":27,"key":"SMITH"},{"floor":32,"key":"REST"}],"circlet_count":0,"master_deck":["Strike_P","Strike_P","Strike_P","Strike_P","Defend_P","Defend_P","Defend_P","Defend_P","Eruption","Vigilance","Panacea+1","BattleHymn+1","Worship","Wireheading","Protect","FearNoEvil","Judgement","ForeignInfluence","Prostrate","LikeWater"],"relics":["PureWater","Golden Idol","Bag of Preparation","Smiling Mask","CeramicFish","Bronze Scales","Nunchaku","Bottled Flame","Girya","Darkstone Periapt","Regal Pillow","Strange Spoon"],"acts_visited":["Exordium","TheCity"],"potions_floor_usage":[21,28,31,33,33],"damage_taken":[{"damage":0.0,"enemies":"Cultist","floor":1.0,"turns":3.0},{"damage":11.0,"enemies":"Small Slimes","floor":4.0,"turns":4.0},{"damage":17.0,"enemies":"3 Sentries","floor":8.0,"turns":7.0},{"damage":10.0,"enemies":"Jaw Worm","floor":10.0,"turns":4.0},{"damage":5.0,"enemies":"Exordium Wildlife","floor":12.0,"turns":3.0},{"damage":42.0,"enemies":"Gremlin Nob","floor":14.0,"turns":5.0},{"damage":26.0,"enemies":"Hexaghost","floor":16.0,"turns":10.0},{"damage":13,"enemies":"3 Byrds","floor":18,"turns":5},{"damage":0,"enemies":"Chosen","floor":20,"turns":4},{"damage":0,"enemies":"Centurion and Healer","floor":21,"turns":3},{"damage":13,"enemies":"Colosseum Slavers","floor":28,"turns":3},{"damage":50,"enemies":"Colosseum Nobs","floor":28,"turns":5},{"damage":0,"enemies":"Snake Plant","floor":31,"turns":1},{"damage":54,"enemies":"Champ","floor":33,"turns":7}],"seed_played":"-1170098765916675259","potions_obtained":[{"floor":1.0,"key":"Energy Potion"},{"floor":7.0,"key":"SmokeBomb"},{"floor":7.0,"key":"Dexterity Potion"},{"floor":8.0,"key":"Energy Potion"},{"floor":10.0,"key":"Explosive Potion"},{"floor":18,"key":"Strength Potion"},{"floor":21,"key":"Explosive Potion"}],"is_trial":false,"path_per_floor":["M","?","$","M","?","R","?","E","T","M","R","M","R","E","R","B",null,"M","?","M","M","T","R","?","T","T","R","?","$","?","M","R","B"],"character_chosen":"WATCHER","items_purchased":["Regal Pillow","Strange Spoon","LikeWater","StancePotion"],"campfire_rested":5,"item_purchase_floors":[29,29,29,29],"current_hp_per_floor":[72,72,72,61,61,61,61,44,44,34,55,50,71,29,50,24,72,59,46,46,46,46,69,69,69,69,69,6,6,6,6,44,0,0],"gold":215,"neow_bonus":"RANDOM_COLORLESS","is_daily":false,"chose_seed":false,"campfire_upgraded":2,"win_rate":0.0,"timestamp":1608394485,"path_taken":["M","?","$","?","?","R","?","E","T","?","R","M","R","E","R","BOSS","M","?","M","M","?","R","?","?","T","R","?","$","?","M","R","BOSS"],"items_purchased_type":["Relic","Relic","Card","Potion"],"build_version":"2020-12-13","purchased_purges":1,"victory":false,"max_hp_per_floor":[72,72,72,72,72,72,72,72,72,72,72,72,72,72,72,72,72,72,77,77,77,77,77,77,77,77,77,77,77,77,77,77,77,77],"relic_stats":{"Darkstone Periapt":0,"Strange Spoon":[4],"Nunchaku":[3],"Regal Pillow":15,"counters":[14,64],"Golden Idol":94,"CeramicFish":45,"Bronze Scales":[33],"Bag of Preparation":[22],"Smiling Mask":25,"obtain_stats":[{"Darkstone Periapt":28,"Girya":28,"Strange Spoon":29,"Nunchaku":25,"Bottled Flame":26,"Regal Pillow":29,"Golden Idol":5,"CeramicFish":14,"Bronze Scales":22,"Bag of Preparation":8,"PureWater":0,"Smiling Mask":9},{"Darkstone Periapt":12,"Girya":12,"Strange Spoon":12,"Nunchaku":10,"Bottled Flame":10,"Regal Pillow":12,"Golden Idol":2,"CeramicFish":6,"Bronze Scales":10,"Bag of Preparation":3,"PureWater":0,"Smiling Mask":3},{"Darkstone Periapt":56,"Girya":56,"Strange Spoon":56,"Nunchaku":48,"Bottled Flame":48,"Regal Pillow":56,"Golden Idol":7,"CeramicFish":26,"Bronze Scales":48,"Bag of Preparation":14,"PureWater":0,"Smiling Mask":14}]},"card_choices":[{"not_picked":["Bandage Up","Good Instincts"],"picked":"Panacea","floor":0.0},{"not_picked":["Sanctity","EmptyMind"],"picked":"BattleHymn","floor":1.0},{"not_picked":["CarveReality","Study"],"picked":"Worship","floor":4.0},{"not_picked":["WindmillStrike","Adaptation"],"picked":"Wireheading","floor":8.0},{"not_picked":["CutThroughFate","CarveReality"],"picked":"Protect","floor":10.0},{"not_picked":["FollowUp","BowlingBash","InnerPeace"],"picked":"SKIP","floor":12.0},{"not_picked":["Meditate","EmptyMind"],"picked":"FearNoEvil","floor":14.0},{"not_picked":["SpiritShield","Blasphemy"],"picked":"Judgement","floor":16.0},{"not_picked":["SignatureMove","FlurryOfBlows+1"],"picked":"ForeignInfluence","floor":18},{"not_picked":["CrushJoints","EmptyBody","Wireheading"],"picked":"SKIP","floor":20},{"not_picked":["EmptyFist","ClearTheMind"],"picked":"Prostrate","floor":21}],"player_experience":419417,"relics_obtained":[{"floor":8.0,"key":"Bag of Preparation"},{"floor":9.0,"key":"Smiling Mask"},{"floor":14.0,"key":"CeramicFish"},{"floor":22,"key":"Bronze Scales"},{"floor":25,"key":"Nunchaku"},{"floor":26,"key":"Bottled Flame"},{"floor":28,"key":"Girya"},{"floor":28,"key":"Darkstone Periapt"}],"event_choices":[{"damage_healed":0.0,"max_hp_gain":0.0,"max_hp_loss":0.0,"gold_gain":0.0,"event_name":"Transmorgrifier","player_choice":"Ignored","floor":2.0,"gold_loss":0.0,"damage_taken":0.0},{"damage_healed":0.0,"max_hp_gain":0.0,"max_hp_loss":0.0,"gold_gain":0.0,"event_name":"Golden Idol","player_choice":"Take Wound","floor":5.0,"gold_loss":0.0,"damage_taken":0.0,"relics_obtained":["Golden Idol"],"cards_obtained":["Injury"]},{"damage_healed":0.0,"max_hp_gain":0.0,"max_hp_loss":0.0,"gold_gain":0.0,"event_name":"Lab","player_choice":"Got Potions","floor":7.0,"gold_loss":0.0,"damage_taken":0.0},{"damage_healed":0,"gold_gain":0,"player_choice":"Shed Blood","damage_taken":18,"max_hp_gain":5,"max_hp_loss":0,"event_name":"Forgotten Altar","floor":19,"gold_loss":0},{"damage_healed":0,"gold_gain":0,"player_choice":"Ignored","damage_taken":0,"max_hp_gain":0,"max_hp_loss":0,"event_name":"Ghosts","floor":24,"gold_loss":0},{"damage_healed":0,"gold_gain":0,"player_choice":"Fight","damage_taken":0,"max_hp_gain":0,"max_hp_loss":0,"event_name":"Colosseum","floor":28,"gold_loss":0},{"damage_healed":0,"gold_gain":0,"player_choice":"Fought Nobs","damage_taken":0,"max_hp_gain":0,"max_hp_loss":0,"event_name":"Colosseum","floor":28,"gold_loss":0},{"damage_healed":0,"gold_gain":0,"player_choice":"Ignored","damage_taken":0,"max_hp_gain":0,"max_hp_loss":0,"event_name":"Beggar","floor":30,"gold_loss":0}],"is_beta":false,"boss_relics":[{"not_picked":["Snecko Eye","Ectoplasm","Pandora\u0027s Box"]}],"items_purged_floors":[29],"is_endless":false,"potions_floor_spawned":[1,8,10,18,21,31],"killed_by":"Champ","ascension_level":0}}