{"host":"pzqkpx9vzgz8he4w","time":1608341803,"event":{"mods":["2.2 Compatiblity","BaseMod","DeckTracker","Minty Spire (QoL Compilation)","StSLib","The Edgeheg"],"gold_per_floor":[82,82,101,101,20,20,39,71,71,90,90,22,22,42,42,42,42],"floor_reached":16,"playtime":1023,"items_purged":[],"score":100,"play_id":"fa729ee6-8375-4bad-b184-dc2a7015c578","local_time":"20201218203643","is_ascension_mode":false,"campfire_choices":[{"data":"theEdgeheg:CoolExplosion","floor":6,"key":"SMITH"},{"data":"theEdgeheg:Girlfriend","floor":15,"key":"SMITH"}],"circlet_count":0,"master_deck":["theEdgeheg:StarterShootAttack","theEdgeheg:StarterShootAttack","theEdgeheg:StarterDodgeSkill","theEdgeheg:StarterDodgeSkill","theEdgeheg:BloodyKatana","theEdgeheg:ChaosControlSkill","theEdgeheg:GatherChaos","theEdgeheg:DodgeKatana","theEdgeheg:Girlfriend+1","theEdgeheg:CoolExplosion+1","theEdgeheg:Shotgun","theEdgeheg:QuickKatana","theEdgeheg:DashKatana","Iron Wave","theEdgeheg:DrawGun","theEdgeheg:GunFu"],"relics":["theEdgeheg:UltimateLifeformRelic","theEdgeheg:GreenEmeraldRelic","Mummified Hand","Sundial"],"acts_visited":["Exordium"],"potions_floor_usage":[8,8,16,16],"damage_taken":[{"damage":0,"enemies":"Jaw Worm","floor":1,"turns":5},{"damage":0,"enemies":"Small Slimes","floor":3,"turns":5},{"damage":0,"enemies":"Cultist","floor":7,"turns":4},{"damage":1,"enemies":"3 Sentries","floor":8,"turns":6},{"damage":2,"enemies":"Lots of Slimes","floor":10,"turns":2},{"damage":3,"enemies":"Gremlin Gang","floor":14,"turns":5},{"damage":1,"enemies":"Hexaghost","floor":16,"turns":8}],"seed_played":"2551501157458330296","potions_obtained":[{"floor":1,"key":"SpeedPotion"},{"floor":7,"key":"Swift Potion"},{"floor":10,"key":"Weak Potion"},{"floor":14,"key":"DuplicationPotion"}],"is_trial":false,"path_per_floor":["M","?","M","?","$","R","M","E","T","M","?","$","$","M","R","B"],"character_chosen":"THE_DEFAULT","items_purchased":["theEdgeheg:CoolExplosion","theEdgeheg:DrawGun"],"campfire_rested":0,"item_purchase_floors":[5,12],"current_hp_per_floor":[5,5,5,4,4,4,5,5,5,3,3,3,3,2,2,2,2],"gold":42,"neow_bonus":"REMOVE_CARD","is_daily":false,"chose_seed":false,"campfire_upgraded":2,"win_rate":0.0,"timestamp":1608341803,"path_taken":["M","?","M","?","?","R","M","E","T","?","?","?","$","M","R","BOSS"],"items_purchased_type":["Card","Card"],"build_version":"2020-12-13","purchased_purges":0,"victory":false,"max_hp_per_floor":[5,5,5,5,5,5,5,5,5,5,5,5,5,5,5,5,5],"card_choices":[{"not_picked":["theEdgeheg:Butt","theEdgeheg:Heh"],"picked":"theEdgeheg:DodgeKatana","floor":1},{"not_picked":["theEdgeheg:Shotgun","theEdgeheg:EmeraldGirlfriend"],"picked":"theEdgeheg:Girlfriend","floor":3},{"not_picked":["theEdgeheg:BloodyKatana","theEdgeheg:Fastness"],"picked":"theEdgeheg:Shotgun","floor":7},{"not_picked":["theEdgeheg:BloodyKatana","theEdgeheg:Butt"],"picked":"theEdgeheg:QuickKatana","floor":8},{"not_picked":["theEdgeheg:ChaosCards","theEdgeheg:Butt"],"picked":"theEdgeheg:DashKatana","floor":10},{"not_picked":["theEdgeheg:SupersonicSpeed","theEdgeheg:Glare"],"picked":"theEdgeheg:GunFu","floor":14}],"player_experience":135848,"relics_obtained":[{"floor":8,"key":"Mummified Hand"},{"floor":9,"key":"Sundial"}],"event_choices":[{"cards_removed":["theEdgeheg:StarterShootAttack"],"damage_healed":0,"gold_gain":0,"player_choice":"Card Removal","damage_taken":7,"max_hp_gain":0,"max_hp_loss":0,"event_name":"Golden Wing","floor":4,"gold_loss":0},{"cards_removed":["theEdgeheg:StarterDodgeSkill"],"damage_healed":0,"gold_gain":0,"player_choice":"Took Card","damage_taken":0,"max_hp_gain":0,"max_hp_loss":0,"event_name":"NoteForYourself","floor":11,"gold_loss":0,"cards_obtained":["Iron Wave"]}],"is_beta":false,"boss_relics":[],"items_purged_floors":[],"is_endless":false,"potions_floor_spawned":[1,7,10,14],"killed_by":"Hexaghost","ascension_level":0}}