{"host":"4qkvkh7pd9qr2mca","time":1608381952,"event":{"mods":["AchievementEnabler","BaseMod","Colored Map","Colored Powertips","Highlight Path","Minty Spire (QoL Compilation)","Permanent Neow","Quick Restart","StSLib","SuperFastMode"],"gold_per_floor":[366,385,460,179,191,216,216,216,216],"floor_reached":8,"playtime":290,"items_purged":["Strike_G"],"score":112,"play_id":"b1b21cbc-ab65-4d45-ab51-6589f16f2c89","local_time":"20201219134552","is_ascension_mode":true,"campfire_choices":[{"floor":7,"key":"REST"}],"circlet_count":0,"master_deck":["AscendersBane","Strike_G","Strike_G","Strike_G","Strike_G","Defend_G","Defend_G","Defend_G","Defend_G","Defend_G","Survivor","Neutralize","Endless Agony","All Out Attack","Well Laid Plans","Terror","Quick Slash"],"relics":["Ring of the Snake","Anchor","Letter Opener"],"acts_visited":["Exordium"],"potions_floor_usage":[6],"damage_taken":[{"damage":1,"enemies":"Small Slimes","floor":1,"turns":4},{"damage":0,"enemies":"2 Louse","floor":2,"turns":4},{"damage":0,"enemies":"Cultist","floor":5,"turns":4},{"damage":27,"enemies":"3 Sentries","floor":6,"turns":12},{"damage":35,"enemies":"Lagavulin","floor":8,"turns":4}],"seed_played":"-4976720035323244173","potions_obtained":[{"floor":1,"key":"GamblersBrew"}],"is_trial":false,"path_per_floor":["M","M","?","$","M","E","R","E"],"character_chosen":"THE_SILENT","items_purchased":["Anchor","Well Laid Plans"],"campfire_rested":1,"item_purchase_floors":[4,4],"current_hp_per_floor":[58,58,47,47,47,20,38,3,3],"gold":216,"neow_bonus":"TWO_FIFTY_GOLD","is_daily":false,"chose_seed":false,"campfire_upgraded":0,"win_rate":0.0,"timestamp":1608381952,"path_taken":["M","M","?","$","M","E","R","E"],"items_purchased_type":["Relic","Card"],"build_version":"2020-12-13","purchased_purges":1,"victory":false,"max_hp_per_floor":[60,60,60,60,60,60,60,60,60],"card_choices":[{"not_picked":["Bane","Sucker Punch"],"picked":"Endless Agony","floor":1},{"not_picked":["Cloak And Dagger","Accuracy"],"picked":"All Out Attack","floor":2},{"not_picked":["Underhanded Strike","Setup"],"picked":"Terror","floor":5},{"not_picked":["Outmaneuver","Accuracy"],"picked":"Quick Slash","floor":6}],"player_experience":442031,"relics_obtained":[{"floor":6,"key":"Letter Opener"}],"event_choices":[{"damage_healed":0,"gold_gain":75,"player_choice":"Gather Gold","damage_taken":11,"max_hp_gain":0,"max_hp_loss":0,"event_name":"World of Goop","floor":3,"gold_loss":0}],"is_beta":false,"boss_relics":[],"items_purged_floors":[4],"is_endless":false,"potions_floor_spawned":[1],"killed_by":"Lagavulin","ascension_level":20}}