{"host":"en3i0mvpfa3c1sbz","time":1608417664,"event":{"mods":["BaseMod","BetterRewards","Dota2Spire","Downfall","GifTheSpireLib","Hubris","Infinite Spire","Marisa£®ÏF”Í°°ƒß¿Ì…≥£©","Minty Spire (QoL Compilation)","READ ME - Guardian Mod","Replay The Spire","Shop Mod","StSLib","Stuff the Spire","The Administrix","The Factory","The Jungle"],"gold_per_floor":[116,116,116,10,21,55,15,48,100,118,130,130,143,175,175,278,278,288,306,306,319,335,335,335],"floor_reached":23,"playtime":1196,"items_purged":[],"score":286,"play_id":"52e58062-0fde-4fa4-86db-ebcf6e43436f","local_time":"20201220064104","is_ascension_mode":true,"campfire_choices":[{"floor":12.0,"key":"REST"},{"floor":15.0,"key":"RECALL"}],"circlet_count":0,"master_deck":["Strike_B","Strike_B","Strike_B+1","Strike_B","Defend_B","Defend_B","Defend_B","Zap","Dualcast","StuffTheSpire:Rend","Loop+1","Gash","Beam Cell","Crystallizer","Static Discharge","hubris:Ukulele","Rebound","Ball Lightning","Undo","Melter","Time Bomb","Core Surge","Crystallizer","Tempest","hubris:InfiniteBlow+4","Rip and Tear+1","Rebound"],"relics":["Cracked Core","StuffTheSpire:DarkSteelAnvil","StuffTheSpire:GrapeVine","Replay:WaspNest","hubris:Towel","Potion Belt","Replay:Bottled Steam","Dota2Spire:HeartOfTarrasque","hubris:Backtick","m_SpellCore","Dream Catcher"],"acts_visited":["Exordium","TheCity"],"potions_floor_usage":[22],"damage_taken":[{"damage":0.0,"enemies":"2 Louse","floor":1.0,"turns":2.0},{"damage":2.0,"enemies":"Jaw Worm","floor":5.0,"turns":3.0},{"damage":18.0,"enemies":"Gremlin Nob","floor":6.0,"turns":3.0},{"damage":0.0,"enemies":"Lagavulin","floor":8.0,"turns":4.0},{"damage":0.0,"enemies":"Cultist","floor":10.0,"turns":2.0},{"damage":9.0,"enemies":"2 Fungi Beasts","floor":11.0,"turns":3.0},{"damage":0.0,"enemies":"Large Slime","floor":13.0,"turns":4.0},{"damage":16.0,"enemies":"Gremlin Nob","floor":14.0,"turns":3.0},{"damage":11.0,"enemies":"The Guardian","floor":16.0,"turns":7.0},{"damage":0.0,"enemies":"Spheric Guardian","floor":18.0,"turns":2.0},{"damage":8.0,"enemies":"3 Byrds","floor":19.0,"turns":2.0},{"damage":32.0,"enemies":"Snecko","floor":21.0,"turns":4.0},{"damage":17,"enemies":"3 Cultists","floor":22,"turns":4},{"damage":28,"enemies":"Gremlin Leader","floor":23,"turns":2}],"seed_played":"8426621842875846688","potions_obtained":[{"floor":5.0,"key":"Explosive Potion"},{"floor":8.0,"key":"Swift Potion"}],"is_trial":false,"path_per_floor":["M","?","?","$","M","E","$","E","T","M","M","R","M","E","R","B",null,"M","M","AVR","M","M","E"],"character_chosen":"DEFECT","items_purchased":["EssenceOfDarkness","Gash","Beam Cell","hubris:Ukulele"],"campfire_rested":1,"item_purchase_floors":[0,4,4,7],"current_hp_per_floor":[59,59,45,45,43,25,25,25,25,25,16,37,37,29,29,18,78,78,70,70,38,21,0,0],"gold":335,"neow_bonus":"","is_daily":false,"chose_seed":false,"campfire_upgraded":0,"win_rate":0.0,"timestamp":1608417664,"path_taken":["M","?","?","?","M","E","$","E","T","?","M","R","M","E","R","BOSS","M","M","AVR","M","M","E"],"items_purchased_type":["Potion","Card","Card","Card"],"build_version":"2020-12-13","purchased_purges":0,"victory":false,"max_hp_per_floor":[70,70,70,70,70,70,70,70,70,70,70,70,70,78,78,78,78,78,78,78,78,78,78,78],"card_choices":[{"not_picked":["Redo","StuffTheSpire:Rend"],"picked":"Loop","floor":1.0},{"not_picked":["Barrage","Beam Cell"],"picked":"Crystallizer","floor":5.0},{"not_picked":["Beam Cell","Glacier"],"picked":"Static Discharge","floor":6.0},{"not_picked":["Compile Driver","Static Discharge"],"picked":"Rebound","floor":8.0},{"not_picked":["StuffTheSpire:LoadUp","StuffTheSpire:Purify"],"picked":"Ball Lightning","floor":10.0},{"not_picked":["Steam","Aggregate"],"picked":"Undo","floor":11.0},{"not_picked":["BasicCrystalCard","Leap"],"picked":"Melter","floor":13.0},{"not_picked":["Go for the Eyes","StuffTheSpire:SnapShoot"],"picked":"Time Bomb","floor":14.0},{"not_picked":["Creative AI","Machine Learning"],"picked":"Core Surge","floor":16.0},{"not_picked":["Sweeping Beam","Compile Driver"],"picked":"Crystallizer","floor":18.0},{"not_picked":["StuffTheSpire:LoadUp","ReplayTheSpireMod:Repulse"],"picked":"Tempest","floor":19.0},{"not_picked":["Ball Lightning","Defragment"],"picked":"Rip and Tear+1","floor":21.0},{"not_picked":["BasicCrystalCard","StuffTheSpire:Plugnplay"],"picked":"Rebound","floor":22}],"player_experience":300974,"relics_obtained":[{"floor":6.0,"key":"Potion Belt"},{"floor":8.0,"key":"Replay:Bottled Steam"},{"floor":14.0,"key":"Dota2Spire:HeartOfTarrasque"}],"event_choices":[{"damage_healed":0.0,"max_hp_gain":0.0,"max_hp_loss":0.0,"gold_gain":0.0,"event_name":"Shining Light","player_choice":"Entered Light","floor":3.0,"gold_loss":0.0,"damage_taken":14.0,"cards_upgraded":["Loop","Strike_B"]}],"is_beta":false,"boss_relics":[{"not_picked":["SacredBark","Ring of Chaos"],"picked":"hubris:Backtick"}],"items_purged_floors":[],"is_endless":false,"potions_floor_spawned":[5,8],"killed_by":"Gremlin Leader","ascension_level":4}}