{"host":"121m0oxswv9tg9hk","time":1608403709,"event":{"mods":["AchievementEnabler","BaseMod","Better Third Choice","Downfall","Hermit","Hubris","Infinite Spire","MarisaÅiñ∂âJÅ@ñÇóùçπÅj","Minty Spire (QoL Compilation)","Replay The Spire","Shade Mod","StSLib","The Construct","The Cursed","The Gatherer","The Hierophant","The Mystic"],"gold_per_floor":[99,134,59,69,95,95,95,95,108,108,18,18,3,21,35,139,139,139,149,249,283,283,344,344,377,397,423,441,453,521,536,554,659,659,584,611,366,416,516,566,647,662,689,614,626,676,693,592,602,602,602,627,480,480,480],"floor_reached":56,"playtime":4346,"items_purged":["hexamod:Defend","hexamod:Sear"],"score":2163,"play_id":"76de5036-f44b-49eb-b7f7-dc030bb96c16","local_time":"20201219194829","is_ascension_mode":true,"campfire_choices":[{"floor":1.0,"key":"RECALL"},{"floor":3.0,"key":"REST"},{"floor":10.0,"key":"REST"},{"floor":18,"key":"REST"},{"floor":22,"key":"REST"},{"floor":35,"key":"REST"},{"floor":44,"key":"REST"},{"floor":54,"key":"REST"}],"circlet_count":0,"master_deck":["hexamod:Strike","hexamod:Strike","hexamod:Strike","hexamod:Defend","hexamod:Defend","hexamod:Defend","hexamod:Float","hexamod:StepThrough","hexamod:Hexaguard","infinitespire:Collect+1","hexamod:TimeOfNeed"],"relics":["Fusion Hammer","Simple Rune","downfall:HeartBlessingRed","Iron Hammer","infinitespire:EmpoweringShard","FossilizedHelix","hubris:ScarierMask","downfall:CloakOfManyFaces","CultistMask","FaceOfCleric","NlothsMask","GremlinMask","SsserpentHead","Blood Vial","Singing Bowl","hubris:BottledRain","Velvet Choker","downfall:HeartBlessingGreen","infinitespire:CheckeredPen","hubris:EmptyBottle","hexamod:SoulOfChaos","Replay:Bottled Flurry","downfall:HeartBlessingBlue","Medical Kit","sneckomod:BlankCard","Cauldron"],"acts_visited":["Exordium","TheCity","TheBeyond","TheEnding"],"potions_floor_usage":[27,30,36,36,55,55],"damage_taken":[{"damage":23.0,"enemies":"Lagavulin","floor":2.0,"turns":7.0},{"damage":0.0,"enemies":"Jaw Worm","floor":4.0,"turns":3.0},{"damage":8.0,"enemies":"Gremlin Nob","floor":5.0,"turns":4.0},{"damage":0.0,"enemies":"Small Slimes","floor":9.0,"turns":2.0},{"damage":0.0,"enemies":"downfall:FleeingMerchant","floor":11.0,"turns":4.0},{"damage":0.0,"enemies":"downfall:FleeingMerchant","floor":13.0,"turns":4.0},{"damage":0.0,"enemies":"downfall:FleeingMerchant","floor":14.0,"turns":1.0},{"damage":0.0,"enemies":"2 Louse","floor":15.0,"turns":2.0},{"damage":0.0,"enemies":"downfall:Ironclad","floor":16.0,"turns":4.0},{"damage":0,"enemies":"Shell Parasite","floor":19,"turns":3},{"damage":0,"enemies":"downfall:FaceTrader","floor":20,"turns":3},{"damage":0,"enemies":"Book of Stabbing","floor":21,"turns":4},{"damage":0,"enemies":"Chosen and Byrds","floor":23,"turns":3},{"damage":0,"enemies":"Replay:Snechameleon","floor":25,"turns":5},{"damage":0,"enemies":"Cultist and Chosen","floor":26,"turns":3},{"damage":10,"enemies":"Book of Stabbing","floor":27,"turns":4},{"damage":0,"enemies":"Shelled Parasite and Fungi","floor":28,"turns":3},{"damage":0,"enemies":"3 Cultists","floor":29,"turns":3},{"damage":14,"enemies":"Snecko","floor":30,"turns":6},{"damage":0,"enemies":"Centurion and Healer","floor":31,"turns":3},{"damage":0,"enemies":"Snake Plant","floor":32,"turns":4},{"damage":8,"enemies":"downfall:Defect","floor":33,"turns":9},{"damage":0,"enemies":"R_Hoarder","floor":36,"turns":7},{"damage":0,"enemies":"2 Orb Walkers","floor":39,"turns":3},{"damage":0,"enemies":"3 Shapes","floor":42,"turns":3},{"damage":52,"enemies":"Nemesis","floor":43,"turns":7},{"damage":0,"enemies":"3 Darklings","floor":45,"turns":3},{"damage":0,"enemies":"Jaw Worm Horde","floor":47,"turns":3},{"damage":0,"enemies":"Maw","floor":49,"turns":6},{"damage":0,"enemies":"downfall:Watcher","floor":50,"turns":6},{"damage":3,"enemies":"downfall:CharBossMerchant","floor":52,"turns":10},{"damage":0,"enemies":"downfall:NeowBoss","floor":55,"turns":16}],"seed_played":"6213462743454211516","potions_obtained":[{"floor":4.0,"key":"construct:ShiftPotion"},{"floor":5.0,"key":"Venom Potion"},{"floor":16.0,"key":"Regen Potion"},{"floor":28,"key":"sneckomod:MuddlingPotion"},{"floor":42,"key":"Reflective Coating"},{"floor":47,"key":"Block Potion"},{"floor":53,"key":"EntropicBrew"}],"is_trial":false,"path_per_floor":["R","E","R","M","E","?","T","?","M","R","$","?","$","$","M","B",null,"R","M","?","E","R","M","T","E","M","E","M","M","M","M","M","B",null,"R","E","$","?","?","?","T","M","E","R","M","?","M","$","M","B",null,"E","$","R","B",null],"character_chosen":"THE_SPIRIT","items_purchased":["FossilizedHelix","hubris:EmptyBottle","Medical Kit","Cauldron"],"campfire_rested":7,"item_purchase_floors":[14,37,48,53],"current_hp_per_floor":[63,40,61,61,53,36,36,36,36,57,57,70,70,70,70,70,70,70,70,70,71,71,72,72,75,78,71,76,81,72,77,82,79,94,99,102,102,102,105,105,105,108,59,105,110,110,115,115,120,123,129,131,131,134,135],"gold":480,"neow_bonus":"BOSS_RELIC","is_daily":false,"chose_seed":false,"campfire_upgraded":0,"win_rate":0.0,"timestamp":1608403709,"path_taken":["R","E","R","M","E","?","T","?","M","R","?","?","$","$","M","BOSS","R","M","?","E","R","?","T","E","M","E","M","M","?","M","M","BOSS","R","E","$","?","?","?","T","M","E","R","M","?","M","?","M","BOSS","E","$","R","BOSS"],"items_purchased_type":["Relic","Relic","Relic","Relic"],"build_version":"2020-12-13","purchased_purges":2,"victory":true,"max_hp_per_floor":[70,70,70,70,70,70,70,70,70,70,70,70,70,70,70,70,70,70,70,70,71,71,72,72,75,78,81,84,87,90,93,96,99,99,99,102,102,102,105,105,105,108,111,121,124,124,127,127,130,131,131,134,134,134,135],"card_choices":[{"not_picked":["hexamod:HeatShield","hexamod:EmpoweredFlame"],"picked":"hexamod:StepThrough","floor":2.0},{"not_picked":["hexamod:BurningTouch","hexamod:HeatCrush"],"picked":"hexamod:Hexaguard","floor":4.0},{"not_picked":["hexamod:SearingWound","hexamod:Haunt","hexamod:RainOfEmbers"],"picked":"SKIP","floor":5.0},{"not_picked":["ReplayTheSpireMod:Chaos Vortex","infinitespire:Menacing"],"picked":"infinitespire:Collect","floor":6.0},{"not_picked":["hexamod:FastForward","hexamod:BacktrackSmack","hexamod:SpectralAdrenaline"],"picked":"SKIP","floor":9.0},{"not_picked":["hexamod:RetreatToShadows","hexamod:PhantomCloak","hexamod:GhostLash"],"picked":"SKIP","floor":11.0},{"not_picked":["hexamod:NightmareGuise","hexamod:SwordOfDarkness","hexamod:Hexaguard"],"picked":"SKIP","floor":13.0},{"not_picked":["hexamod:AdvancingGuard","hexamod:HauntingEcho","hexamod:SwordOfDarkness"],"picked":"SKIP","floor":14.0},{"not_picked":["hexamod:GhostOfSpireFuture","hexamod:NightmareGuise","hexamod:RainOfEmbers"],"picked":"SKIP","floor":15.0},{"not_picked":["hexamod:Toasty","hexamod:EmpoweringStance"],"picked":"hexamod:TimeOfNeed","floor":16.0},{"not_picked":["hexamod:InspiringFlames","hexamod:SpectersWail","hexamod:HeatMetal+1"],"picked":"SKIP","floor":19},{"not_picked":["hexamod:FastForward","hexamod:ShieldOfDarkness+1","hexamod:GhostflameInferno"],"picked":"SKIP","floor":21},{"not_picked":["hexamod:FastForward","hexamod:ShieldOfDarkness+1","hexamod:GhostflameInferno"],"picked":"SKIP","floor":21},{"not_picked":["hexamod:DynamicBlow","hexamod:NightmareStrike+1","hexamod:CatchUp+1"],"picked":"SKIP","floor":23},{"not_picked":["hexamod:ShieldOfDarkness","hexamod:RecurringNightmare","hexamod:Hexaguard"],"picked":"Singing Bowl","floor":25},{"not_picked":["hexamod:AdvancingGuard+1","hexamod:BacktrackSmack+1","hexamod:BurningTouch"],"picked":"Singing Bowl","floor":26},{"not_picked":["hexamod:ThermalTransfer+1","hexamod:HauntingEcho","hexamod:TimeOfNeed"],"picked":"Singing Bowl","floor":27},{"not_picked":["hexamod:AdvancingGuard+1","hexamod:SpectersWail+1","hexamod:InspiringFlames"],"picked":"Singing Bowl","floor":28},{"not_picked":["hexamod:Hexaguard+1","hexamod:ShieldOfDarkness+1","hexamod:InspiringFlames"],"picked":"Singing Bowl","floor":29},{"not_picked":["hexamod:PowerFromBeyond+1","hexamod:Rewind","hexamod:ShieldOfDarkness"],"picked":"Singing Bowl","floor":30},{"not_picked":["hexamod:HeatShield","hexamod:AdvancingGuard","hexamod:EmpoweredFlame"],"picked":"Singing Bowl","floor":31},{"not_picked":["hexamod:SearingWound","hexamod:FlamesFromBeyond","hexamod:SwordOfDarkness+1"],"picked":"Singing Bowl","floor":32},{"not_picked":["hexamod:FifthSeal","hexamod:WildfireWeapon","hexamod:CrushingStance"],"picked":"Singing Bowl","floor":33},{"not_picked":["hexamod:ShieldOfDarkness+1","hexamod:RecurringNightmare+1","hexamod:VolcanoVisage"],"picked":"Singing Bowl","floor":36},{"not_picked":["hexamod:GhostLash+1","hexamod:ShieldOfDarkness","hexamod:GhostShield"],"picked":"Singing Bowl","floor":39},{"not_picked":["hexamod:SuperheatedStrike","hexamod:CatchUp+1","hexamod:Hexaguard"],"picked":"Singing Bowl","floor":42},{"not_picked":["hexamod:ShieldOfDarkness","hexamod:SpectralSpark+1","hexamod:ThermalTransfer+1"],"picked":"Singing Bowl","floor":43},{"not_picked":["hexamod:SecondSeal","hexamod:SpectersWail+1","hexamod:StepThrough+1"],"picked":"Singing Bowl","floor":45},{"not_picked":["hexamod:HeatMetal+1","hexamod:ChargedBarrage","hexamod:FastForward+1"],"picked":"Singing Bowl","floor":47},{"not_picked":["hexamod:SpectralAdrenaline","hexamod:InspiringFlames","hexamod:HauntingEcho+1"],"picked":"Singing Bowl","floor":49},{"not_picked":["hexamod:ChargedBarrage+1","hexamod:Again+1","hexamod:StepThrough"],"picked":"Singing Bowl","floor":52}],"player_experience":2877659,"relics_obtained":[{"floor":2.0,"key":"Simple Rune"},{"floor":5.0,"key":"Iron Hammer"},{"floor":7.0,"key":"infinitespire:EmpoweringShard"},{"floor":20,"key":"downfall:CloakOfManyFaces"},{"floor":21,"key":"Blood Vial"},{"floor":25,"key":"Singing Bowl"},{"floor":27,"key":"hubris:BottledRain"},{"floor":36,"key":"infinitespire:CheckeredPen"},{"floor":39,"key":"hexamod:SoulOfChaos"},{"floor":43,"key":"Replay:Bottled Flurry"},{"floor":52,"key":"sneckomod:BlankCard"}],"event_choices":[{"cards_removed":["hexamod:Strike"],"damage_healed":0.0,"max_hp_gain":0.0,"max_hp_loss":0.0,"gold_gain":0.0,"event_name":"The Cleric","player_choice":"Card Removal","floor":8.0,"gold_loss":0.0,"damage_taken":0.0},{"damage_healed":23.0,"max_hp_gain":0.0,"max_hp_loss":0.0,"gold_gain":0.0,"event_name":"Big Fish","player_choice":"Banana","floor":12.0,"gold_loss":0.0,"damage_taken":0.0},{"damage_healed":0,"gold_gain":0,"player_choice":"Fight","damage_taken":0,"max_hp_gain":0,"max_hp_loss":0,"event_name":"Mysterious Sphere","floor":39,"gold_loss":0}],"is_beta":false,"boss_relics":[{"not_picked":["SlaversCollar","Astrolabe"],"picked":"hubris:ScarierMask"},{"not_picked":["Runic Dome","Sozu"],"picked":"Velvet Choker"}],"items_purged_floors":[11,37],"is_endless":false,"potions_floor_spawned":[4,5,16,19,21,23,28,42,47,49],"ascension_level":7}}