{"host":"qwp6882a7gaon7u5","time":1608386942,"event":{"mods":["BaseMod","BetterRewards","Minty Spire (QoL Compilation)","Red Circlet Mod","Replay The Spire","Spicy Shops","StSLib","Youmu£®ªÍ∆«—˝√Œ£©","°æ“≈ŒÔø®≈∆°øREMEMod"],"gold_per_floor":[112,131,131,306,323,356,356,371,397,432,455,464,474,502,502,614,641,666,679,679,703,703,703,742,742,811,838,858,65,65,65,65,173,173,185,210,224,244,263,297,13,40,65,65,82,111,144,153,153,153],"floor_reached":51,"playtime":4599,"items_purged":["Defend_YM","Strike_YM","Strike_YM"],"score":1228,"play_id":"de211308-297e-454c-9bc8-9af13ad9ccef","local_time":"20201219220902","is_ascension_mode":false,"campfire_choices":[{"floor":7.0,"key":"REST"},{"data":"HeartExcerptSlash","floor":15.0,"key":"SMITH"},{"data":"SlashOfSaigyouSpringWind","floor":23,"key":"SMITH"},{"data":"HiganSword","floor":25,"key":"SMITH"},{"data":"Deep Breath","floor":30,"key":"SMITH"},{"floor":32,"key":"DIG"},{"data":"MatsuyoiReflectingSatelliteSlash","floor":44,"key":"SMITH"},{"floor":49,"key":"DIG"}],"circlet_count":0,"master_deck":["Strike_YM","Defend_YM","Defend_YM","Defend_YM","SlashOfPresentWorld","WheelOfPainOfLivingAndDead","FantasyOfEnteringEnlightenment+1","HellFireSword","HiganSword+1","HeartExcerptSlash+1","PretaSword","SpiritCuttingSword","SlashOfSaigyouSpringWind+1","Parasite","Voices","Spreading Infection","SlashClearingTheSixSenses","SanzenSekai","CrescentMoonSlash+1","LightFlashOfTheNetherworld+1","Poisoned Strike","Finesse","Deep Breath+1","StrangeHalfBody","SlashOfAscensionToBuddhahood","SpiderLilyBurial+1","SwordExtraction+1","MatsuyoiReflectingSatelliteSlash+1","Parasite","Writhe"],"relics":["HalfPhantom","REME_ComplimentaryCards","ReplayTheSpireMod:CursedCoin","Bag of Marbles","HandDrill","Incense Burner","ReplayFunnel","Boot","CeramicFish","Lantern","Ring of Peace","ReplayTheSpireMod:Ring of Addiction","White Beast Statue","SacredBark","Ancient Tea Set","Astrolabe","Chameleon Ring","ReplayTheSpireMod:ShopPack","Pear","FossilizedHelix","Nloth\u0027s Gift","Gambling Chip","ReplayTheSpireMod:DimensionalGlitch","MawBank","PreservedInsect","Sling","Akabeko","Replay:Wax Seal","Golden Egg"],"acts_visited":["Exordium","TheCity","TheBeyond"],"potions_floor_usage":[18,24,27,37,38,42,45,46,47,50,50],"damage_taken":[{"damage":0.0,"enemies":"Small Slimes","floor":1.0,"turns":3.0},{"damage":3.0,"enemies":"2 Louse","floor":2.0,"turns":2.0},{"damage":1.0,"enemies":"Cultist","floor":5.0,"turns":4.0},{"damage":11.0,"enemies":"Lagavulin","floor":6.0,"turns":4.0},{"damage":0.0,"enemies":"Large Slime","floor":8.0,"turns":5.0},{"damage":13.0,"enemies":"Gremlin Nob","floor":10.0,"turns":4.0},{"damage":13.0,"enemies":"Exordium Thugs","floor":11.0,"turns":4.0},{"damage":0.0,"enemies":"Lots of Slimes","floor":13.0,"turns":2.0},{"damage":1.0,"enemies":"3 Sentries","floor":14.0,"turns":5.0},{"damage":0.0,"enemies":"Slime Boss","floor":16.0,"turns":8.0},{"damage":0,"enemies":"Spheric Guardian","floor":18,"turns":1},{"damage":0,"enemies":"Chosen","floor":19,"turns":4},{"damage":0,"enemies":"Snecko","floor":21,"turns":5},{"damage":0,"enemies":"Gremlin Leader","floor":24,"turns":4},{"damage":0,"enemies":"Centurion and Healer","floor":27,"turns":4},{"damage":2,"enemies":"Cultist and Chosen","floor":28,"turns":5},{"damage":7,"enemies":"Automaton","floor":33,"turns":6},{"damage":0,"enemies":"3 Shapes","floor":35,"turns":4},{"damage":6,"enemies":"3 Darklings","floor":36,"turns":3},{"damage":0,"enemies":"Transient","floor":37,"turns":5},{"damage":0,"enemies":"Writhing Mass","floor":38,"turns":3},{"damage":0,"enemies":"Maw","floor":39,"turns":5},{"damage":0,"enemies":"Nemesis","floor":40,"turns":5},{"damage":0,"enemies":"Jaw Worm Horde","floor":42,"turns":2},{"damage":0,"enemies":"Transient","floor":45,"turns":5},{"damage":0,"enemies":"Writhing Mass","floor":46,"turns":2},{"damage":0,"enemies":"R_Hoarder","floor":47,"turns":4},{"damage":22,"enemies":"Awakened One","floor":50,"turns":11}],"seed_played":"-7754731127880036341","potions_obtained":[{"floor":1.0,"key":"Strength Potion"},{"floor":5.0,"key":"GamblersBrew"},{"floor":6.0,"key":"SwordSoul"},{"floor":10.0,"key":"Doom Potion"},{"floor":11.0,"key":"Swift Potion"},{"floor":12.0,"key":"DistilledChaos"},{"floor":12.0,"key":"Strength Potion"},{"floor":14.0,"key":"DuplicationPotion"},{"floor":18,"key":"SpeedPotion"},{"floor":19,"key":"Block Potion"},{"floor":21,"key":"CausticAgent"},{"floor":24,"key":"Milkshake"},{"floor":27,"key":"Explosive Potion"},{"floor":33,"key":"SkillPotion"},{"floor":36,"key":"Death Potion"},{"floor":37,"key":"Weak Potion"},{"floor":38,"key":"Strength Potion"},{"floor":39,"key":"Death Potion"},{"floor":42,"key":"Toxic Potion"},{"floor":45,"key":"PowerPotion"},{"floor":46,"key":"Languid Potion"},{"floor":47,"key":"Elixir"}],"is_trial":false,"path_per_floor":["M","M","?","?","M","E","R","M","T","E","M","?","M","E","R","B",null,"M","M","?","M","?","R","E","R","T","M","M","$","R","?","R","B",null,"M","M","M","M","M","E","$","M","T","R","M","M","E","?","R","B",null],"character_chosen":"YOUMU","items_purchased":["FantasyOfEnteringEnlightenment+1","ReplayTheSpireMod:CursedCoin","Bag of Marbles","HandDrill","Incense Burner","ReplayFunnel","HellFireSword","ReplayTheSpireMod:ShopPack","Pear","FossilizedHelix","PreservedInsect","Sling"],"campfire_rested":1,"item_purchase_floors":[0,0,0,0,0,0,0,29,29,29,41,41],"current_hp_per_floor":[52,49,42,42,41,30,52,52,52,39,26,26,26,25,25,25,75,75,75,85,85,83,83,97,97,97,97,95,105,105,105,105,98,103,103,97,97,97,97,97,97,97,97,97,97,97,97,99,99,77],"gold":153,"neow_bonus":"","is_daily":false,"chose_seed":false,"campfire_upgraded":5,"win_rate":0.0,"timestamp":1608386942,"path_taken":["M","M","?","?","M","E","R","M","T","E","M","?","M","E","R","BOSS","M","M","?","?","?","R","E","R","T","M","M","?","R","?","R","BOSS","M","?","M","M","M","E","?","M","T","R","M","M","E","?","R","BOSS"],"items_purchased_type":["Card","Relic","Relic","Relic","Relic","Relic","Card","Relic","Relic","Relic","Relic","Relic"],"build_version":"2020-12-13","purchased_purges":3,"victory":true,"max_hp_per_floor":[75,75,75,75,75,75,75,75,75,75,75,75,75,75,75,75,75,75,75,85,85,83,83,97,97,97,97,97,107,107,105,105,105,103,103,103,101,101,101,101,101,99,99,99,99,99,99,99,99,99],"card_choices":[{"not_picked":["FlashingScatteredFlowers","SlashOfMeditation"],"picked":"HiganSword","floor":1.0},{"not_picked":["TenKingsRetributionOnThePreta","BloodOfAsura"],"picked":"HeartExcerptSlash","floor":2.0},{"not_picked":["SwordOfBindingDesires","TurningAngelCut","TransmigrationSlash"],"picked":"SKIP","floor":5.0},{"not_picked":["GhostSword","ThreeKonsSevenHakus","SwordOfBindingDesires"],"picked":"SKIP","floor":6.0},{"not_picked":["BloodOfAsura","HellFireSword"],"picked":"PretaSword","floor":8.0},{"not_picked":["TwoHundredYojanaInOneSlash","SwordOfBindingDesires","SlashOfDelusionalInnerEye"],"picked":"SKIP","floor":10.0},{"not_picked":["TenKingsRetributionOnThePreta","HumanKnowledgeSword"],"picked":"SpiritCuttingSword","floor":11.0},{"not_picked":["TenKingsRetributionOnThePreta","CrescentMoonSlash","ObsessionWithThePresentWorld"],"picked":"SKIP","floor":13.0},{"not_picked":["TenKingsRetributionOnThePreta","HumanRealmSword","CrescentMoonSlash"],"picked":"SKIP","floor":14.0},{"not_picked":["CherryBlossomSword","DeadlyForm"],"picked":"SlashOfSaigyouSpringWind","floor":16.0},{"not_picked":["HumanKnowledgeSword+1","LowerRealmReflectionSlash"],"picked":"SlashClearingTheSixSenses","floor":18},{"not_picked":["HellGodSword","SwordOfBindingDesires","ObsessionWithThePresentWorld"],"picked":"SKIP","floor":19},{"not_picked":["ConstancyOfTheConventionalTruth+1","ThreeKonsSevenHakus"],"picked":"SanzenSekai","floor":21},{"not_picked":["SpiderLilyBurial","HeavenlyHaloSlash"],"picked":"CrescentMoonSlash+1","floor":24},{"not_picked":["SpiderLilyBurial","ObsessionSword"],"picked":"LightFlashOfTheNetherworld+1","floor":27},{"not_picked":["HeavenlyHaloSlash+1","ThoughtCuttingSword","PhosphoricSlash"],"picked":"SKIP","floor":28},{"not_picked":["The Bomb","REME_ProfessionalPlagiarism"],"picked":"Poisoned Strike","floor":29},{"not_picked":["Good Instincts","ReplayTheSpireMod:Trickstab"],"picked":"Finesse","floor":29},{"not_picked":["REME_TwoStrings","Good Instincts"],"picked":"Deep Breath","floor":29},{"not_picked":["MatsuyoiReflectingSatelliteSlash","WickedSoul"],"picked":"StrangeHalfBody","floor":33},{"not_picked":["SwordOfBindingDesires","SanzenSekai+1","TwoHundredYojanaInOneSlash"],"picked":"SKIP","floor":35},{"not_picked":["HellFireSword","CrescentMoonSlash"],"picked":"SlashOfAscensionToBuddhahood","floor":36},{"not_picked":["SlashOfAscensionToBuddhahood+1","WickedSoul","CherryBlossomFlashing+1"],"picked":"SKIP","floor":37},{"not_picked":["FlashingScatteredFlowers+1","LifeCuttingSword+1"],"picked":"SpiderLilyBurial+1","floor":38},{"not_picked":["ConstancyOfTheConventionalTruth+1","DeadlyForm"],"picked":"SwordExtraction+1","floor":39},{"not_picked":["AsuraSword","LightFlashOfTheNetherworld","DoubleWheelOfPain"],"picked":"SKIP","floor":40},{"not_picked":["PhosphoricSlash+1","CrescentMoonSlash+1"],"picked":"MatsuyoiReflectingSatelliteSlash","floor":42},{"not_picked":["HeavenlyHaloSlash","ThreeKonsSevenHakus","RapidSlash"],"picked":"SKIP","floor":45},{"not_picked":["TwoHundredYojanaInOneSlash+1","SpiritCuttingSword","FantasyOfEnteringEnlightenment+1"],"picked":"SKIP","floor":46},{"not_picked":["PretaSword","SlashOfDepartureFromHesitation","FantasyOfEnteringEnlightenment+1"],"picked":"SKIP","floor":47}],"player_experience":147746,"relics_obtained":[{"floor":6.0,"key":"Boot"},{"floor":9.0,"key":"CeramicFish"},{"floor":10.0,"key":"Lantern"},{"floor":12.0,"key":"Ring of Peace"},{"floor":12.0,"key":"ReplayTheSpireMod:Ring of Addiction"},{"floor":12.0,"key":"White Beast Statue"},{"floor":12.0,"key":"SacredBark"},{"floor":14.0,"key":"Ancient Tea Set"},{"floor":24,"key":"Mango"},{"floor":26,"key":"Chameleon Ring"},{"floor":32,"key":"Gambling Chip"},{"floor":40,"key":"MawBank"},{"floor":43,"key":"Akabeko"},{"floor":47,"key":"Replay:Wax Seal"},{"floor":49,"key":"Golden Egg"}],"event_choices":[{"cards_removed":["Strike_YM"],"damage_healed":0.0,"max_hp_gain":0.0,"max_hp_loss":0.0,"gold_gain":0.0,"event_name":"Golden Wing","player_choice":"Card Removal","floor":3.0,"gold_loss":0.0,"damage_taken":7.0},{"damage_healed":0.0,"max_hp_gain":0.0,"max_hp_loss":0.0,"gold_gain":175.0,"event_name":"Liars Game","player_choice":"AGREE","floor":4.0,"gold_loss":0.0,"damage_taken":0.0,"cards_obtained":["Doubt"]},{"cards_removed":["ReplayTheSpireMod:Necrogeddon"],"damage_healed":0,"gold_gain":0,"player_choice":"Offered Rare","damage_taken":0,"max_hp_gain":10,"max_hp_loss":0,"event_name":"Bonfire Elementals","floor":20,"gold_loss":0},{"damage_healed":0,"gold_gain":0,"player_choice":"Bought 0 Potions","damage_taken":0,"max_hp_gain":0,"max_hp_loss":0,"event_name":"The Woman in Blue","floor":22,"gold_loss":0},{"damage_healed":0,"gold_gain":0,"player_choice":"Traded Relic","damage_taken":0,"relics_obtained":["Nloth\u0027s Gift"],"max_hp_gain":0,"max_hp_loss":0,"event_name":"N\u0027loth","floor":31,"relics_lost":["Mango"],"gold_loss":0},{"damage_healed":25,"gold_gain":0,"player_choice":"Writhe","damage_taken":0,"max_hp_gain":0,"max_hp_loss":0,"event_name":"Winding Halls","floor":48,"gold_loss":0,"cards_obtained":["Writhe"]}],"is_beta":false,"boss_relics":[{"not_picked":["Fusion Hammer","Runic Dome"],"picked":"Astrolabe"},{"not_picked":["Tiny House","Replay:Bronze Core"],"picked":"ReplayTheSpireMod:DimensionalGlitch"}],"items_purged_floors":[0,29,29],"is_endless":false,"potions_floor_spawned":[1,5,6,10,11,13,14,16,18,19,21,24,27,28,33,35,36,37,38,39,40,42,45,46,47],"ascension_level":0}}