{"host":"3jpwrwmmgyabjceh","time":1608402723,"event":{"mods":["AchievementEnabler","BaseMod","Colored Map","Colored Powertips","Highlight Path","Minty Spire (QoL Compilation)","StSLib"],"gold_per_floor":[213,230,230,10,26,26,40,40,40,40,70,82,93,112,112,208,208,224,299,309,224,74,74,99,117,117,117,117,152,170,196,196,296,346,366,366,416,436,436,468,468,484,484,484,484],"floor_reached":44,"playtime":2502,"items_purged":["Strike_B","Strike_B"],"score":538,"play_id":"cd0ebcca-d3bf-4849-aa0d-9eab3237ded8","local_time":"20201219213203","is_ascension_mode":true,"campfire_choices":[{"data":"Self Repair","floor":6.0,"key":"SMITH"},{"data":"Hologram","floor":8.0,"key":"SMITH"},{"data":"Self Repair","floor":15.0,"key":"SMITH"},{"data":"Hologram","floor":23,"key":"SMITH"},{"floor":27,"key":"REST"},{"data":"J.A.X.","floor":32,"key":"SMITH"},{"floor":41,"key":"RECALL"}],"circlet_count":0,"master_deck":["Defend_B","Defend_B","Defend_B","Defend_B+1","Zap","Dualcast","Leap+1","Gash+1","Self Repair+1","Gash","Hologram+1","Self Repair+1","Scrape+1","Hologram+1","Streamline","All For One","Conserve Battery","Streamline","All For One","J.A.X.+1","Stack","Redo+1","Gash","All For One","Glacier","Loop+1","Reprogram+1","Redo+1","BootSequence","Scrape"],"relics":["Cracked Core","Kunai","Pantograph","Empty Cage","Eternal Feather","Toy Ornithopter","DataDisk","Red Mask","Lizard Tail","Tiny House","Gambling Chip","Cables"],"acts_visited":["Exordium","TheCity","TheBeyond"],"potions_floor_usage":[20,31,33,35,40,40,42],"damage_taken":[{"damage":7.0,"enemies":"Jaw Worm","floor":1.0,"turns":3.0},{"damage":3.0,"enemies":"Small Slimes","floor":2.0,"turns":4.0},{"damage":0.0,"enemies":"2 Louse","floor":5.0,"turns":2.0},{"damage":4.0,"enemies":"Large Slime","floor":7.0,"turns":5.0},{"damage":12.0,"enemies":"Lots of Slimes","floor":12.0,"turns":4.0},{"damage":16.0,"enemies":"Exordium Wildlife","floor":13.0,"turns":4.0},{"damage":3.0,"enemies":"Blue Slaver","floor":14.0,"turns":5.0},{"damage":33.0,"enemies":"Slime Boss","floor":16.0,"turns":10.0},{"damage":38.0,"enemies":"3 Byrds","floor":18.0,"turns":6.0},{"damage":20,"enemies":"Shell Parasite","floor":20,"turns":5},{"damage":36,"enemies":"Gremlin Leader","floor":24,"turns":9},{"damage":36,"enemies":"Shelled Parasite and Fungi","floor":25,"turns":6},{"damage":46,"enemies":"Masked Bandits","floor":29,"turns":4},{"damage":6,"enemies":"Snecko","floor":30,"turns":4},{"damage":48,"enemies":"Slavers","floor":31,"turns":8},{"damage":47,"enemies":"Automaton","floor":33,"turns":10},{"damage":7,"enemies":"Orb Walker","floor":35,"turns":6},{"damage":18,"enemies":"Mind Bloom Boss Battle","floor":37,"turns":7},{"damage":3,"enemies":"3 Shapes","floor":38,"turns":7},{"damage":98,"enemies":"Reptomancer","floor":40,"turns":7},{"damage":47,"enemies":"Sphere and 2 Shapes","floor":42,"turns":5},{"damage":43,"enemies":"Giant Head","floor":44,"turns":7}],"seed_played":"5674425667049830875","potions_obtained":[{"floor":2.0,"key":"Dexterity Potion"},{"floor":7.0,"key":"PotionOfCapacity"},{"floor":13.0,"key":"SpeedPotion"},{"floor":14.0,"key":"LiquidMemories"},{"floor":16.0,"key":"BlessingOfTheForge"},{"floor":18.0,"key":"DistilledChaos"},{"floor":29,"key":"EssenceOfSteel"},{"floor":31,"key":"Dexterity Potion"},{"floor":34,"key":"Dexterity Potion"},{"floor":37,"key":"DistilledChaos"},{"floor":38,"key":"Fire Potion"},{"floor":40,"key":"BlessingOfTheForge"}],"is_trial":false,"path_per_floor":["M","M","?","$","M","R","M","R","T","?","?","M","M","M","R","B",null,"M","?","M","?","$","R","E","M","T","R","?","?","M","E","R","B",null,"M","?","?","M","?","E","R","M","T","E"],"character_chosen":"DEFECT","items_purchased":["Self Repair","Gash","Hologram","Streamline"],"campfire_rested":1,"item_purchase_floors":[4,4,4,22],"current_hp_per_floor":[68,65,50,50,50,50,56,56,56,56,56,61,62,75,75,62,75,57,50,50,50,50,59,43,27,27,61,61,35,49,26,38,41,80,80,80,80,80,80,50,65,43,43,0,0],"gold":484,"neow_bonus":"HUNDRED_GOLD","is_daily":false,"chose_seed":false,"campfire_upgraded":5,"win_rate":0.0,"timestamp":1608402723,"path_taken":["M","M","?","$","M","R","M","R","T","?","?","M","M","M","R","BOSS","M","?","?","?","$","R","E","M","T","R","?","?","M","E","R","BOSS","M","?","?","M","?","E","R","M","T","E"],"items_purchased_type":["Card","Card","Card","Card"],"build_version":"2020-12-13","purchased_purges":2,"victory":false,"max_hp_per_floor":[75,75,75,75,75,75,75,75,75,75,75,75,75,75,75,75,75,75,75,75,75,75,75,75,75,75,75,75,75,75,75,75,75,80,80,80,80,80,80,80,80,80,80,80,80],"card_choices":[{"not_picked":["Rip and Tear","Turbo"],"picked":"Leap","floor":1.0},{"not_picked":["Go for the Eyes","Heatsinks"],"picked":"Gash","floor":2.0},{"not_picked":["Compile Driver","Rebound","Capacitor"],"picked":"SKIP","floor":5.0},{"not_picked":["Aggregate","Ball Lightning"],"picked":"Self Repair","floor":7.0},{"not_picked":["Sweeping Beam","Turbo"],"picked":"Scrape","floor":12.0},{"not_picked":["Chaos","Stack"],"picked":"Hologram","floor":13.0},{"not_picked":["Conserve Battery","Storm"],"picked":"Streamline","floor":14.0},{"not_picked":["Creative AI","Electrodynamics"],"picked":"All For One","floor":16.0},{"not_picked":["Redo","Barrage"],"picked":"Conserve Battery","floor":18.0},{"not_picked":["Barrage+1","Hello World","Turbo+1"],"picked":"SKIP","floor":20},{"not_picked":["Sweeping Beam","Leap"],"picked":"All For One","floor":24},{"not_picked":["Streamline","Hello World"],"picked":"Steam","floor":25},{"not_picked":["Redo","Compile Driver+1"],"picked":"Stack","floor":29},{"not_picked":["Hello World","Sweeping Beam"],"picked":"Redo+1","floor":30},{"not_picked":["Steam Power","Reprogram"],"picked":"Gash","floor":31},{"not_picked":["Reboot","Meteor Strike"],"picked":"All For One","floor":33},{"not_picked":["Streamline","Fusion"],"picked":"Glacier","floor":34},{"not_picked":["Compile Driver+1","Streamline"],"picked":"Loop+1","floor":35},{"not_picked":["Ball Lightning","Streamline"],"picked":"Reprogram+1","floor":37},{"not_picked":["Heatsinks","Leap"],"picked":"Redo+1","floor":38},{"not_picked":["Steam Power+1","Rebound"],"picked":"BootSequence","floor":40},{"not_picked":["Hologram","Streamline"],"picked":"Scrape","floor":42}],"player_experience":224819,"relics_obtained":[{"floor":9.0,"key":"Kunai"},{"floor":24,"key":"Toy Ornithopter"},{"floor":26,"key":"DataDisk"},{"floor":29,"key":"Red Mask"},{"floor":31,"key":"Lizard Tail"},{"floor":37,"key":"Gambling Chip"},{"floor":40,"key":"Cables"}],"event_choices":[{"damage_healed":0.0,"max_hp_gain":0.0,"max_hp_loss":0.0,"gold_gain":0.0,"event_name":"Shining Light","player_choice":"Entered Light","floor":3.0,"gold_loss":0.0,"damage_taken":15.0,"cards_upgraded":["Gash","Leap"]},{"damage_healed":0.0,"max_hp_gain":0.0,"max_hp_loss":0.0,"gold_gain":0.0,"event_name":"Liars Game","player_choice":"Ignored","floor":10.0,"gold_loss":0.0,"damage_taken":0.0},{"damage_healed":0.0,"max_hp_gain":0.0,"max_hp_loss":0.0,"gold_gain":30.0,"event_name":"Dead Adventurer","player_choice":"Searched \u00273\u0027 times","floor":11.0,"gold_loss":0.0,"damage_taken":0.0,"relics_obtained":["Pantograph"]},{"damage_healed":0,"gold_gain":75,"player_choice":"Touch","damage_taken":7,"max_hp_gain":0,"max_hp_loss":0,"event_name":"FaceTrader","floor":19,"gold_loss":0},{"damage_healed":0,"gold_gain":0,"player_choice":"Obtained Relic","damage_taken":0,"relics_obtained":["Eternal Feather"],"max_hp_gain":0,"max_hp_loss":0,"event_name":"Addict","floor":21,"gold_loss":85},{"damage_healed":0,"gold_gain":0,"player_choice":"Obtain J.A.X.","damage_taken":0,"max_hp_gain":0,"max_hp_loss":0,"event_name":"Drug Dealer","floor":28,"gold_loss":0,"cards_obtained":["J.A.X."]},{"damage_healed":0,"gold_gain":0,"player_choice":"Fought Bandits","damage_taken":0,"max_hp_gain":0,"max_hp_loss":0,"event_name":"Masked Bandits","floor":29,"gold_loss":0},{"cards_removed":["Steam"],"damage_healed":0,"gold_gain":0,"player_choice":"Removed Skill","damage_taken":0,"max_hp_gain":0,"max_hp_loss":0,"event_name":"Falling","floor":36,"gold_loss":0},{"damage_healed":0,"gold_gain":0,"player_choice":"Fight","damage_taken":0,"max_hp_gain":0,"max_hp_loss":0,"event_name":"MindBloom","floor":37,"gold_loss":0},{"damage_healed":0,"gold_gain":0,"player_choice":"Forge","damage_taken":0,"max_hp_gain":0,"max_hp_loss":0,"event_name":"Accursed Blacksmith","floor":39,"gold_loss":0,"cards_upgraded":["Scrape"]}],"is_beta":false,"boss_relics":[{"not_picked":["Cursed Key","Coffee Dripper"],"picked":"Empty Cage"},{"not_picked":["Sozu","Astrolabe"],"picked":"Tiny House"}],"items_purged_floors":[4,22],"is_endless":false,"potions_floor_spawned":[2,7,13,14,16,18,29,31,37,38,40],"killed_by":"Giant Head","ascension_level":3}}