{"host":"zr590xw2unlz0wv7","time":1608381804,"event":{"mods":["BaseMod","Minty Spire (QoL Compilation)","READ ME - Guardian Mod","StSLib"],"gold_per_floor":[110,110,110,128,142,142,167,167,191,264,264,275,113,130,130,130,130],"floor_reached":16,"playtime":548,"items_purged":[],"score":120,"play_id":"ac0433ec-a583-4093-a7b6-06bd5fe6862b","local_time":"20201219204324","is_ascension_mode":true,"campfire_choices":[{"data":"Neutralize","floor":6,"key":"SMITH"},{"data":"Footwork","floor":8,"key":"SMITH"},{"floor":11,"key":"REST"},{"floor":15,"key":"RECALL"}],"circlet_count":0,"master_deck":["Strike_G","Strike_G","Strike_G","Strike_G","Strike_G","Defend_G","Defend_G","Defend_G","Defend_G","Defend_G","Survivor","Neutralize+1","Prepared","Well Laid Plans","Accuracy","Footwork+1","Footwork","Unload","Outmaneuver"],"relics":["Ring of the Snake","PreservedInsect","Snake Skull","Mercury Hourglass"],"acts_visited":["Exordium"],"potions_floor_usage":[7,7,16],"damage_taken":[{"damage":4,"enemies":"Small Slimes","floor":1,"turns":4},{"damage":4,"enemies":"2 Louse","floor":4,"turns":3},{"damage":0,"enemies":"Cultist","floor":5,"turns":4},{"damage":21,"enemies":"Lagavulin","floor":7,"turns":10},{"damage":6,"enemies":"Exordium Thugs","floor":12,"turns":5},{"damage":7,"enemies":"Red Slaver","floor":14,"turns":5},{"damage":58,"enemies":"Hexaghost","floor":16,"turns":16}],"seed_played":"958610121738539228","potions_obtained":[{"floor":4,"key":"EssenceOfSteel"},{"floor":5,"key":"SpeedPotion"},{"floor":14,"key":"FearPotion"}],"is_trial":false,"path_per_floor":["M","?","?","M","M","R","E","R","T","T","R","M","$","M","R","B"],"character_chosen":"THE_SILENT","items_purchased":["Unload"],"campfire_rested":1,"item_purchase_floors":[13],"current_hp_per_floor":[73,73,73,69,69,69,48,48,48,48,71,65,65,58,58,0,0],"gold":130,"neow_bonus":"TEN_PERCENT_HP_BONUS","is_daily":false,"chose_seed":false,"campfire_upgraded":2,"win_rate":0.0,"timestamp":1608381804,"path_taken":["M","?","?","?","M","R","E","R","T","?","R","M","$","?","R","BOSS"],"items_purchased_type":["Card"],"build_version":"2020-12-13","purchased_purges":0,"victory":false,"max_hp_per_floor":[77,77,77,77,77,77,77,77,77,77,77,77,77,77,77,77,77],"card_choices":[{"not_picked":["Sucker Punch","Underhanded Strike"],"picked":"Prepared","floor":1},{"not_picked":["Calculated Gamble","Caltrops"],"picked":"Well Laid Plans","floor":4},{"not_picked":["Backstab","Blade Dance"],"picked":"Accuracy","floor":5},{"not_picked":["Accuracy","Prepared"],"picked":"Footwork","floor":7},{"not_picked":["Skewer","Sucker Punch"],"picked":"Footwork","floor":12},{"not_picked":["Dagger Spray","Quick Slash"],"picked":"Outmaneuver","floor":14}],"player_experience":505289,"relics_obtained":[{"floor":7,"key":"Snake Skull"},{"floor":10,"key":"Mercury Hourglass"}],"event_choices":[{"damage_healed":0,"gold_gain":0,"player_choice":"Box","damage_taken":0,"relics_obtained":["PreservedInsect"],"max_hp_gain":0,"max_hp_loss":0,"event_name":"Big Fish","floor":2,"gold_loss":0,"cards_obtained":["Regret"]},{"cards_removed":["Regret"],"damage_healed":0,"gold_gain":0,"player_choice":"Removed Curses","damage_taken":0,"max_hp_gain":0,"max_hp_loss":0,"event_name":"Fountain of Cleansing","floor":3,"gold_loss":0}],"is_beta":false,"boss_relics":[],"items_purged_floors":[],"is_endless":false,"potions_floor_spawned":[4,5,14],"killed_by":"Hexaghost","ascension_level":4}}