{"host":"xenpv6dj5x1yxp66","time":1608410575,"event":{"mods":["AchievementEnabler","Aspiration","BaseMod","Better Altar","Better Sensory Stone","Better Skull","Better Third Choice","BetterRewards","Colored Map","Colored Powertips","Conspire","Downfall","Highlight Path","Hubris","Marisa????????","Minty Spire (QoL Compilation)","Quick Restart","READ ME - Guardian Mod","Replay The Spire","Shade Mod","StSLib","The Animator","The Bug Knight","The Construct","The Cursed","The Disciple","The Necromancer","The Runesmith","The Servant 0.9.4"],"gold_per_floor":[115,115,15,15,26,57,57,57,82,98,114,114,114,125,125,220,220,240,240,164,176,176,176,194,194,244,256,256,274,274,302,302,302,302],"floor_reached":33,"playtime":1268,"items_purged":["Replay:Sluggish"],"score":265,"play_id":"2606976b-874e-4230-886c-40951a282ae4","local_time":"20201219214255","is_ascension_mode":false,"campfire_choices":[{"data":"SilverBlades","floor":8,"key":"SMITH"},{"data":"KillingDoll","floor":12,"key":"SMITH"},{"data":"Moonlight","floor":15,"key":"SMITH"},{"floor":25,"key":"REST"},{"data":"SilverBlades","floor":28,"key":"SMITH"},{"data":"Exchange","floor":30,"key":"SMITH"},{"floor":32,"key":"REST"}],"circlet_count":0,"master_deck":["Strike_S","Strike_S","Strike_S","Strike_S","Defend_S","Defend_S","Defend_S","Defend_S","KidneyShot","Exchange+1","SoulSculpture+1","SilverBlades+1","Ghostly","Moonlight","KillingDoll+1","Moonlight+1","Rearm","Injury","Comet+1","FlawlessForm","Spin+1","FanOfKnives+1","Dramatic Entrance+1","SilverBlades+1","Potential+1","Reset+1","DoubleEdge+1","Snipe+1"],"relics":["Uniform","Replay:Bottled Flurry","Toy Ornithopter","Molten Egg 2","ChewingGum","aspiration:RitualStick","ReplayTheSpireMod:CursedCoin","Enchiridion","conspire:TopHat","aspiration:TrustyKnives"],"acts_visited":["Exordium","TheCity"],"potions_floor_usage":[6,16,16,24,33,33,33],"damage_taken":[{"damage":2,"enemies":"Small Slimes","floor":1,"turns":3},{"damage":1,"enemies":"Jaw Worm","floor":5,"turns":4},{"damage":11,"enemies":"Gremlin Nob","floor":6,"turns":4},{"damage":1,"enemies":"Cultist","floor":10,"turns":3},{"damage":5,"enemies":"3 Louse","floor":11,"turns":3},{"damage":2,"enemies":"Exordium Wildlife","floor":14,"turns":3},{"damage":18,"enemies":"The Guardian","floor":16,"turns":5},{"damage":0,"enemies":"Spheric Guardian","floor":18,"turns":3},{"damage":0,"enemies":"Chosen","floor":21,"turns":3},{"damage":10,"enemies":"Centurion and Healer","floor":24,"turns":3},{"damage":0,"enemies":"3 Cultists","floor":27,"turns":2},{"damage":0,"enemies":"Snake Plant","floor":29,"turns":3},{"damage":19,"enemies":"Book of Stabbing","floor":31,"turns":4},{"damage":65,"enemies":"Automaton","floor":33,"turns":8}],"seed_played":"-5618660515033231198","potions_obtained":[{"floor":1,"key":"ColorlessPotion"},{"floor":6,"key":"AttackPotion"},{"floor":11,"key":"SkillPotion"},{"floor":14,"key":"DistilledChaos"},{"floor":16,"key":"Elixir"},{"floor":18,"key":"Swift Potion"},{"floor":29,"key":"SneckoOil"},{"floor":31,"key":"SteroidPotion"}],"is_trial":false,"path_per_floor":["M","?","?","$","M","E","?","R","T","M","M","R","?","M","R","B",null,"M","?","$","M","?","?","M","R","T","M","R","M","R","E","R","B"],"character_chosen":"THE_SERVANT","items_purchased":["ReplayTheSpireMod:CursedCoin","FanOfKnives+1","Dramatic Entrance+1"],"campfire_rested":2,"item_purchase_floors":[20,20,20],"current_hp_per_floor":[63,63,63,63,62,51,51,51,51,50,45,45,45,43,43,35,65,65,52,52,52,36,36,31,50,50,50,50,50,50,31,50,0,0],"gold":302,"neow_bonus":"ONE_RANDOM_RARE_CARD","is_daily":false,"chose_seed":false,"campfire_upgraded":5,"win_rate":0.0,"timestamp":1608410575,"path_taken":["M","?","?","?","M","E","?","R","T","?","?","R","?","M","R","BOSS","M","?","$","M","?","?","?","R","T","M","R","M","R","E","R","BOSS"],"items_purchased_type":["Relic","Card","Card"],"build_version":"2020-12-13","purchased_purges":1,"victory":false,"max_hp_per_floor":[65,65,65,65,65,65,65,65,65,65,65,65,65,65,65,65,65,65,65,65,65,65,65,65,65,65,65,65,65,65,65,65,65,65],"card_choices":[{"not_picked":["Rewind","Collapse"],"picked":"SilverBlades","floor":1},{"not_picked":["WasteNot","Ricochet"],"picked":"Moonlight","floor":5},{"not_picked":["FastForward","Initiator"],"picked":"KillingDoll","floor":6},{"not_picked":["Replace","Ricochet"],"picked":"Moonlight","floor":10},{"not_picked":["ShatteredReality","FastForward"],"picked":"Rearm","floor":11},{"not_picked":["Defy","Revamp"],"picked":"Comet+1","floor":14},{"not_picked":["FloweringNight","KillingDoll+1"],"picked":"FlawlessForm","floor":16},{"not_picked":["SpecialFormula","Defy+1"],"picked":"Spin+1","floor":18},{"not_picked":["Replace","Unruled+1"],"picked":"SilverBlades","floor":21},{"not_picked":["Unruled+1","RealityMarble"],"picked":"Potential+1","floor":24},{"not_picked":["FastForward","FlawlessForm"],"picked":"Reset+1","floor":27},{"not_picked":["Ricochet+1","Alleviate+1"],"picked":"DoubleEdge+1","floor":29},{"not_picked":["Rearm","KillingDoll+1"],"picked":"Snipe+1","floor":31}],"player_experience":158763,"relics_obtained":[{"floor":6,"key":"Replay:Bottled Flurry"},{"floor":9,"key":"Toy Ornithopter"},{"floor":22,"key":"Enchiridion"},{"floor":26,"key":"conspire:TopHat"},{"floor":31,"key":"aspiration:TrustyKnives"}],"event_choices":[{"damage_healed":0,"gold_gain":0,"player_choice":"Argue","damage_taken":0,"max_hp_gain":0,"max_hp_loss":0,"event_name":"conspire:LoneGhost","floor":3,"gold_loss":0},{"damage_healed":0,"gold_gain":0,"player_choice":"Leave","damage_taken":0,"max_hp_gain":0,"max_hp_loss":0,"event_name":"conspire:Investor","floor":7,"gold_loss":0},{"damage_healed":0,"gold_gain":0,"player_choice":"Obtained Book","damage_taken":16,"max_hp_gain":0,"max_hp_loss":0,"event_name":"Cursed Tome","floor":22,"gold_loss":0},{"damage_healed":0,"gold_gain":0,"player_choice":"Ignored","damage_taken":0,"max_hp_gain":0,"max_hp_loss":0,"event_name":"Ghosts","floor":23,"gold_loss":0}],"is_beta":false,"boss_relics":[{"not_picked":["Kintsugi","hubris:Backtick"],"picked":"ChewingGum"}],"items_purged_floors":[20],"is_endless":false,"potions_floor_spawned":[1,6,11,14,16,18,29,31],"killed_by":"Automaton","ascension_level":0}}