{"host":"7l2t4psy44vpcd9q","time":1608390951,"event":{"mods":["AchievementEnabler","BaseMod","DeckTracker","Minty Spire (QoL Compilation)","SuperFastMode"],"gold_per_floor":[116,116,127,52,64,64,91,91,91,36,36,36,36,50,50,124,124,136,136,149,39,39,39,74,74,74,74,74,74,91,91,91,164,214,229,88,103,103,122,122,142,142,142],"floor_reached":42,"playtime":2313,"items_purged":["Strike_P","Conclude"],"score":852,"play_id":"7785eb67-9258-4a7c-b8ad-dac88e3eefa7","local_time":"20201220001551","is_ascension_mode":true,"campfire_choices":[{"data":"Eruption","floor":6.0,"key":"SMITH"},{"floor":8.0,"key":"REST"},{"data":"WaveOfTheHand","floor":12.0,"key":"SMITH"},{"data":"Consecrate","floor":15.0,"key":"SMITH"},{"floor":23.0,"key":"REST"},{"data":"Halt","floor":25.0,"key":"SMITH"},{"data":"Pray","floor":32.0,"key":"SMITH"},{"data":"MentalFortress","floor":40,"key":"SMITH"}],"circlet_count":0,"master_deck":["AscendersBane","Defend_P","Defend_P","Eruption+1","Vigilance","Prostrate","Consecrate+1","WaveOfTheHand+1","Halt+1","Sanctity","Brilliance","JustLucky+1","Devotion+1","InnerPeace+1","EmptyFist","Prostrate","CarveReality","Crescendo","Pray+1","EmptyBody+1","Scrawl","Vengeance+1","BowlingBash","MentalFortress+1","Fasting2+1","Finesse","JustLucky"],"relics":["PureWater","Unceasing Top","Torii","Astrolabe","Anchor","Gremlin Horn","Tiny House"],"acts_visited":["Exordium","TheCity","TheBeyond"],"potions_floor_usage":[33,39,42],"damage_taken":[{"damage":4.0,"enemies":"Small Slimes","floor":1.0,"turns":3.0},{"damage":7.0,"enemies":"Jaw Worm","floor":3.0,"turns":4.0},{"damage":0.0,"enemies":"2 Louse","floor":5.0,"turns":3.0},{"damage":55.0,"enemies":"3 Sentries","floor":7.0,"turns":13.0},{"damage":1.0,"enemies":"Gremlin Gang","floor":14.0,"turns":4.0},{"damage":37.0,"enemies":"The Guardian","floor":16.0,"turns":17.0},{"damage":23.0,"enemies":"Chosen","floor":18.0,"turns":6.0},{"damage":11.0,"enemies":"3 Byrds","floor":20.0,"turns":6.0},{"damage":6.0,"enemies":"Book of Stabbing","floor":24.0,"turns":6.0},{"damage":13.0,"enemies":"Shelled Parasite and Fungi","floor":30.0,"turns":5.0},{"damage":13,"enemies":"Champ","floor":33,"turns":10},{"damage":0,"enemies":"Orb Walker","floor":35,"turns":3},{"damage":8,"enemies":"3 Shapes","floor":37,"turns":5},{"damage":1,"enemies":"Maw","floor":39,"turns":7},{"damage":14,"enemies":"Jaw Worm Horde","floor":41,"turns":2},{"damage":48,"enemies":"Sphere and 2 Shapes","floor":42,"turns":4}],"seed_played":"-8877027266186587803","potions_obtained":[{"floor":1.0,"key":"SkillPotion"},{"floor":7.0,"key":"SneckoOil"},{"floor":16.0,"key":"Strength Potion"},{"floor":18.0,"key":"BottledMiracle"},{"floor":34,"key":"ColorlessPotion"},{"floor":37,"key":"SkillPotion"}],"is_trial":false,"path_per_floor":["M","?","M","$","M","R","E","R","T","?","?","R","$","M","R","B",null,"M","?","M","$","?","R","E","R","T","?","?","?","M","$","R","B",null,"M","$","M","?","M","R","M","M"],"character_chosen":"WATCHER","items_purchased":["EmptyFist","Prostrate","MentalFortress"],"campfire_rested":2,"item_purchase_floors":[21,21,36],"current_hp_per_floor":[63,63,56,56,56,56,1,23,23,23,47,47,47,46,46,9,58,35,35,24,24,39,61,55,55,55,55,55,55,42,42,42,29,68,68,68,60,60,59,59,45,0,0],"gold":142,"neow_bonus":"TEN_PERCENT_HP_BONUS","is_daily":false,"chose_seed":false,"campfire_upgraded":6,"win_rate":0.0,"timestamp":1608390951,"path_taken":["M","?","M","$","M","R","E","R","T","?","?","R","?","M","R","BOSS","M","?","M","$","?","R","E","R","T","?","?","?","M","$","R","BOSS","M","$","?","?","M","R","M","M"],"items_purchased_type":["Card","Card","Card"],"build_version":"2020-12-13","purchased_purges":2,"victory":false,"max_hp_per_floor":[74,74,74,74,74,74,74,74,74,74,74,74,74,74,74,74,74,74,74,74,74,74,74,74,74,74,74,74,74,74,74,74,74,79,79,79,79,79,79,79,79,79,79],"card_choices":[{"not_picked":["Wireheading","EmptyBody"],"picked":"Prostrate","floor":1.0},{"not_picked":["ThirdEye","Crescendo"],"picked":"Consecrate","floor":3.0},{"not_picked":["Halt","Crescendo"],"picked":"WaveOfTheHand","floor":5.0},{"not_picked":["EmptyBody","JustLucky"],"picked":"Halt","floor":7.0},{"not_picked":["Halt","DevaForm"],"picked":"Sanctity","floor":14.0},{"not_picked":["ConjureBlade","Scrawl"],"picked":"Brilliance","floor":16.0},{"not_picked":["JustLucky","Weave","CutThroughFate"],"picked":"SKIP","floor":18.0},{"not_picked":["Indignation","ClearTheMind","FlyingSleeves"],"picked":"SKIP","floor":20.0},{"not_picked":["Prostrate","Consecrate+1"],"picked":"CarveReality","floor":24.0},{"not_picked":["FlyingSleeves","FollowUp"],"picked":"EmptyBody","floor":30.0},{"not_picked":["LessonLearned","ConjureBlade"],"picked":"Scrawl","floor":33},{"not_picked":["EmptyBody","Evaluate"],"picked":"Vengeance+1","floor":34},{"not_picked":["FlyingSleeves","JustLucky"],"picked":"BowlingBash","floor":35},{"not_picked":["Protect","ThirdEye"],"picked":"Fasting2+1","floor":37},{"not_picked":["Apotheosis","Secret Weapon"],"picked":"Finesse","floor":38},{"not_picked":["CrushJoints","Swivel","FlyingSleeves"],"picked":"SKIP","floor":39},{"not_picked":["Crescendo","ClearTheMind"],"picked":"JustLucky","floor":41}],"player_experience":1104036,"relics_obtained":[{"floor":7.0,"key":"Unceasing Top"},{"floor":9.0,"key":"Torii"},{"floor":24.0,"key":"Anchor"},{"floor":26.0,"key":"Gremlin Horn"}],"event_choices":[{"damage_healed":0.0,"max_hp_gain":0.0,"max_hp_loss":0.0,"gold_gain":0.0,"event_name":"Liars Game","player_choice":"Ignored","floor":2.0,"gold_loss":0.0,"damage_taken":0.0},{"damage_healed":0.0,"max_hp_gain":0.0,"max_hp_loss":0.0,"gold_gain":0.0,"event_name":"World of Goop","player_choice":"Left Gold","floor":10.0,"gold_loss":55.0,"damage_taken":0.0},{"damage_healed":24.0,"max_hp_gain":0.0,"max_hp_loss":0.0,"gold_gain":0.0,"event_name":"Big Fish","player_choice":"Banana","floor":11.0,"gold_loss":0.0,"damage_taken":0.0},{"damage_healed":0.0,"max_hp_gain":0.0,"max_hp_loss":0.0,"gold_gain":0.0,"event_name":"The Mausoleum","player_choice":"Ignored","floor":19.0,"gold_loss":0.0,"damage_taken":0.0},{"damage_healed":15.0,"max_hp_gain":0.0,"max_hp_loss":0.0,"gold_gain":0.0,"event_name":"The Library","player_choice":"Heal","floor":22.0,"gold_loss":0.0,"damage_taken":0.0},{"damage_healed":0.0,"max_hp_gain":0.0,"max_hp_loss":0.0,"gold_gain":0.0,"cards_transformed":["Strike_P","Strike_P"],"event_name":"Drug Dealer","player_choice":"Became Test Subject","floor":28.0,"gold_loss":0.0,"damage_taken":0.0,"cards_obtained":["Crescendo","Conclude"]},{"damage_healed":0.0,"max_hp_gain":0.0,"max_hp_loss":0.0,"gold_gain":0.0,"event_name":"Match and Keep!","player_choice":"1 cards matched","floor":29.0,"gold_loss":0.0,"damage_taken":0.0,"cards_obtained":["Pray"]},{"damage_healed":0,"gold_gain":0,"player_choice":"Memory 1","damage_taken":0,"max_hp_gain":0,"max_hp_loss":0,"event_name":"SensoryStone","floor":38,"gold_loss":0}],"is_beta":false,"boss_relics":[{"not_picked":["Ectoplasm","Coffee Dripper"],"picked":"Astrolabe"},{"not_picked":["Empty Cage","Runic Dome"],"picked":"Tiny House"}],"items_purged_floors":[4,36],"is_endless":false,"potions_floor_spawned":[1,7,16,18,37],"killed_by":"Sphere and 2 Shapes","ascension_level":19}}