{"host":"bbjnqymry46jz0fa","time":1608369149,"event":{"mods":["BaseMod","DeckTracker","Minty Spire (QoL Compilation)","Quick Restart","StSLib","SuperFastMode"],"gold_per_floor":[359,376,193,343,115,115,142,442,494,494,369,379,404,419,419,419,419],"floor_reached":16,"playtime":316,"items_purged":["Defend_G","Doubt","Strike_G"],"score":196,"play_id":"42b3d968-4646-49b2-b4a9-2951d6bdb03f","local_time":"20201219181229","is_ascension_mode":true,"campfire_choices":[{"data":"Calculated Gamble","floor":6.0,"key":"SMITH"},{"data":"Noxious Fumes","floor":10.0,"key":"SMITH"},{"floor":15.0,"key":"REST"}],"circlet_count":0,"master_deck":["AscendersBane","Strike_G+1","Strike_G+1","Strike_G","Strike_G","Defend_G","Defend_G","Defend_G","Defend_G","Survivor","Neutralize","Reflex","Calculated Gamble+1","Dagger Throw","Catalyst","Noxious Fumes+1","Poisoned Stab","Footwork"],"relics":["Ring of the Snake","Odd Mushroom","Old Coin","Whetstone","Bronze Scales"],"acts_visited":["Exordium"],"potions_floor_usage":[],"damage_taken":[{"damage":1.0,"enemies":"2 Louse","floor":1.0,"turns":3.0},{"damage":4.0,"enemies":"Jaw Worm","floor":2.0,"turns":6.0},{"damage":29.0,"enemies":"The Mushroom Lair","floor":7.0,"turns":5.0},{"damage":0.0,"enemies":"Cultist","floor":12.0,"turns":3.0},{"damage":4.0,"enemies":"Lagavulin","floor":13.0,"turns":6.0},{"damage":13.0,"enemies":"Large Slime","floor":14.0,"turns":5.0},{"damage":32,"enemies":"Slime Boss","floor":16,"turns":5}],"seed_played":"5368713990920526061","potions_obtained":[{"floor":2.0,"key":"Regen Potion"},{"floor":7.0,"key":"BlessingOfTheForge"}],"is_trial":false,"path_per_floor":["M","M","$","?","$","R","?","T","T","R","$","M","E","M","R","B"],"character_chosen":"THE_SILENT","items_purchased":["Dagger Throw","Catalyst","Noxious Fumes","Poisoned Stab"],"campfire_rested":1,"item_purchase_floors":[3,3,5,5],"current_hp_per_floor":[43,39,39,39,39,39,10,10,10,10,10,22,18,5,24,0,0],"gold":419,"neow_bonus":"TWO_FIFTY_GOLD","is_daily":false,"chose_seed":false,"campfire_upgraded":2,"win_rate":0.0,"timestamp":1608369149,"path_taken":["M","M","$","?","$","R","?","?","T","R","$","M","E","M","R","BOSS"],"items_purchased_type":["Card","Card","Card","Card"],"build_version":"2020-12-13","purchased_purges":3,"victory":false,"max_hp_per_floor":[66,66,66,66,66,66,66,66,66,66,66,66,66,66,66,66,66],"card_choices":[{"not_picked":["Deflect","Sucker Punch"],"picked":"Reflex","floor":1.0},{"not_picked":["Well Laid Plans","Distraction"],"picked":"Calculated Gamble","floor":2.0},{"not_picked":["Blade Dance","Setup"],"picked":"Footwork","floor":12.0},{"not_picked":["Terror","Backflip","Caltrops"],"picked":"SKIP","floor":13.0},{"not_picked":["Leg Sweep","Outmaneuver","Unload"],"picked":"SKIP","floor":14.0}],"player_experience":715488,"relics_obtained":[{"floor":7.0,"key":"Odd Mushroom"},{"floor":8.0,"key":"Old Coin"},{"floor":9.0,"key":"Whetstone"},{"floor":13.0,"key":"Bronze Scales"}],"event_choices":[{"damage_healed":0.0,"max_hp_gain":0.0,"max_hp_loss":0.0,"gold_gain":150.0,"event_name":"Liars Game","player_choice":"AGREE","floor":4.0,"gold_loss":0.0,"damage_taken":0.0,"cards_obtained":["Doubt"]},{"damage_healed":0.0,"max_hp_gain":0.0,"max_hp_loss":0.0,"gold_gain":0.0,"event_name":"Mushrooms","player_choice":"Fought Mushrooms","floor":7.0,"gold_loss":0.0,"damage_taken":0.0}],"is_beta":false,"boss_relics":[],"items_purged_floors":[3,5,11],"is_endless":false,"potions_floor_spawned":[2,7],"killed_by":"Slime Boss","ascension_level":20}}