{"host":"q5vpntglr38zhb0c","time":1608374817,"event":{"mods":["BaseMod","Colored Map","DeckTracker","Keyboard Shortcuts","Minty Spire (QoL Compilation)","Permanent Neow","StSLib","SuperFastMode","everything is the same but u backflip on backflip"],"gold_per_floor":[361,374,449,330,345,371,371,109,109,109,140,140,140,154,154,228,228,244,256,272,147,147,147,147,147],"floor_reached":24,"playtime":473,"items_purged":["Strike_B","Strike_B","Hello World"],"score":412,"play_id":"3c2189c7-7de2-403c-be6c-28c0d9fd4f8b","local_time":"20201219194657","is_ascension_mode":true,"campfire_choices":[{"floor":7.0,"key":"REST"},{"data":"Loop","floor":13.0,"key":"SMITH"},{"data":"Static Discharge","floor":15.0,"key":"SMITH"},{"floor":23,"key":"REST"}],"circlet_count":0,"master_deck":["AscendersBane","Strike_B","Strike_B","Defend_B","Defend_B","Defend_B","Defend_B","Zap","Dualcast","Cold Snap","Loop+1","Static Discharge+1","White Noise","Biased Cognition","Reboot","Defragment"],"relics":["Cracked Core","Kunai","ClockworkSouvenir","Nunchaku","Bag of Marbles","Nuclear Battery"],"acts_visited":["Exordium","TheCity"],"potions_floor_usage":[22],"damage_taken":[{"damage":1.0,"enemies":"Cultist","floor":1.0,"turns":3.0},{"damage":5.0,"enemies":"Jaw Worm","floor":2.0,"turns":3.0},{"damage":10.0,"enemies":"Small Slimes","floor":5.0,"turns":3.0},{"damage":29.0,"enemies":"3 Sentries","floor":6.0,"turns":8.0},{"damage":6.0,"enemies":"Gremlin Nob","floor":11.0,"turns":3.0},{"damage":2.0,"enemies":"Gremlin Gang","floor":14.0,"turns":4.0},{"damage":18.0,"enemies":"Hexaghost","floor":16.0,"turns":6.0},{"damage":6.0,"enemies":"3 Byrds","floor":18.0,"turns":2.0},{"damage":17.0,"enemies":"Shell Parasite","floor":19.0,"turns":4.0},{"damage":23,"enemies":"3 Cultists","floor":20,"turns":4},{"damage":6,"enemies":"Sentry and Sphere","floor":22,"turns":3},{"damage":26,"enemies":"Book of Stabbing","floor":24,"turns":2}],"seed_played":"983692862899155226","potions_obtained":[{"floor":1.0,"key":"SteroidPotion"},{"floor":5.0,"key":"ColorlessPotion"},{"floor":16.0,"key":"SmokeBomb"}],"is_trial":false,"path_per_floor":["M","M","?","$","M","E","R","$","T","?","E","T","R","M","R","B",null,"M","M","M","$","M","R","E"],"character_chosen":"DEFECT","items_purchased":["Hello World","ClockworkSouvenir"],"campfire_rested":2,"item_purchase_floors":[4,8],"current_hp_per_floor":[63,58,47,47,37,8,27,27,27,48,42,42,42,40,40,22,54,48,31,8,8,2,21,0,0],"gold":147,"neow_bonus":"TWO_FIFTY_GOLD","is_daily":false,"chose_seed":false,"campfire_upgraded":2,"win_rate":0.0,"timestamp":1608374817,"path_taken":["M","M","?","$","M","E","R","$","T","?","E","?","R","M","R","BOSS","M","M","?","$","M","R","E"],"items_purchased_type":["Card","Relic"],"build_version":"2020-12-13","purchased_purges":3,"victory":false,"max_hp_per_floor":[64,64,64,64,64,64,64,64,64,64,64,64,64,64,64,64,64,64,64,64,64,64,64,64,64],"card_choices":[{"not_picked":["Undo","Doom and Gloom"],"picked":"Cold Snap","floor":1.0},{"not_picked":["Doom and Gloom","Lockon"],"picked":"Loop","floor":2.0},{"not_picked":["Turbo","Gash"],"picked":"Static Discharge","floor":5.0},{"not_picked":["Redo","Storm"],"picked":"White Noise","floor":6.0},{"not_picked":["Defragment","Steam"],"picked":"Biased Cognition","floor":11.0},{"not_picked":["Genetic Algorithm","Turbo","Streamline"],"picked":"SKIP","floor":14.0},{"not_picked":["Thunder Strike","Multi-Cast"],"picked":"Reboot","floor":16.0},{"not_picked":["Stack","Leap","Scrape"],"picked":"SKIP","floor":18.0},{"not_picked":["Ball Lightning","Conserve Battery+1"],"picked":"Defragment","floor":19.0},{"not_picked":["Beam Cell","Rip and Tear","Leap"],"picked":"SKIP","floor":20}],"player_experience":1304556,"relics_obtained":[{"floor":6.0,"key":"Kunai"},{"floor":9.0,"key":"Nunchaku"},{"floor":11.0,"key":"Bag of Marbles"}],"event_choices":[{"damage_healed":0.0,"max_hp_gain":0.0,"max_hp_loss":0.0,"gold_gain":75.0,"event_name":"World of Goop","player_choice":"Gather Gold","floor":3.0,"gold_loss":0.0,"damage_taken":11.0},{"damage_healed":21.0,"max_hp_gain":0.0,"max_hp_loss":0.0,"gold_gain":0.0,"event_name":"Big Fish","player_choice":"Banana","floor":10.0,"gold_loss":0.0,"damage_taken":0.0}],"is_beta":false,"boss_relics":[{"not_picked":["Snecko Eye","Black Star"],"picked":"Nuclear Battery"}],"items_purged_floors":[4,8,21],"is_endless":false,"potions_floor_spawned":[1,5,16,22],"killed_by":"Book of Stabbing","ascension_level":20}}