{"host":"eq1m0q9u0q68wvol","time":1608374847,"event":{"mods":["Act Like it!","BaseMod","Colored Powertips","Gensokyo","Minty Spire (QoL Compilation)","StSLib","The Servant 0.9.4","Youmu（魂魄妖梦）"],"gold_per_floor":[110,110,120,120,133,168,168,168,193,227,244,244,263,82,82,177,177,190,190,215,93,83,113,128,128,128],"floor_reached":25,"playtime":2420,"items_purged":[],"score":307,"play_id":"c8488887-08c7-42aa-b933-a02728259fa5","local_time":"20201219184727","is_ascension_mode":true,"campfire_choices":[{"floor":8,"key":"REST"},{"data":"Zap","floor":12,"key":"SMITH"},{"data":"Dualcast","floor":15,"key":"SMITH"}],"circlet_count":0,"master_deck":["Strike_B","Strike_B+1","Strike_B+1","Strike_B","Defend_B","Defend_B","Defend_B","Zap+1","Dualcast+1","Conserve Battery","Gash","Conserve Battery","Gash","Self Repair","Machine Learning","Loop","Gash+1","FTL","Steam Power+1","Self Repair"],"relics":["Cracked Core","Toy Ornithopter","Mango","The Courier","Gensokyo:OccultBall","Whetstone","Bird Faced Urn","Omamori","Calling Bell","Blood Vial","Question Card","Gambling Chip","Red Mask","Runic Capacitor","Anchor"],"acts_visited":["Exordium","TheCity"],"potions_floor_usage":[16,18,23,23,23,23,23,25],"damage_taken":[{"damage":9,"enemies":"Gensokyo:Gryphon","floor":1,"turns":4},{"damage":0,"enemies":"Gensokyo:3_Fairies","floor":3,"turns":3},{"damage":0,"enemies":"Gensokyo:Python","floor":5,"turns":2},{"damage":40,"enemies":"Gensokyo:Aya","floor":6,"turns":7},{"damage":10,"enemies":"Gensokyo:Mamizou","floor":10,"turns":5},{"damage":0,"enemies":"Gensokyo:LivingMonolith","floor":11,"turns":3},{"damage":1,"enemies":"Gensokyo:2_Rabbits","floor":13,"turns":3},{"damage":0,"enemies":"Gensokyo:Yukari","floor":16,"turns":11},{"damage":12,"enemies":"Shell Parasite","floor":18,"turns":5},{"damage":27,"enemies":"Masked Bandits","floor":20,"turns":5},{"damage":7,"enemies":"2 Thieves","floor":22,"turns":4},{"damage":27,"enemies":"Book of Stabbing","floor":23,"turns":6},{"damage":35,"enemies":"Shelled Parasite and Fungi","floor":24,"turns":6},{"damage":85,"enemies":"Slavers","floor":25,"turns":4}],"seed_played":"1561588184515136188","potions_obtained":[{"floor":3,"key":"Weak Potion"},{"floor":10,"key":"CultistPotion"},{"floor":16,"key":"PowerPotion"},{"floor":20,"key":"EntropicBrew"},{"floor":22,"key":"PowerPotion"}],"is_trial":false,"path_per_floor":["M","?","M","?","M","E","?","R","T","E","M","R","M","$","R","B",null,"M","?","?","$","M","E","M","E"],"character_chosen":"DEFECT","items_purchased":["Self Repair","Omamori","Runic Capacitor"],"campfire_rested":1,"item_purchase_floors":[14,14,21],"current_hp_per_floor":[66,66,66,59,59,19,19,45,45,35,35,35,34,34,34,48,89,89,89,73,73,81,89,65,0,0],"gold":128,"neow_bonus":"RANDOM_COMMON_RELIC","is_daily":false,"chose_seed":false,"campfire_upgraded":2,"win_rate":0.0,"timestamp":1608374847,"path_taken":["M","?","?","?","M","E","?","R","T","E","?","R","M","$","R","BOSS","M","?","?","$","M","E","M","E"],"items_purchased_type":["Card","Relic","Relic"],"build_version":"2020-12-13","purchased_purges":0,"victory":false,"max_hp_per_floor":[75,75,75,89,89,89,89,89,89,89,89,89,89,89,89,89,89,89,89,89,89,89,89,89,89,89],"card_choices":[{"not_picked":["Beam Cell","Genetic Algorithm"],"picked":"Conserve Battery","floor":1},{"not_picked":["Streamline","Auto Shields"],"picked":"Gash","floor":3},{"not_picked":["Rebound","Undo"],"picked":"Conserve Battery","floor":5},{"not_picked":["Rebound","Sunder"],"picked":"Melter","floor":6},{"not_picked":["Redo","Tempest","Buffer"],"picked":"SKIP","floor":10},{"not_picked":["Ball Lightning","Rebound","Streamline"],"picked":"SKIP","floor":11},{"not_picked":["Redo","Steam Power"],"picked":"Gash","floor":13},{"not_picked":["Fission","Buffer"],"picked":"Machine Learning","floor":16},{"not_picked":["Tempest+1","Leap","Recycle","Coolheaded"],"picked":"SKIP","floor":18},{"not_picked":["Steam+1","Chaos","Leap+1"],"picked":"Gash+1","floor":20},{"not_picked":["Streamline","Aggregate+1","Turbo"],"picked":"FTL","floor":22},{"not_picked":["Rip and Tear","Darkness+1","Ball Lightning"],"picked":"Steam Power+1","floor":23},{"not_picked":["Leap","Reprogram+1","Sweeping Beam"],"picked":"Self Repair","floor":24}],"player_experience":304276,"relics_obtained":[{"floor":6,"key":"The Courier"},{"floor":9,"key":"Whetstone"},{"floor":10,"key":"Bird Faced Urn"},{"floor":16,"key":"Gensokyo:OccultBall"},{"floor":17,"key":"Blood Vial"},{"floor":17,"key":"Question Card"},{"floor":17,"key":"Gambling Chip"},{"floor":20,"key":"Red Mask"},{"floor":23,"key":"Anchor"}],"event_choices":[{"damage_healed":0,"gold_gain":0,"player_choice":"Read","damage_taken":0,"max_hp_gain":0,"max_hp_loss":0,"event_name":"The Library","floor":19,"gold_loss":0,"cards_obtained":["Loop"]},{"damage_healed":0,"gold_gain":0,"player_choice":"Fought Bandits","damage_taken":0,"max_hp_gain":0,"max_hp_loss":0,"event_name":"Masked Bandits","floor":20,"gold_loss":0}],"is_beta":false,"boss_relics":[{"not_picked":["Sozu","Pandora\u0027s Box"],"picked":"Calling Bell"}],"items_purged_floors":[],"is_endless":false,"potions_floor_spawned":[3,10,16,20,22],"killed_by":"Slavers","ascension_level":2}}