{"host":"15dd7v8o90xso62x","time":1608403572,"event":{"mods":["BaseMod","Minty Spire (QoL Compilation)","Quick Restart","StSLib"],"gold_per_floor":[118,118,43,60,79,79,90,90,90,102,148,179,191,215,227,343,355,382,444,472,504,516,557,582,594,632,644,644],"floor_reached":27,"playtime":643,"items_purged":["Defend_P"],"score":235,"play_id":"29c17224-62b2-4d33-b90f-c36ec7399c29","local_time":"20201220034612","is_ascension_mode":false,"campfire_choices":[{"data":"Vigilance","floor":6.0,"key":"SMITH"},{"data":"Adaptation","floor":8.0,"key":"SMITH"},{"data":"CutThroughFate","floor":15.0,"key":"SMITH"},{"data":"Adaptation","floor":25,"key":"SMITH"}],"circlet_count":0,"master_deck":["Strike_P","Strike_P","Defend_P","Defend_P","Eruption+1","Vigilance+1","Adaptation+1","Adaptation+1","FollowUp","CutThroughFate+1","ConjureBlade+1","Wallop"],"relics":["PureWater","MawBank","Letter Opener","Matryoshka","Runic Pyramid","GoldenEye","Omamori","Potion Belt"],"acts_visited":["Exordium","TheCity"],"potions_floor_usage":[],"damage_taken":[{"damage":2.0,"enemies":"Small Slimes","floor":1.0,"turns":4.0},{"damage":0.0,"enemies":"Cultist","floor":4.0,"turns":2.0},{"damage":2.0,"enemies":"2 Louse","floor":5.0,"turns":2.0},{"damage":1.0,"enemies":"Red Slaver","floor":7.0,"turns":3.0},{"damage":6.0,"enemies":"Gremlin Nob","floor":11.0,"turns":3.0},{"damage":0.0,"enemies":"3 Louse","floor":12.0,"turns":2.0},{"damage":0.0,"enemies":"Lots of Slimes","floor":14.0,"turns":2.0},{"damage":19.0,"enemies":"Hexaghost","floor":16.0,"turns":6.0},{"damage":20.0,"enemies":"2 Thieves","floor":18.0,"turns":3.0},{"damage":5.0,"enemies":"Chosen","floor":20.0,"turns":3.0},{"damage":8.0,"enemies":"Centurion and Healer","floor":21.0,"turns":3.0},{"damage":7.0,"enemies":"Slavers","floor":23.0,"turns":4.0},{"damage":14.0,"enemies":"3 Cultists","floor":24.0,"turns":3.0},{"damage":0,"enemies":"Cultist and Chosen","floor":27,"turns":1}],"seed_played":"4608793857202279322","potions_obtained":[{"floor":4.0,"key":"PowerPotion"},{"floor":5.0,"key":"SpeedPotion"},{"floor":11.0,"key":"SteroidPotion"},{"floor":20.0,"key":"SpeedPotion"},{"floor":21.0,"key":"Ambrosia"},{"floor":23.0,"key":"FearPotion"}],"is_trial":false,"path_per_floor":["M","?","$","M","M","R","M","R","T","?","E","M","?","M","R","B",null,"M","?","M","M","?","E","M","R","T","M"],"character_chosen":"WATCHER","items_purchased":[],"campfire_rested":0,"item_purchase_floors":[],"current_hp_per_floor":[49,49,49,49,47,47,46,46,46,46,40,40,40,40,40,21,72,52,52,47,39,39,32,18,18,18,18,18],"gold":644,"neow_bonus":"REMOVE_TWO","is_daily":false,"chose_seed":false,"campfire_upgraded":4,"win_rate":0.0,"timestamp":1608403572,"path_taken":["M","?","?","M","?","R","M","R","T","?","E","?","?","?","R","BOSS","M","?","M","?","?","E","M","R","T","?"],"items_purchased_type":[],"build_version":"2020-12-13","purchased_purges":1,"victory":false,"max_hp_per_floor":[72,72,72,72,72,72,72,72,72,72,72,72,72,72,72,72,72,72,72,72,72,72,72,72,72,72,72,72],"card_choices":[{"not_picked":["SashWhip","WaveOfTheHand","Halt"],"picked":"SKIP","floor":1.0},{"not_picked":["ThirdEye","Fasting2","Prostrate"],"picked":"SKIP","floor":4.0},{"not_picked":["Evaluate","Swivel","Crescendo"],"picked":"SKIP","floor":5.0},{"not_picked":["Crescendo","Prostrate"],"picked":"Adaptation","floor":7.0},{"not_picked":["Consecrate","Prostrate"],"picked":"Adaptation","floor":11.0},{"not_picked":["Evaluate","SashWhip"],"picked":"FollowUp","floor":12.0},{"not_picked":["EmptyMind","Pray"],"picked":"CutThroughFate","floor":14.0},{"not_picked":["Brilliance","Devotion"],"picked":"ConjureBlade","floor":16.0},{"not_picked":["Consecrate+1","BowlingBash","FlyingSleeves"],"picked":"SKIP","floor":18.0},{"not_picked":["Conclude","Swivel","ThirdEye+1"],"picked":"SKIP","floor":20.0},{"not_picked":["EmptyBody","Brilliance"],"picked":"Wallop","floor":21.0},{"not_picked":["Consecrate","CutThroughFate","ForeignInfluence"],"picked":"SKIP","floor":23.0},{"not_picked":["PathToVictory","EmptyFist","Crescendo+1"],"picked":"SKIP","floor":24}],"player_experience":926862,"relics_obtained":[{"floor":9.0,"key":"MawBank"},{"floor":11.0,"key":"Letter Opener"},{"floor":23.0,"key":"GoldenEye"},{"floor":26,"key":"Omamori"},{"floor":26,"key":"Potion Belt"}],"event_choices":[{"damage_healed":0.0,"max_hp_gain":0.0,"max_hp_loss":0.0,"gold_gain":0.0,"event_name":"Upgrade Shrine","player_choice":"Upgraded","floor":2.0,"gold_loss":0.0,"damage_taken":0.0,"cards_upgraded":["Eruption"]},{"cards_removed":["Strike_P"],"damage_healed":0.0,"max_hp_gain":0.0,"max_hp_loss":0.0,"gold_gain":0.0,"event_name":"Purifier","player_choice":"Purged","floor":10.0,"gold_loss":0.0,"damage_taken":0.0},{"damage_healed":0.0,"max_hp_gain":0.0,"max_hp_loss":0.0,"gold_gain":0.0,"event_name":"WeMeetAgain","player_choice":"Gave Potion","floor":13.0,"gold_loss":0.0,"damage_taken":0.0,"relics_obtained":["Matryoshka"]},{"damage_healed":0.0,"max_hp_gain":0.0,"max_hp_loss":0.0,"gold_gain":100.0,"event_name":"The Joust","player_choice":"Bet on Murderer","floor":19.0,"gold_loss":50.0,"damage_taken":0.0},{"damage_healed":0.0,"max_hp_gain":0.0,"max_hp_loss":0.0,"gold_gain":0.0,"event_name":"Upgrade Shrine","player_choice":"Upgraded","floor":22.0,"gold_loss":0.0,"damage_taken":0.0,"cards_upgraded":["ConjureBlade"]}],"is_beta":false,"boss_relics":[{"not_picked":["SlaversCollar","Philosopher\u0027s Stone"],"picked":"Runic Pyramid"}],"items_purged_floors":[3],"is_endless":false,"potions_floor_spawned":[4,5,11,20,21,23],"killed_by":"Cultist and Chosen","ascension_level":0}}