{"host":"Ian","time":1608378247,"event":{"mods":["BaseMod","Bestiary","Block Reminder","Colored Map","Highlight Path","Key Reminder","Minty Spire (QoL Compilation)","Relic Stats"],"gold_per_floor":[112,31,31,31,44,44,73,73,120,145,161,171,193,158,158,158,158],"floor_reached":16,"playtime":526,"items_purged":[],"score":216,"play_id":"b4901d77-a74e-444b-9122-ee5fa307deef","local_time":"20201219114407","is_ascension_mode":true,"campfire_choices":[{"data":"Fire Breathing","floor":6.0,"key":"SMITH"},{"data":"Pommel Strike","floor":8.0,"key":"SMITH"},{"data":"True Grit","floor":15.0,"key":"SMITH"}],"circlet_count":0,"master_deck":["AscendersBane","Strike_R","Strike_R","Strike_R","Strike_R","Strike_R","Defend_R","Defend_R","Defend_R","Defend_R","Bash","Shockwave+1","Fire Breathing+1","True Grit+1","Pommel Strike+1","Flame Barrier","Second Wind"],"relics":["Mark of Pain","Pen Nib","Blood Vial","MealTicket","Odd Mushroom"],"acts_visited":["Exordium"],"potions_floor_usage":[],"damage_taken":[{"damage":1.0,"enemies":"Small Slimes","floor":1.0,"turns":4.0},{"damage":4.0,"enemies":"Cultist","floor":5.0,"turns":3.0},{"damage":25.0,"enemies":"Gremlin Nob","floor":7.0,"turns":4.0},{"damage":15.0,"enemies":"Lagavulin","floor":10.0,"turns":5.0},{"damage":7.0,"enemies":"Jaw Worm","floor":11.0,"turns":2.0},{"damage":6.0,"enemies":"Red Slaver","floor":12.0,"turns":3.0},{"damage":5.0,"enemies":"The Mushroom Lair","floor":13.0,"turns":4.0},{"damage":34,"enemies":"The Guardian","floor":16,"turns":8}],"seed_played":"5450609954585285911","potions_obtained":[{"floor":1.0,"key":"FearPotion"},{"floor":11.0,"key":"EntropicBrew"},{"floor":12.0,"key":"Strength Potion"}],"is_trial":false,"path_per_floor":["M","$","?","$","M","R","E","R","T","E","M","M","?","?","R","B"],"character_chosen":"IRONCLAD","items_purchased":["Fire Breathing"],"campfire_rested":0,"item_purchase_floors":[2],"current_hp_per_floor":[67,67,67,67,63,63,38,38,38,25,20,16,13,31,31,0,0],"gold":158,"neow_bonus":"BOSS_RELIC","is_daily":false,"chose_seed":false,"campfire_upgraded":3,"win_rate":0.0,"timestamp":1608378247,"path_taken":["M","$","?","?","M","R","E","R","T","E","M","M","?","?","R","BOSS"],"items_purchased_type":["Card"],"build_version":"2020-12-18","purchased_purges":0,"victory":false,"max_hp_per_floor":[75,75,75,75,75,75,75,75,75,75,75,75,75,75,75,75,75],"relic_stats":{"Blood Vial":10,"counters":[8,33],"MealTicket":0,"Pen Nib":[3],"obtain_stats":[{"Blood Vial":9,"MealTicket":10,"Mark of Pain":0,"Pen Nib":7,"Odd Mushroom":13,"Burning Blood":0},{"Blood Vial":3,"MealTicket":4,"Mark of Pain":0,"Pen Nib":3,"Odd Mushroom":7,"Burning Blood":0},{"Blood Vial":11,"MealTicket":16,"Mark of Pain":0,"Pen Nib":11,"Odd Mushroom":25,"Burning Blood":0}]},"card_choices":[{"not_picked":["Searing Blow","Bloodletting"],"picked":"Shockwave","floor":1.0},{"not_picked":["Thunderclap","Twin Strike"],"picked":"True Grit","floor":5.0},{"not_picked":["Shrug It Off","Anger"],"picked":"Pommel Strike","floor":7.0},{"not_picked":["Dual Wield","Havoc","Limit Break"],"picked":"SKIP","floor":10.0},{"not_picked":["Anger","Clash"],"picked":"Flame Barrier","floor":11.0},{"not_picked":["Flex","Cleave","Perfected Strike"],"picked":"SKIP","floor":12.0},{"not_picked":["Anger","Warcry"],"picked":"Second Wind","floor":13.0}],"player_experience":2558325,"relics_obtained":[{"floor":7.0,"key":"Pen Nib"},{"floor":9.0,"key":"Blood Vial"},{"floor":10.0,"key":"MealTicket"},{"floor":13.0,"key":"Odd Mushroom"}],"event_choices":[{"damage_healed":0.0,"max_hp_gain":0.0,"max_hp_loss":0.0,"gold_gain":0.0,"event_name":"Upgrade Shrine","player_choice":"Upgraded","floor":3.0,"gold_loss":0.0,"damage_taken":0.0,"cards_upgraded":["Shockwave"]},{"damage_healed":0.0,"max_hp_gain":0.0,"max_hp_loss":0.0,"gold_gain":0.0,"event_name":"Mushrooms","player_choice":"Fought Mushrooms","floor":13.0,"gold_loss":0.0,"damage_taken":0.0},{"damage_healed":18.0,"max_hp_gain":0.0,"max_hp_loss":0.0,"gold_gain":0.0,"event_name":"The Cleric","player_choice":"Healed","floor":14.0,"gold_loss":35.0,"damage_taken":0.0}],"is_beta":true,"boss_relics":[],"items_purged_floors":[],"is_endless":false,"potions_floor_spawned":[1,11,12],"killed_by":"The Guardian","ascension_level":20}}