{"host":"k5dhp0bkccqfauyu","time":1608353843,"event":{"mods":["BaseMod","Better Note","Better Skull","Better Vampires","Colored Map","Colored Powertips","DeckTracker","Minty Spire (QoL Compilation)","Permanent Neow","StSLib","SuperFastMode"],"gold_per_floor":[114,131,142,8,23,23,54,54,77,2,17,47,65,77,77,150,150,161,161,1,1,16,46,58,58,58,89,105,131,131,131,131,207,207,223,223,223,223,123,123,123,153,153,181,19,49,64,98,98,98,98,98,98,13,39,39,39],"floor_reached":56,"playtime":2672,"items_purged":["Strike_G+1","Distraction"],"score":2587,"play_id":"7e4cc2f2-455c-4788-a519-ea279edf5118","local_time":"20201219155723","is_ascension_mode":true,"campfire_choices":[{"data":"Bouncing Flask","floor":6,"key":"SMITH"},{"data":"After Image","floor":8,"key":"SMITH"},{"data":"Malaise","floor":15,"key":"SMITH"},{"data":"Well Laid Plans","floor":25,"key":"SMITH"},{"data":"Cloak And Dagger","floor":32,"key":"SMITH"},{"data":"After Image","floor":40,"key":"SMITH"},{"floor":49,"key":"RECALL"},{"data":"Wraith Form v2","floor":53,"key":"SMITH"}],"circlet_count":0,"master_deck":["AscendersBane","Survivor","Neutralize","Blur","Terror","Masterful Stab+1","Bouncing Flask+1","Dagger Spray","Poisoned Stab","After Image+1","PiercingWail","Malaise+1","Cloak And Dagger+1","Adrenaline","Blade Dance","Predator+1","Well Laid Plans+1","Acrobatics","Malaise","A Thousand Cuts","Die Die Die","Endless Agony","After Image+1","Envenom","Dagger Throw","PiercingWail","Blade Dance","PanicButton","Finesse","Acrobatics+1","Backflip+1","Blade Dance+1","Doppelganger+1","Crippling Poison+1","Bouncing Flask+1","Wraith Form v2+1","Dash+1","Calculated Gamble+1","Prepared+1","Footwork","Unload+1"],"relics":["Coffee Dripper","Tiny Chest","Lantern","Vajra","Black Star","Orichalcum","Boot","Shuriken","Blood Vial","Mercury Hourglass","Whetstone","Bottled Flame","Pandora\u0027s Box","Mummified Hand","Potion Belt","Gambling Chip","Sundial","Art of War","Toxic Egg 2","Orrery","Molten Egg 2","Pen Nib","Question Card","Oddly Smooth Stone","Snake Skull","Ice Cream"],"acts_visited":["Exordium","TheCity","TheBeyond","TheEnding"],"potions_floor_usage":[7,12,12,23,29,29,50,55,55,56],"damage_taken":[{"damage":2,"enemies":"Jaw Worm","floor":1,"turns":4},{"damage":3,"enemies":"2 Louse","floor":2,"turns":4},{"damage":0,"enemies":"Cultist","floor":3,"turns":4},{"damage":0,"enemies":"Looter","floor":5,"turns":2},{"damage":2,"enemies":"Lagavulin","floor":7,"turns":5},{"damage":8,"enemies":"Large Slime","floor":11,"turns":4},{"damage":1,"enemies":"3 Sentries","floor":12,"turns":4},{"damage":0,"enemies":"Red Slaver","floor":13,"turns":3},{"damage":0,"enemies":"3 Louse","floor":14,"turns":3},{"damage":0,"enemies":"Hexaghost","floor":16,"turns":10},{"damage":0,"enemies":"Spheric Guardian","floor":18,"turns":6},{"damage":5,"enemies":"Chosen","floor":22,"turns":3},{"damage":0,"enemies":"Gremlin Leader","floor":23,"turns":10},{"damage":3,"enemies":"Sentry and Sphere","floor":24,"turns":8},{"damage":4,"enemies":"Book of Stabbing","floor":27,"turns":7},{"damage":0,"enemies":"Snake Plant","floor":28,"turns":3},{"damage":4,"enemies":"Gremlin Leader","floor":29,"turns":5},{"damage":0,"enemies":"Champ","floor":33,"turns":10},{"damage":13,"enemies":"3 Shapes","floor":35,"turns":4},{"damage":2,"enemies":"Reptomancer","floor":42,"turns":5},{"damage":4,"enemies":"Nemesis","floor":44,"turns":7},{"damage":2,"enemies":"Reptomancer","floor":46,"turns":4},{"damage":5,"enemies":"Orb Walker","floor":47,"turns":2},{"damage":0,"enemies":"Giant Head","floor":48,"turns":5},{"damage":8,"enemies":"Donu and Deca","floor":50,"turns":8},{"damage":0,"enemies":"Time Eater","floor":51,"turns":12},{"damage":67,"enemies":"Shield and Spear","floor":55,"turns":7},{"damage":39,"enemies":"The Heart","floor":56,"turns":2}],"seed_played":"6761528349826774605","potions_obtained":[{"floor":1,"key":"SteroidPotion"},{"floor":2,"key":"Block Potion"},{"floor":11,"key":"CunningPotion"},{"floor":12,"key":"SteroidPotion"},{"floor":16,"key":"Fire Potion"},{"floor":27,"key":"Poison Potion"},{"floor":28,"key":"SteroidPotion"},{"floor":29,"key":"LiquidBronze"},{"floor":35,"key":"LiquidMemories"},{"floor":42,"key":"Fruit Juice"},{"floor":47,"key":"Block Potion"}],"is_trial":false,"path_per_floor":["M","M","M","$","M","R","E","R","T","?","M","E","M","M","R","B",null,"M","?","$","?","M","E","M","R","T","E","M","E","T","?","R","B",null,"M","?","?","T","$","R","?","E","T","E","$","E","M","E","R","B","B",null,"R","$","E","B"],"character_chosen":"THE_SILENT","items_purchased":["Bouncing Flask","Dagger Spray","Predator","Orrery","Footwork"],"campfire_rested":0,"item_purchase_floors":[4,4,20,45,54],"current_hp_per_floor":[57,54,54,54,54,54,52,52,52,52,44,43,43,43,43,43,60,60,60,60,42,37,37,34,34,34,30,32,30,30,30,30,32,61,50,40,40,40,40,40,42,42,42,40,40,40,37,39,39,33,35,62,62,62,2,0,0],"gold":39,"neow_bonus":"BOSS_RELIC","is_daily":false,"chose_seed":false,"campfire_upgraded":7,"win_rate":0.0,"timestamp":1608353843,"path_taken":["M","M","M","$","M","R","E","R","T","?","M","E","M","M","R","BOSS","M","?","$","?","M","E","M","R","T","E","M","E","?","?","R","BOSS","M","?","?","?","?","R","?","E","T","E","$","E","M","E","R","BOSS","BOSS","R","$","E","BOSS"],"items_purchased_type":["Card","Card","Card","Relic","Card"],"build_version":"2020-12-13","purchased_purges":2,"victory":false,"max_hp_per_floor":[66,66,66,66,66,66,66,66,66,66,66,66,66,66,66,66,66,66,66,66,71,71,71,71,71,71,71,71,71,71,71,71,71,71,71,71,71,71,71,71,71,71,71,71,71,71,71,71,71,71,71,71,71,71,76,76,76],"card_choices":[{"not_picked":["PiercingWail","Concentrate"],"picked":"Blur","floor":1},{"not_picked":["Poisoned Stab","Backstab"],"picked":"Terror","floor":2},{"not_picked":["Poisoned Stab","Prepared"],"picked":"Masterful Stab","floor":3},{"not_picked":["Cloak And Dagger","Dagger Throw"],"picked":"Poisoned Stab","floor":5},{"not_picked":["Backstab","Dodge and Roll"],"picked":"After Image","floor":7},{"not_picked":["Bane","Poisoned Stab"],"picked":"PiercingWail","floor":11},{"not_picked":["Cloak And Dagger","Poisoned Stab"],"picked":"Malaise","floor":12},{"not_picked":["Distraction","Poisoned Stab"],"picked":"Cloak And Dagger","floor":13},{"not_picked":["Dagger Spray","Reflex","Backstab"],"picked":"SKIP","floor":14},{"not_picked":["Storm of Steel","Venomology"],"picked":"Adrenaline","floor":16},{"not_picked":["PiercingWail","All Out Attack"],"picked":"Blade Dance","floor":18},{"not_picked":["Skewer","Cloak And Dagger","Choke"],"picked":"SKIP","floor":22},{"not_picked":["Noxious Fumes","Expertise"],"picked":"Well Laid Plans","floor":23},{"not_picked":["Poisoned Stab","Bane"],"picked":"Acrobatics","floor":24},{"not_picked":["Skewer","Blade Dance","Unload"],"picked":"SKIP","floor":27},{"not_picked":["Well Laid Plans","Slice","Underhanded Strike"],"picked":"SKIP","floor":28},{"not_picked":["Well Laid Plans","Slice","Underhanded Strike"],"picked":"SKIP","floor":28},{"not_picked":["Outmaneuver","Noxious Fumes+1"],"picked":"Malaise","floor":29},{"not_picked":["Glass Knife","Envenom"],"picked":"A Thousand Cuts","floor":33},{"not_picked":["Eviscerate","Dagger Throw"],"picked":"Blade Dance","floor":35},{"not_picked":["Panache","Jack Of All Trades"],"picked":"PanicButton","floor":36},{"not_picked":["Swift Strike","Discovery"],"picked":"Finesse","floor":36},{"not_picked":["Deflect","Cloak And Dagger"],"picked":"Acrobatics+1","floor":42},{"not_picked":["Flying Knee+1","Quick Slash"],"picked":"Backflip+1","floor":44},{"not_picked":["Finisher+1","Distraction+1"],"picked":"Blade Dance+1","floor":45},{"not_picked":["Dagger Spray","Outmaneuver+1"],"picked":"Doppelganger+1","floor":45},{"not_picked":["Blade Dance+1","Well Laid Plans"],"picked":"Crippling Poison+1","floor":45},{"not_picked":["Tactician+1","Underhanded Strike+1"],"picked":"Bouncing Flask+1","floor":45},{"not_picked":["Dagger Throw+1","Slice"],"picked":"Wraith Form v2","floor":45},{"not_picked":["Deadly Poison+1","Concentrate+1"],"picked":"Dash+1","floor":46},{"not_picked":["Poisoned Stab+1","Choke+1"],"picked":"Calculated Gamble+1","floor":47},{"not_picked":["Outmaneuver+1","Quick Slash+1"],"picked":"Prepared+1","floor":48},{"not_picked":["Dagger Spray+1","Infinite Blades","Quick Slash+1"],"picked":"Unload+1","floor":55}],"player_experience":1784332,"relics_obtained":[{"floor":7,"key":"Tiny Chest"},{"floor":9,"key":"Lantern"},{"floor":12,"key":"Vajra"},{"floor":23,"key":"Orichalcum"},{"floor":23,"key":"Boot"},{"floor":26,"key":"Shuriken"},{"floor":27,"key":"Blood Vial"},{"floor":27,"key":"Mercury Hourglass"},{"floor":29,"key":"Whetstone"},{"floor":29,"key":"Bottled Flame"},{"floor":38,"key":"Mummified Hand"},{"floor":42,"key":"Potion Belt"},{"floor":42,"key":"Gambling Chip"},{"floor":43,"key":"Sundial"},{"floor":44,"key":"Art of War"},{"floor":44,"key":"Toxic Egg 2"},{"floor":46,"key":"Molten Egg 2"},{"floor":46,"key":"Pen Nib"},{"floor":48,"key":"Question Card"},{"floor":48,"key":"Oddly Smooth Stone"},{"floor":55,"key":"Snake Skull"},{"floor":55,"key":"Ice Cream"}],"event_choices":[{"cards_removed":["Strike_G"],"damage_healed":0,"gold_gain":0,"player_choice":"Card Removal","damage_taken":0,"max_hp_gain":0,"max_hp_loss":0,"event_name":"The Cleric","floor":10,"gold_loss":75},{"damage_healed":0,"gold_gain":0,"player_choice":"Simplicity","damage_taken":0,"max_hp_gain":0,"max_hp_loss":0,"event_name":"Back to Basics","floor":19,"gold_loss":0,"cards_upgraded":["Strike_G","Strike_G","Strike_G","Strike_G","Defend_G","Defend_G","Defend_G","Defend_G","Defend_G"]},{"damage_healed":0,"gold_gain":0,"player_choice":"Shed Blood","damage_taken":23,"max_hp_gain":5,"max_hp_loss":0,"event_name":"Forgotten Altar","floor":21,"gold_loss":0},{"damage_healed":0,"gold_gain":0,"player_choice":"Ignored","damage_taken":0,"max_hp_gain":0,"max_hp_loss":0,"event_name":"Ghosts","floor":31,"gold_loss":0},{"damage_healed":0,"gold_gain":0,"player_choice":"Memory 3","damage_taken":10,"max_hp_gain":0,"max_hp_loss":0,"event_name":"SensoryStone","floor":36,"gold_loss":0},{"cards_removed":["Reflex"],"damage_healed":0,"gold_gain":0,"player_choice":"Purged","damage_taken":0,"max_hp_gain":0,"max_hp_loss":0,"event_name":"Purifier","floor":37,"gold_loss":0},{"damage_healed":2,"gold_gain":0,"player_choice":"LEAVE ","damage_taken":0,"relics_obtained":[],"max_hp_gain":0,"max_hp_loss":0,"event_name":"betterSkull:BetterSkull","floor":41,"gold_loss":0,"cards_upgraded":[]}],"is_beta":false,"boss_relics":[{"not_picked":["Runic Pyramid","Astrolabe"],"picked":"Black Star"},{"not_picked":["Fusion Hammer","Snecko Eye"],"picked":"Pandora\u0027s Box"}],"items_purged_floors":[20,39],"is_endless":false,"potions_floor_spawned":[1,2,11,12,16,22,27,28,29,35,42,47],"killed_by":"The Heart","ascension_level":20}}