{"host":"0285y92tozoijo7k","time":1608389760,"event":{"mods":["AchievementEnabler","Act Like it!","BaseMod","Colored Map","DeckTracker","Keyboard Shortcuts","Minty Spire (QoL Compilation)","Permanent Neow","StSLib","SuperFastMode"],"gold_per_floor":[113,124,134,150,150,150,38,38,118,118,118,118,138,157,157,253,253,266,266,266,266,282,282,316,332,356,402,414,446,358,154,154,154,154],"floor_reached":33,"playtime":976,"items_purged":["Defend_G","Strike_G","Strike_G"],"score":585,"play_id":"291b3259-8e89-4862-8775-6cf8319aef32","local_time":"20201219235600","is_ascension_mode":true,"campfire_choices":[{"data":"Neutralize","floor":6.0,"key":"SMITH"},{"floor":10.0,"key":"REST"},{"data":"Blade Dance","floor":12.0,"key":"SMITH"},{"data":"Cloak And Dagger","floor":15.0,"key":"SMITH"},{"data":"Venomology","floor":23.0,"key":"SMITH"},{"floor":28.0,"key":"REST"},{"data":"Tactician","floor":32.0,"key":"SMITH"}],"circlet_count":0,"master_deck":["AscendersBane","Strike_G+1","Defend_G","Defend_G","Defend_G","Survivor","Neutralize+1","Backstab","Backflip","Blade Dance+1","Acrobatics","Accuracy+1","Cloak And Dagger+1","Infinite Blades","Venomology+1","Cloak And Dagger+1","Dagger Throw+1","Choke","Prepared","Cloak And Dagger","Tactician+1"],"relics":["Ring of the Snake","Golden Idol","Runic Pyramid","Nilry\u0027s Codex","Whetstone","MawBank","Regal Pillow"],"acts_visited":["Exordium","TheCity"],"potions_floor_usage":[33],"damage_taken":[{"damage":0.0,"enemies":"2 Louse","floor":1.0,"turns":3.0},{"damage":0.0,"enemies":"Cultist","floor":2.0,"turns":4.0},{"damage":0.0,"enemies":"Small Slimes","floor":3.0,"turns":2.0},{"damage":6.0,"enemies":"Exordium Thugs","floor":4.0,"turns":7.0},{"damage":0.0,"enemies":"2 Fungi Beasts","floor":13.0,"turns":3.0},{"damage":2.0,"enemies":"3 Louse","floor":14.0,"turns":3.0},{"damage":0.0,"enemies":"Slime Boss","floor":16.0,"turns":4.0},{"damage":7.0,"enemies":"Chosen","floor":18.0,"turns":5.0},{"damage":5.0,"enemies":"2 Thieves","floor":22.0,"turns":4.0},{"damage":6.0,"enemies":"Gremlin Leader","floor":24.0,"turns":6.0},{"damage":19.0,"enemies":"Centurion and Healer","floor":25.0,"turns":4.0},{"damage":5.0,"enemies":"Book of Stabbing","floor":27.0,"turns":4.0},{"damage":6.0,"enemies":"3 Cultists","floor":29.0,"turns":4.0},{"damage":27,"enemies":"Automaton","floor":33,"turns":8}],"seed_played":"-6613171589522484575","potions_obtained":[{"floor":1.0,"key":"GamblersBrew"},{"floor":2.0,"key":"LiquidMemories"},{"floor":3.0,"key":"SkillPotion"},{"floor":24.0,"key":"Regen Potion"}],"is_trial":false,"path_per_floor":["M","M","M","M","?","R","$","?","T","R","?","R","M","M","R","B",null,"M","?","?","?","M","R","E","M","T","E","R","M","$","$","R","B"],"character_chosen":"THE_SILENT","items_purchased":["Accuracy","Tactician"],"campfire_rested":2,"item_purchase_floors":[7,31],"current_hp_per_floor":[44,44,44,38,38,38,38,15,15,34,34,34,34,32,32,32,58,51,51,51,30,25,25,19,12,12,7,41,35,35,35,35,8,8],"gold":154,"neow_bonus":"REMOVE_TWO","is_daily":false,"chose_seed":false,"campfire_upgraded":5,"win_rate":0.0,"timestamp":1608389760,"path_taken":["M","M","M","M","?","R","?","?","T","R","?","R","M","M","R","BOSS","M","?","?","?","M","R","E","?","T","E","R","M","?","$","R","BOSS"],"items_purchased_type":["Card","Card"],"build_version":"2020-12-13","purchased_purges":3,"victory":false,"max_hp_per_floor":[66,66,66,66,66,66,66,66,66,66,66,66,66,66,66,66,66,66,66,66,66,66,66,66,66,66,66,66,66,66,66,66,66,66],"card_choices":[{"not_picked":["Quick Slash","Prepared"],"picked":"Backstab","floor":1.0},{"not_picked":["Finisher","Deflect"],"picked":"Backflip","floor":2.0},{"not_picked":["Dash","Backflip"],"picked":"Blade Dance","floor":3.0},{"not_picked":["Blur","Concentrate"],"picked":"Acrobatics","floor":4.0},{"not_picked":["Flying Knee","Deadly Poison"],"picked":"Cloak And Dagger","floor":13.0},{"not_picked":["Underhanded Strike","Heel Hook"],"picked":"Infinite Blades","floor":14.0},{"not_picked":["Envenom","Phantasmal Killer"],"picked":"Venomology","floor":16.0},{"not_picked":["Underhanded Strike","Bane"],"picked":"Cloak And Dagger+1","floor":18.0},{"not_picked":["Sucker Punch+1","Underhanded Strike","Dodge and Roll"],"picked":"SKIP","floor":22.0},{"not_picked":["Acrobatics","PiercingWail"],"picked":"Dagger Throw","floor":24.0},{"not_picked":["Flying Knee","Terror"],"picked":"Choke","floor":25.0},{"not_picked":["PiercingWail","Sucker Punch"],"picked":"Prepared","floor":27.0},{"not_picked":["Quick Slash","Slice"],"picked":"Cloak And Dagger","floor":29.0}],"player_experience":377353,"relics_obtained":[{"floor":21.0,"key":"Nilry\u0027s Codex"},{"floor":24.0,"key":"Whetstone"},{"floor":26.0,"key":"MawBank"},{"floor":27.0,"key":"Regal Pillow"}],"event_choices":[{"cards_removed":["Strike_G"],"damage_healed":0.0,"max_hp_gain":0.0,"max_hp_loss":0.0,"gold_gain":0.0,"event_name":"Bonfire Elementals","player_choice":"Offered Basic","floor":5.0,"gold_loss":0.0,"damage_taken":0.0},{"damage_healed":0.0,"max_hp_gain":0.0,"max_hp_loss":0.0,"gold_gain":0.0,"event_name":"Golden Idol","player_choice":"Take Damage","floor":8.0,"gold_loss":0.0,"damage_taken":23.0,"relics_obtained":["Golden Idol"]},{"damage_healed":0.0,"max_hp_gain":0.0,"max_hp_loss":0.0,"gold_gain":0.0,"event_name":"Upgrade Shrine","player_choice":"Upgraded","floor":11.0,"gold_loss":0.0,"damage_taken":0.0,"cards_upgraded":["Accuracy"]},{"damage_healed":0.0,"max_hp_gain":0.0,"max_hp_loss":0.0,"gold_gain":0.0,"event_name":"The Mausoleum","player_choice":"Ignored","floor":19.0,"gold_loss":0.0,"damage_taken":0.0},{"damage_healed":0.0,"max_hp_gain":0.0,"max_hp_loss":0.0,"gold_gain":0.0,"event_name":"Ghosts","player_choice":"Ignored","floor":20.0,"gold_loss":0.0,"damage_taken":0.0},{"damage_healed":0.0,"max_hp_gain":0.0,"max_hp_loss":0.0,"gold_gain":0.0,"event_name":"Cursed Tome","player_choice":"Obtained Book","floor":21.0,"gold_loss":0.0,"damage_taken":21.0}],"is_beta":false,"boss_relics":[{"not_picked":["Cursed Key","Fusion Hammer"],"picked":"Runic Pyramid"}],"items_purged_floors":[7,30,31],"is_endless":false,"potions_floor_spawned":[1,2,3,13,24,29],"killed_by":"Automaton","ascension_level":16}}