{"host":"cc187","time":1608416532,"event":{"mods":["AchievementEnabler","BaseMod","Bestiary","Colored Map","Colored Powertips","Highlight Path","Keyboard Shortcuts","Minty Spire (QoL Compilation)","Quick Restart","Rare Cards Sparkle","Relic Stats","StSLib","SuperFastMode","Synergy Search"],"gold_per_floor":[119,129,129,129,129,158,180,145,145,160,196,163,204,231,231,319,328,347,374,383,433,10,10,10],"floor_reached":23,"playtime":978,"items_purged":[],"score":429,"play_id":"b33c5ba7-e79d-4390-83c2-ed803277dd82","local_time":"20201219222212","is_ascension_mode":true,"campfire_choices":[{"floor":15,"key":"REST"}],"circlet_count":0,"master_deck":["AscendersBane","Strike_G","Strike_G","Strike_G","Strike_G","Strike_G","Defend_G","Defend_G","Defend_G","Defend_G","Defend_G","Survivor","Neutralize","Quick Slash","Backflip","All Out Attack","Prepared","Escape Plan","Terror","Die Die Die","Blade Dance","Envenom","CurseOfTheBell","Leg Sweep","Blur","Writhe","Bouncing Flask","Footwork"],"relics":["Ring of the Snake","NeowsBlessing","Unceasing Top","StrikeDummy","Odd Mushroom","Smiling Mask","CeramicFish","Question Card","Calling Bell","Toy Ornithopter","Eternal Feather","Lizard Tail","Blue Candle","Pantograph"],"acts_visited":["Exordium","TheCity"],"potions_floor_usage":[11,16,23],"damage_taken":[{"damage":0,"enemies":"Cultist","floor":1,"turns":1},{"damage":0,"enemies":"Small Slimes","floor":2,"turns":1},{"damage":0,"enemies":"Lagavulin","floor":6,"turns":1},{"damage":8,"enemies":"The Mushroom Lair","floor":7,"turns":4},{"damage":2,"enemies":"2 Louse","floor":10,"turns":3},{"damage":19,"enemies":"3 Sentries","floor":11,"turns":9},{"damage":38,"enemies":"Gremlin Nob","floor":13,"turns":5},{"damage":0,"enemies":"Large Slime","floor":14,"turns":3},{"damage":18,"enemies":"Hexaghost","floor":16,"turns":10},{"damage":36,"enemies":"2 Thieves","floor":18,"turns":4},{"damage":38,"enemies":"Shell Parasite","floor":19,"turns":10},{"damage":31,"enemies":"Slavers","floor":23,"turns":3}],"seed_played":"-207795876826797779","potions_obtained":[{"floor":1,"key":"ColorlessPotion"},{"floor":2,"key":"GamblersBrew"},{"floor":14,"key":"SpeedPotion"}],"is_trial":false,"path_per_floor":["M","M","?","?","?","E","?","?","T","M","E","$","E","M","R","B",null,"M","M","?","?","$","E"],"character_chosen":"THE_SILENT","items_purchased":["Terror","Bouncing Flask","Footwork","Pantograph"],"campfire_rested":1,"item_purchase_floors":[12,22,22,22],"current_hp_per_floor":[59,59,64,64,59,59,51,68,68,66,47,47,9,9,30,12,56,20,20,20,20,20,0,0],"gold":10,"neow_bonus":"THREE_ENEMY_KILL","is_daily":false,"chose_seed":false,"campfire_upgraded":0,"win_rate":0.0,"timestamp":1608416532,"path_taken":["M","M","?","?","?","E","?","?","T","M","E","?","E","?","R","BOSS","M","M","?","?","$","E"],"items_purchased_type":["Card","Card","Card","Relic"],"build_version":"2020-12-18","purchased_purges":0,"victory":false,"max_hp_per_floor":[66,66,71,71,71,71,71,71,71,71,71,71,71,71,71,71,71,71,71,71,71,71,71,71],"relic_stats":{"Lizard Tail":35,"counters":[12,54],"CeramicFish":99,"Blue Candle":[0],"Pantograph":0,"Eternal Feather":0,"Smiling Mask":0,"Question Card":5,"obtain_stats":[{"NeowsBlessing":0,"CeramicFish":11,"Blue Candle":20,"Eternal Feather":17,"Odd Mushroom":7,"Smiling Mask":9,"Question Card":13,"Calling Bell":17,"Lizard Tail":17,"Pantograph":22,"StrikeDummy":6,"Unceasing Top":5,"Toy Ornithopter":17,"Ring of the Snake":0},{"NeowsBlessing":0,"CeramicFish":6,"Blue Candle":11,"Eternal Feather":9,"Odd Mushroom":4,"Smiling Mask":4,"Question Card":7,"Calling Bell":9,"Lizard Tail":9,"Pantograph":11,"StrikeDummy":3,"Unceasing Top":2,"Toy Ornithopter":9,"Ring of the Snake":0},{"NeowsBlessing":0,"CeramicFish":19,"Blue Candle":51,"Eternal Feather":37,"Odd Mushroom":7,"Smiling Mask":7,"Question Card":24,"Calling Bell":37,"Lizard Tail":37,"Pantograph":51,"StrikeDummy":3,"Unceasing Top":2,"Toy Ornithopter":37,"Ring of the Snake":0}],"Unceasing Top":[7],"Toy Ornithopter":5,"Ring of the Snake":[24]},"card_choices":[{"not_picked":["Skewer","Tactician"],"picked":"Quick Slash","floor":1},{"not_picked":["Cloak And Dagger","Acrobatics"],"picked":"Backflip","floor":2},{"not_picked":["Heel Hook","Quick Slash","Eviscerate"],"picked":"SKIP","floor":6},{"not_picked":["Cloak And Dagger","Quick Slash"],"picked":"All Out Attack","floor":7},{"not_picked":["Poisoned Stab","Terror"],"picked":"Prepared","floor":10},{"not_picked":["Setup","Crippling Poison"],"picked":"Escape Plan","floor":11},{"not_picked":["Reflex","Accuracy"],"picked":"Die Die Die","floor":13},{"not_picked":["Flying Knee","Concentrate","Eviscerate"],"picked":"Blade Dance","floor":14},{"not_picked":["Wraith Form v2","Doppelganger","Die Die Die"],"picked":"Envenom","floor":16},{"not_picked":["Deflect","Sucker Punch","Heel Hook"],"picked":"Leg Sweep","floor":18},{"not_picked":["Eviscerate","Concentrate","Poisoned Stab"],"picked":"Blur","floor":19}],"player_experience":786499,"relics_obtained":[{"floor":6,"key":"StrikeDummy"},{"floor":7,"key":"Odd Mushroom"},{"floor":9,"key":"Smiling Mask"},{"floor":11,"key":"CeramicFish"},{"floor":13,"key":"Question Card"},{"floor":17,"key":"Toy Ornithopter"},{"floor":17,"key":"Eternal Feather"},{"floor":17,"key":"Lizard Tail"}],"event_choices":[{"damage_healed":0,"gold_gain":0,"player_choice":"Donut","damage_taken":0,"max_hp_gain":5,"max_hp_loss":0,"event_name":"Big Fish","floor":3,"gold_loss":0},{"damage_healed":0,"gold_gain":0,"player_choice":"Ignored","damage_taken":0,"max_hp_gain":0,"max_hp_loss":0,"event_name":"Shining Light","floor":4,"gold_loss":0},{"damage_healed":0,"gold_gain":0,"player_choice":"Success","damage_taken":5,"relics_obtained":["Unceasing Top"],"max_hp_gain":0,"max_hp_loss":0,"event_name":"Scrap Ooze","floor":5,"gold_loss":0},{"damage_healed":0,"gold_gain":0,"player_choice":"Fought Mushrooms","damage_taken":0,"max_hp_gain":0,"max_hp_loss":0,"event_name":"Mushrooms","floor":7,"gold_loss":0},{"damage_healed":17,"gold_gain":0,"player_choice":"Healed","damage_taken":0,"max_hp_gain":0,"max_hp_loss":0,"event_name":"The Cleric","floor":8,"gold_loss":35},{"damage_healed":0,"gold_gain":0,"player_choice":"Opened","damage_taken":0,"relics_obtained":["Blue Candle"],"max_hp_gain":0,"max_hp_loss":0,"event_name":"The Mausoleum","floor":20,"gold_loss":0,"cards_obtained":["Writhe"]},{"damage_healed":0,"gold_gain":50,"player_choice":"Stole From Cult","damage_taken":0,"max_hp_gain":0,"max_hp_loss":0,"event_name":"Nest","floor":21,"gold_loss":0}],"is_beta":true,"boss_relics":[{"not_picked":["SacredBark","Snecko Eye"],"picked":"Calling Bell"}],"items_purged_floors":[],"is_endless":false,"potions_floor_spawned":[1,2,10,14],"killed_by":"Slavers","ascension_level":17}}