{"host":"vh33hu3wddwn6yt6","time":1608409503,"event":{"mods":["AchievementEnabler","Act Like it!","Aspiration","BaseMod","Better Altar","Better Match","Better Note","Better Sensory Stone","Better Skull","Better Third Choice","BetterRewards","Downfall","Hubris","Infinite Spire","Minty Spire (QoL Compilation)","Permanent Neow","Replay The Spire","Shade Mod","Shop Mod","Spicy Shops","StSLib","SuperFastMode","The Blackbeard","The Necromancer","The Poker Player","The Servant 0.9.4","TheBandit","Wandering Minibosses"],"gold_per_floor":[118,118,131,146,146,146,172,192,192,221,14,47,47,11,11,109,109,126,137,149,81,96,125,125,25,25,58,71,97,97,122,122,218,218,228,246,257,257,257,284,11,11,83,83,93,103,117,128,128,228,228,236,250,96,96,101,58,58,65,92,92,92,20,21,32,32,109,109,111,111,111,111,111,114,119,119,143,144,152,152,149,149,149,214,214,216,216,205,56,56,57,57,68,68,74,74,76,66,92,92,144,194,207,210,214,214,214,232,232,243,243,260,267,267,267,279,279,355,355,356,356,356,359,141,157,157,166,243,250,250,250,254,256,256,321,321,325,325,325,333,324,324,374,350,350,346,177,202,199,197,197,243,243,249,249,262,262,276,296,296,317,363,374,374,374,456,186,186,262,262,270,277,277,327,327,327,343,343,367,367,384,398,410,23,23,97,97,109,109,109,111,111,115,119,131,154,178,196,196,219,240,240,214,214,214,19,58,151],"floor_reached":209,"playtime":5812,"items_purged":["Parasite","Leg Sweep+1","Guardian:Aged","Spreading Infection","Regret","Defend_G+1","Injury","Injury","Injury"],"score":6632,"play_id":"63a53625-23d9-4c8d-a902-b16dcbe2c95b","local_time":"20201219212503","is_ascension_mode":true,"campfire_choices":[{"data":"Neutralize","floor":6.0,"key":"SMITH"},{"data":"Replay:SS_hec_2","floor":13,"key":"SMITH"},{"floor":15,"key":"REST"},{"data":"Accuracy","floor":24,"key":"SMITH"},{"data":"Blade Dance","floor":30,"key":"SMITH"},{"data":"Cloak And Dagger","floor":32,"key":"SMITH"},{"floor":42,"key":"RECALL"},{"data":"Choke","floor":44,"key":"SMITH"},{"data":"Infinite Blades","floor":49,"key":"SMITH"},{"data":"Survivor","floor":58,"key":"SMITH"},{"data":"Slice","floor":61,"key":"SMITH"},{"data":"Accuracy","floor":66,"key":"SMITH"},{"data":"Flying Knee","floor":83,"key":"SMITH"},{"data":"A Thousand Cuts","floor":100,"key":"SMITH"},{"data":"Envenom","floor":109,"key":"SMITH"},{"data":"Die Die Die","floor":114,"key":"SMITH"},{"data":"Flying Knee","floor":117,"key":"SMITH"},{"data":"Footwork","floor":126,"key":"SMITH"},{"data":"Backstab","floor":134,"key":"SMITH"},{"data":"Backstab","floor":142,"key":"SMITH"},{"floor":151,"key":"REST"},{"floor":160,"key":"REST"},{"floor":165,"key":"REST"},{"floor":168,"key":"REST"},{"floor":176,"key":"REST"},{"floor":178,"key":"REST"},{"floor":180,"key":"REST"},{"data":"Panache","floor":185,"key":"SMITH"},{"floor":205,"key":"REST"}],"circlet_count":0,"master_deck":["Survivor+1","Neutralize+1","Backstab+1","Quick Slash+1","Slice+1","Blade Dance+1","Cloak And Dagger+1","Replay:SS_hec_2+1","Flying Knee+1","Flying Knee+1","Infinite Blades+1","Accuracy+1","Acrobatics+1","Replay:Bag of Tricks+1","Slice+1","Slice+1","Footwork+1","Choke+1","Cloak And Dagger+1","Backstab+1","Accuracy+1","Die Die Die+1","A Thousand Cuts+1","Replay:SS_hec_2+1","After Image+1","Envenom+1","Backstab+1","Finisher+1","Terror+1","Panache+1"],"relics":["Ring of the Snake","aspiration:DSix","Mirror","Iron Hammer","infinitespire:Bottled Soul","ReplayTheSpireMod:CursedCoin","Oddly Smooth Stone","Counterbalance","Replay:Grab Bag","hubris:VirtuousBlindfold","Painkiller Herb","Astrolabe","Replay:Drink Me","aspiration:TomeofQuesting","hubris:Teleporter","Replay:Bottled Flurry","Orichalcum","Whetstone","Pear","Replay:Ancient Bell","aspiration:ChemicalBlood","Kunai","CaptainsWheel","SlaversCollar","Du-Vu Doll","Replay:Accelerometer","Lee\u0027s Waffle","Busted Crown","Omamori","Basket Of Snakes","aspiration:VileToxins","Bag of Marbles","WristBlade","Ornamental Fan","infinitespire:FocusingShard","infinitespire:Golems Mask","Replay:Wax Seal","Blue Doll","Philosopher\u0027s Stone","DollysMirror","hubris:Towel","Pen Nib","aspiration:HatOfInfinitePower","Torii","Tiny Chest","ReplayTheSpireMod:Shallot","Replay:Rubber Ducky","TungstenRod","Tiny House","infinitespire:CheckeredPen","Eternal Feather","Shuriken","infinitespire:Midas Blood","hubris:Icosahedron","infinitespire:Cupcake","Darkstone Periapt","Ninja Scroll","Membership Card","infinitespire:Lucky Rock","hubris:TenFootPole","Matryoshka","War Paint","Calling Bell","ReplayTheSpireMod:TigerMarble","hubris:PeanutButter","Thread and Needle","Ancient Tea Set","infinitespire:Beetle Shell","aspiration:Lifesprig","infinitespire:BottledMercury","infinitespire:Satchel","Snake Skull","Snack Pack","Vampiric Spirits","Guardian:PocketSentry","Replay:Mystery Machine","hubris:BundleOfHerbs","Vajra","Toxic Egg 2","infinitespire:Broken Mirror","Anchor","MutagenicStrength","InkBottle","aspiration:StickyExplosives_weak","Juzu Bracelet","aspiration:HummingbirdHeart","Calipers","hubris:TerracottaHorce","hubris:Zylophone","Pondfish Scales","PreservedInsect","aspiration:ArtOfWarUpgrade","Replay:Bandana","MerchantsRug","hubris:DisguiseKit","Sozu","Garlic","ReplayFunnel","Gremlin Horn"],"acts_visited":["Exordium","TheCity","TheBeyond","Exordium","TheCity","TheBeyond","Exordium","TheCity","TheBeyond","Exordium","TheCity","TheBeyond","TheEnding"],"potions_floor_usage":[10,31,57,78,86,99,186,186,186,203,208],"damage_taken":[{"damage":1.0,"enemies":"Cultist","floor":1.0,"turns":4.0},{"damage":0.0,"enemies":"2 Louse","floor":3.0,"turns":3.0},{"damage":0.0,"enemies":"Small Slimes","floor":4.0,"turns":3.0},{"damage":19.0,"enemies":"3 Sentries","floor":7.0,"turns":12.0},{"damage":9.0,"enemies":"Exordium Thugs","floor":8.0,"turns":4.0},{"damage":0,"enemies":"Lagavulin","floor":10,"turns":4},{"damage":0,"enemies":"3 Sentries","floor":12,"turns":6},{"damage":0,"enemies":"Slime Boss","floor":16,"turns":8},{"damage":0,"enemies":"2 Thieves","floor":18,"turns":3},{"damage":0,"enemies":"Shell Parasite","floor":19,"turns":4},{"damage":0,"enemies":"Sentry and Sphere","floor":20,"turns":5},{"damage":0,"enemies":"Centurion and Healer","floor":22,"turns":4},{"damage":0,"enemies":"Replay:Snechameleon","floor":23,"turns":4},{"damage":0,"enemies":"Nightmare","floor":27,"turns":5},{"damage":0,"enemies":"3 Cultists","floor":28,"turns":4},{"damage":0,"enemies":"Gremlin Leader","floor":29,"turns":4},{"damage":3,"enemies":"Slavers","floor":31,"turns":3},{"damage":8,"enemies":"Automaton","floor":33,"turns":6},{"damage":5,"enemies":"3 Darklings","floor":35,"turns":5},{"damage":4,"enemies":"3 Shapes","floor":36,"turns":5},{"damage":6,"enemies":"Transient","floor":37,"turns":5},{"damage":3,"enemies":"Reptomancer","floor":40,"turns":4},{"damage":7,"enemies":"4 Shapes","floor":45,"turns":5},{"damage":2,"enemies":"Writhing Mass","floor":46,"turns":6},{"damage":7,"enemies":"Sphere and 2 Shapes","floor":47,"turns":4},{"damage":0,"enemies":"4 Shapes","floor":48,"turns":2},{"damage":2,"enemies":"Replay:Hell Engine","floor":50,"turns":9},{"damage":0,"enemies":"2 Louse","floor":52,"turns":1},{"damage":0,"enemies":"Small Slimes","floor":53,"turns":1},{"damage":0,"enemies":"Cultist","floor":56,"turns":2},{"damage":34,"enemies":"Nightmare","floor":57,"turns":8},{"damage":6,"enemies":"3 Sentries","floor":59,"turns":3},{"damage":0,"enemies":"Exordium Wildlife","floor":64,"turns":1},{"damage":0,"enemies":"Looter","floor":65,"turns":1},{"damage":0,"enemies":"Slime Boss","floor":67,"turns":2},{"damage":0,"enemies":"Spheric Guardian","floor":69,"turns":2},{"damage":10,"enemies":"Slavers","floor":74,"turns":3},{"damage":0,"enemies":"Shell Parasite","floor":75,"turns":1},{"damage":20,"enemies":"Snake Plant","floor":78,"turns":2},{"damage":0,"enemies":"Book of Stabbing","floor":79,"turns":2},{"damage":0,"enemies":"Sentry and Sphere","floor":81,"turns":2},{"damage":0,"enemies":"Automaton","floor":84,"turns":4},{"damage":0,"enemies":"Orb Walker","floor":86,"turns":1},{"damage":0,"enemies":"3 Darklings","floor":88,"turns":3},{"damage":0,"enemies":"R_Hoarder","floor":91,"turns":5},{"damage":0,"enemies":"Reptomancer","floor":93,"turns":3},{"damage":0,"enemies":"Nemesis","floor":95,"turns":3},{"damage":0,"enemies":"Reptomancer","floor":97,"turns":2},{"damage":0,"enemies":"Sphere and 2 Shapes","floor":98,"turns":3},{"damage":0,"enemies":"Mind Bloom Boss Battle","floor":99,"turns":2},{"damage":0,"enemies":"Replay:Hell Engine","floor":101,"turns":5},{"damage":0,"enemies":"Small Slimes","floor":103,"turns":1},{"damage":0,"enemies":"Jaw Worm","floor":104,"turns":1},{"damage":0,"enemies":"Cultist","floor":105,"turns":1},{"damage":0,"enemies":"Large Slime","floor":106,"turns":1},{"damage":0,"enemies":"Gremlin Nob","floor":108,"turns":2},{"damage":0,"enemies":"Exordium Wildlife","floor":110,"turns":1},{"damage":0,"enemies":"Lagavulin","floor":112,"turns":2},{"damage":0,"enemies":"Looter","floor":113,"turns":1},{"damage":0,"enemies":"3 Louse","floor":116,"turns":1},{"damage":0,"enemies":"Hexaghost","floor":118,"turns":2},{"damage":0,"enemies":"Chosen","floor":120,"turns":2},{"damage":0,"enemies":"2 Thieves","floor":123,"turns":1},{"damage":0,"enemies":"Gremlin Leader","floor":125,"turns":2},{"damage":0,"enemies":"Replay:Snechameleon","floor":127,"turns":2},{"damage":0,"enemies":"Shelled Parasite and Fungi","floor":129,"turns":1},{"damage":0,"enemies":"Centurion and Healer","floor":130,"turns":1},{"damage":0,"enemies":"3 Cultists","floor":132,"turns":2},{"damage":0,"enemies":"Chosen and Byrds","floor":133,"turns":2},{"damage":0,"enemies":"Collector","floor":135,"turns":3},{"damage":0,"enemies":"3 Shapes","floor":137,"turns":1},{"damage":0,"enemies":"Orb Walker","floor":140,"turns":1},{"damage":0,"enemies":"Writhing Mass","floor":141,"turns":3},{"damage":0,"enemies":"Transient","floor":144,"turns":5},{"damage":0,"enemies":"Giant Head","floor":146,"turns":4},{"damage":0,"enemies":"Mind Bloom Boss Battle","floor":148,"turns":3},{"damage":0,"enemies":"Spire Growth","floor":149,"turns":3},{"damage":0,"enemies":"R_Hoarder","floor":150,"turns":3},{"damage":0,"enemies":"Awakened One","floor":152,"turns":5},{"damage":0,"enemies":"Small Slimes","floor":154,"turns":1},{"damage":0,"enemies":"2 Louse","floor":156,"turns":1},{"damage":0,"enemies":"Jaw Worm","floor":158,"turns":1},{"damage":0,"enemies":"Lagavulin","floor":159,"turns":1},{"damage":0,"enemies":"Gremlin Nob","floor":161,"turns":1},{"damage":0,"enemies":"3 Louse","floor":163,"turns":1},{"damage":0,"enemies":"Slime Boss","floor":169,"turns":2},{"damage":0,"enemies":"Chosen","floor":171,"turns":1},{"damage":0,"enemies":"3 Byrds","floor":172,"turns":2},{"damage":0,"enemies":"Slavers","floor":177,"turns":2},{"damage":0,"enemies":"Book of Stabbing","floor":181,"turns":2},{"damage":0,"enemies":"Centurion and Healer","floor":182,"turns":1},{"damage":0,"enemies":"infinitespire:LordOfFortification","floor":186,"turns":15},{"damage":0,"enemies":"Orb Walker","floor":188,"turns":1},{"damage":0,"enemies":"R_Hoarder","floor":193,"turns":3},{"damage":0,"enemies":"3 Darklings","floor":194,"turns":2},{"damage":0,"enemies":"Nemesis","floor":195,"turns":3},{"damage":0,"enemies":"Maw","floor":200,"turns":3},{"damage":0,"enemies":"4 Shapes","floor":201,"turns":2},{"damage":0,"enemies":"infinitespire:LordOfFortification","floor":203,"turns":14},{"damage":0,"enemies":"Shield and Spear","floor":207,"turns":2},{"damage":0,"enemies":"The Heart","floor":208,"turns":7}],"seed_played":"1256323769475555531","potions_obtained":[{"floor":1.0,"key":"Poison Potion"},{"floor":3.0,"key":"hexamod:EctoCoolerPotion"},{"floor":4.0,"key":"Milkshake"},{"floor":7.0,"key":"Strength Potion"},{"floor":20,"key":"Adrenaline Potion"},{"floor":23,"key":"LiquidMemories"},{"floor":28,"key":"FearPotion"},{"floor":31,"key":"Ancient Potion"},{"floor":33,"key":"ColorlessPotion"},{"floor":40,"key":"Languid Potion"},{"floor":57,"key":"Regen Potion"},{"floor":57,"key":"Milkshake"},{"floor":65,"key":"Regen Potion"},{"floor":93,"key":"AttackPotion"},{"floor":102,"key":"hexamod:EctoCoolerPotion"},{"floor":104,"key":"infinitespire:BlackPotion"},{"floor":105,"key":"DuplicationPotion"},{"floor":138,"key":"Flashbang"},{"floor":195,"key":"Strength Potion"},{"floor":200,"key":"Explosive Potion"},{"floor":203,"key":"LiquidBronze"}],"is_trial":false,"path_per_floor":["M","?","M","M","T","R","E","M","T","E","$","E","R","$","R","B",null,"?","?","?","?","?","E","T","T","T","NM","?","E","T","E","T","B",null,"?","?","?","AVR","?","E","T","T","T","T","?","?","?","?","T","B",null,"?","?","T","?","?","NM","T","E","T","T","?","T","?","?","T","B",null,"?","?","AVR","T","?","E","?","?","T","?","E","?","?","T","T","B",null,"?","?","?","T","?","E","T","E","T","E","T","E","?","?","T","B",null,"?","?","?","?","AVR","E","T","?","T","E","?","T","?","?","T","B",null,"?","?","T","?","T","E","T","E","T","?","?","AVR","?","?","T","B",null,"?","?","?","?","?","T","T","?","T","E","T","?","?","E","T","B",null,"?","?","?","AVR","?","E","T","E","T","?","?","T","T","T","T","B",null,"?","?","?","?","T","T","E","T","T","T","E","?","?","T","T","B",null,"?","?","AVR","?","T","E","?","E","T","T","T","T","?","?","T","B",null,"T","T","E","B",null],"character_chosen":"THE_SILENT","items_purchased":["ReplayTheSpireMod:CursedCoin","Replay:SS_hec_2","Flying Knee","Oddly Smooth Stone","Accuracy","Lee\u0027s Waffle","Omamori","Accuracy","DollysMirror","Backstab","Membership Card","Snake Skull","Snack Pack","Anchor","Terror+1","Panache","aspiration:HummingbirdHeart","Calipers","hubris:Zylophone","Replay:Bandana","MerchantsRug","hubris:DisguiseKit","Garlic","ReplayFunnel"],"campfire_rested":9,"item_purchase_floors":[11,11,11,11,14,41,54,63,89,124,124,147,147,167,167,184,184,184,192,198,198,198,206,206],"current_hp_per_floor":[69,69,69,69,69,69,50,41,41,41,41,41,41,41,61,61,51,51,51,51,51,51,51,51,51,51,51,51,51,51,58,61,53,61,56,57,55,61,61,58,68,68,68,68,61,65,61,67,68,66,68,68,68,68,68,68,46,52,52,58,64,68,68,68,68,68,68,68,68,68,68,68,68,58,64,68,68,48,54,60,66,68,68,68,68,68,68,68,68,68,68,68,68,68,68,68,68,68,68,68,68,73,73,73,73,73,73,73,73,73,73,73,73,73,73,73,73,73,73,73,73,73,73,73,73,73,73,73,73,73,73,73,73,73,73,73,73,73,73,73,73,73,73,73,73,73,79,79,79,79,79,79,79,79,79,79,79,79,79,79,79,79,79,79,79,79,79,79,79,79,79,79,79,79,79,79,79,79,79,79,79,79,79,79,79,79,79,79,79,79,78,79,79,79,79,79,79,79,79,79,79,79,79,79,79,79,79,79],"gold":151,"neow_bonus":"DSIX","is_daily":false,"chose_seed":false,"campfire_upgraded":19,"win_rate":0.0,"timestamp":1608409503,"path_taken":["M","?","M","?","?","R","E","M","T","E","$","E","R","?","R","BOSS","?","?","?","?","?","E","T","T","T","NM","?","E","T","E","T","BOSS","?","?","?","AVR","?","E","?","T","T","T","?","?","?","?","T","BOSS","?","?","?","?","?","NM","T","E","T","T","?","T","?","?","T","BOSS","?","?","AVR","?","?","E","?","?","T","?","E","?","?","?","T","BOSS","?","?","?","T","?","E","?","E","T","E","T","E","?","?","T","BOSS","?","?","?","?","AVR","E","T","?","T","E","?","T","?","?","T","BOSS","?","?","?","?","T","E","T","E","T","?","?","AVR","?","?","T","BOSS","?","?","?","?","?","T","?","?","T","E","T","?","?","E","T","BOSS","?","?","?","AVR","?","E","T","E","T","?","?","T","?","?","T","BOSS","?","?","?","?","?","T","E","T","T","T","E","?","?","T","T","BOSS","?","?","AVR","?","T","E","?","E","T","?","T","T","?","?","T","BOSS","T","T","E","BOSS"],"items_purchased_type":["Relic","Card","Card","Relic","Card","Relic","Relic","Card","Relic","Card","Relic","Relic","Relic","Relic","Card","Card","Relic","Relic","Relic","Relic","Relic","Relic","Relic","Relic"],"build_version":"2020-12-13","purchased_purges":9,"victory":true,"max_hp_per_floor":[70,70,70,70,70,70,70,70,70,70,67,67,67,67,67,67,51,51,51,51,51,51,51,51,51,51,51,51,51,51,61,61,61,61,61,61,61,61,61,61,68,68,68,68,68,68,68,68,68,68,68,68,68,68,68,68,68,68,68,68,68,68,68,68,68,68,68,68,68,68,68,68,68,68,68,68,68,68,68,68,68,68,68,68,68,68,68,68,68,68,68,68,68,68,68,68,68,68,68,68,68,73,73,73,73,73,73,73,73,73,73,73,73,73,73,73,73,73,73,73,73,73,73,73,73,73,73,73,73,73,73,73,73,73,73,73,73,73,73,73,73,73,73,73,73,73,79,79,79,79,79,79,79,79,79,79,79,79,79,79,79,79,79,79,79,79,79,79,79,79,79,79,79,79,79,79,79,79,79,79,79,79,79,79,79,79,79,79,79,79,79,79,79,79,79,79,79,79,79,79,79,79,79,79,79,79,79,79],"card_choices":[{"not_picked":["Catalyst","Slice"],"picked":"Backstab","floor":1.0},{"not_picked":["Expertise","Bane"],"picked":"Quick Slash","floor":3.0},{"not_picked":["Reflex","Distraction"],"picked":"Slice","floor":4.0},{"not_picked":["Dagger Throw","Deadly Poison"],"picked":"Blade Dance","floor":7.0},{"not_picked":["Noxious Fumes","Adrenaline"],"picked":"Cloak And Dagger","floor":8.0},{"not_picked":["Quick Slash","Calculated Gamble","Deflect"],"picked":"SKIP","floor":10},{"not_picked":["Slice","Leg Sweep"],"picked":"Infinite Blades","floor":12},{"not_picked":["Hidden Blade+1","Setup","Poisoned Stab"],"picked":"SKIP","floor":18},{"not_picked":["Acrobatics","Outmaneuver","PiercingWail"],"picked":"SKIP","floor":19},{"not_picked":["Deadly Poison","hubris:TrickCloak"],"picked":"Slice","floor":20},{"not_picked":["hubris:SlightOfHand+1","Dodge and Roll","Outmaneuver"],"picked":"SKIP","floor":22},{"not_picked":["Bouncing Flask+1","Bane","Dagger Throw"],"picked":"SKIP","floor":23},{"not_picked":["Hidden Blade","Tactician"],"picked":"Slice+1","floor":27},{"not_picked":["Dodge and Roll","Flying Knee","Backflip"],"picked":"SKIP","floor":28},{"not_picked":["Acrobatics","Toxin Wave","Deflect"],"picked":"SKIP","floor":29},{"not_picked":["Replay:Poison Smokescreen+1","Dash"],"picked":"Footwork","floor":31},{"not_picked":["Delirium","Parasite"],"picked":"Spreading Infection","floor":34},{"not_picked":["hubris:Lust","Parasite"],"picked":"Guardian:Aged","floor":34},{"not_picked":["Parasite","CurseOfTheBell"],"picked":"Regret","floor":34},{"not_picked":["Backflip+1","Distraction+1","Flying Knee"],"picked":"SKIP","floor":35},{"not_picked":["Replay:Poison Smokescreen","Deflect","Phantasmal Killer"],"picked":"SKIP","floor":36},{"not_picked":["Well Laid Plans+1","Prepared+1","Quick Slash"],"picked":"SKIP","floor":37},{"not_picked":["Slice+1","Deflect+1"],"picked":"Choke","floor":40},{"not_picked":["Dagger Spray","Skewer"],"picked":"Cloak And Dagger+1","floor":45},{"not_picked":["Acrobatics+1","Quick Slash+1","Underhanded Strike"],"picked":"SKIP","floor":46},{"not_picked":["Bane+1","ReplayTheSpireMod:Speed Training+1"],"picked":"Backstab+1","floor":47},{"not_picked":["hubris:SlightOfHand+1","Bouncing Flask","Dagger Throw+1"],"picked":"SKIP","floor":48},{"not_picked":["Flechettes"],"picked":"SKIP","floor":52},{"not_picked":["Tactician"],"picked":"SKIP","floor":53},{"not_picked":["Deadly Poison"],"picked":"SKIP","floor":56},{"not_picked":["ReplayTheSpireMod:Necrosis"],"picked":"SKIP","floor":57},{"not_picked":["Night Terror"],"picked":"SKIP","floor":59},{"not_picked":["Dodge and Roll"],"picked":"SKIP","floor":64},{"not_picked":["Poisoned Stab"],"picked":"SKIP","floor":65},{"not_picked":["Predator"],"picked":"SKIP","floor":69},{"not_picked":["infinitespire:Neurotoxin"],"picked":"SKIP","floor":74},{"not_picked":["Slice+1"],"picked":"SKIP","floor":75},{"not_picked":["Concentrate"],"picked":"SKIP","floor":78},{"not_picked":[],"picked":"Die Die Die","floor":79},{"not_picked":["Bouncing Flask"],"picked":"SKIP","floor":81},{"not_picked":[],"picked":"A Thousand Cuts","floor":84},{"not_picked":["Deflect"],"picked":"SKIP","floor":86},{"not_picked":["Acrobatics"],"picked":"SKIP","floor":88},{"not_picked":["Outmaneuver"],"picked":"SKIP","floor":91},{"not_picked":["Quick Slash+1"],"picked":"SKIP","floor":93},{"not_picked":["Dash+1"],"picked":"SKIP","floor":95},{"not_picked":["ReplayTheSpireMod:Necrosis"],"picked":"SKIP","floor":97},{"not_picked":["Deflect+1"],"picked":"SKIP","floor":98},{"not_picked":[],"picked":"After Image","floor":99},{"not_picked":[],"picked":"Envenom","floor":101},{"not_picked":["Crippling Poison"],"picked":"SKIP","floor":103},{"not_picked":["Bane"],"picked":"SKIP","floor":104},{"not_picked":["Setup"],"picked":"SKIP","floor":105},{"not_picked":["Backflip"],"picked":"SKIP","floor":106},{"not_picked":["Outmaneuver"],"picked":"SKIP","floor":108},{"not_picked":["Deflect"],"picked":"SKIP","floor":110},{"not_picked":["Bane"],"picked":"SKIP","floor":112},{"not_picked":["Dagger Throw"],"picked":"SKIP","floor":113},{"not_picked":["Prepared"],"picked":"SKIP","floor":116},{"not_picked":["Deflect"],"picked":"SKIP","floor":120},{"not_picked":["hubris:SlightOfHand"],"picked":"SKIP","floor":123},{"not_picked":["Cloak And Dagger+1"],"picked":"SKIP","floor":125},{"not_picked":["Flying Knee"],"picked":"SKIP","floor":127},{"not_picked":["Crippling Poison+1"],"picked":"SKIP","floor":129},{"not_picked":["Sucker Punch+1"],"picked":"SKIP","floor":130},{"not_picked":["Bane"],"picked":"SKIP","floor":132},{"not_picked":["Reflex"],"picked":"SKIP","floor":133},{"not_picked":["hubris:SlightOfHand+1"],"picked":"SKIP","floor":137},{"not_picked":["Deadly Poison+1"],"picked":"SKIP","floor":140},{"not_picked":["Cloak And Dagger"],"picked":"SKIP","floor":141},{"not_picked":["PiercingWail+1"],"picked":"SKIP","floor":144},{"not_picked":[],"picked":"Finisher+1","floor":146},{"not_picked":["Cloak And Dagger"],"picked":"SKIP","floor":149},{"not_picked":["Sucker Punch"],"picked":"SKIP","floor":150},{"not_picked":["hubris:Sniper"],"picked":"SKIP","floor":154},{"not_picked":["Poisoned Stab"],"picked":"SKIP","floor":156},{"not_picked":["Eviscerate"],"picked":"SKIP","floor":158},{"not_picked":["Backflip"],"picked":"SKIP","floor":159},{"not_picked":["Quick Slash"],"picked":"SKIP","floor":161},{"not_picked":["Blade Dance"],"picked":"SKIP","floor":163},{"not_picked":["Well Laid Plans"],"picked":"SKIP","floor":171},{"not_picked":["Poisoned Stab+1"],"picked":"SKIP","floor":172},{"not_picked":["Setup+1"],"picked":"SKIP","floor":177},{"not_picked":["Backflip+1"],"picked":"SKIP","floor":181},{"not_picked":["Acrobatics+1"],"picked":"SKIP","floor":182},{"not_picked":["Acrobatics+1"],"picked":"SKIP","floor":188},{"not_picked":["ReplayTheSpireMod:Speed Training+1"],"picked":"SKIP","floor":193},{"not_picked":["Leg Sweep+1"],"picked":"SKIP","floor":194},{"not_picked":["Slice"],"picked":"SKIP","floor":195},{"not_picked":["Slice+1","Uncharnel"],"picked":"SKIP","floor":200},{"not_picked":["Heel Hook","Consume_Illness"],"picked":"SKIP","floor":201},{"not_picked":["hubris:Sniper+1","Death_March_Dance"],"picked":"SKIP","floor":207}],"player_experience":542091,"relics_obtained":[{"floor":7.0,"key":"Mirror"},{"floor":9.0,"key":"Iron Hammer"},{"floor":10,"key":"infinitespire:Bottled Soul"},{"floor":12,"key":"Counterbalance"},{"floor":23,"key":"hubris:Teleporter"},{"floor":26,"key":"Replay:Bottled Flurry"},{"floor":27,"key":"Orichalcum"},{"floor":29,"key":"Whetstone"},{"floor":31,"key":"Pear"},{"floor":40,"key":"Replay:Accelerometer"},{"floor":57,"key":"Basket Of Snakes"},{"floor":59,"key":"aspiration:VileToxins"},{"floor":60,"key":"Bag of Marbles"},{"floor":72,"key":"infinitespire:FocusingShard"},{"floor":74,"key":"infinitespire:Golems Mask"},{"floor":77,"key":"Replay:Wax Seal"},{"floor":79,"key":"Blue Doll"},{"floor":91,"key":"Pen Nib"},{"floor":92,"key":"aspiration:HatOfInfinitePower"},{"floor":93,"key":"Torii"},{"floor":94,"key":"Tiny Chest"},{"floor":95,"key":"ReplayTheSpireMod:Shallot"},{"floor":97,"key":"Replay:Rubber Ducky"},{"floor":99,"key":"TungstenRod"},{"floor":108,"key":"Eternal Feather"},{"floor":111,"key":"Shuriken"},{"floor":112,"key":"infinitespire:Midas Blood"},{"floor":122,"key":"Ninja Scroll"},{"floor":125,"key":"infinitespire:Lucky Rock"},{"floor":127,"key":"hubris:TenFootPole"},{"floor":128,"key":"Matryoshka"},{"floor":136,"key":"ReplayTheSpireMod:TigerMarble"},{"floor":136,"key":"hubris:PeanutButter"},{"floor":136,"key":"Thread and Needle"},{"floor":138,"key":"Ancient Tea Set"},{"floor":143,"key":"infinitespire:Beetle Shell"},{"floor":143,"key":"aspiration:Lifesprig"},{"floor":145,"key":"infinitespire:BottledMercury"},{"floor":146,"key":"infinitespire:Satchel"},{"floor":148,"key":"Vampiric Spirits"},{"floor":150,"key":"Guardian:PocketSentry"},{"floor":159,"key":"Replay:Mystery Machine"},{"floor":161,"key":"hubris:BundleOfHerbs"},{"floor":162,"key":"Vajra"},{"floor":166,"key":"infinitespire:Broken Mirror"},{"floor":175,"key":"InkBottle"},{"floor":177,"key":"aspiration:StickyExplosives_weak"},{"floor":179,"key":"Juzu Bracelet"},{"floor":181,"key":"MawBank"},{"floor":193,"key":"Pondfish Scales"},{"floor":195,"key":"Strawberry"},{"floor":196,"key":"PreservedInsect"},{"floor":197,"key":"Art of War"},{"floor":207,"key":"Gremlin Horn"}],"event_choices":[{"damage_healed":0.0,"max_hp_gain":0.0,"max_hp_loss":0.0,"gold_gain":0.0,"event_name":"Transmorgrifier","player_choice":"Ignored","floor":2.0,"gold_loss":0.0,"damage_taken":0.0},{"damage_healed":0,"gold_gain":0,"player_choice":"Paid Gold","damage_taken":0,"relics_obtained":["aspiration:TomeofQuesting"],"max_hp_gain":0,"max_hp_loss":0,"event_name":"WeMeetAgain","floor":21,"gold_loss":68},{"damage_healed":0,"gold_gain":0,"player_choice":"Ignored","damage_taken":0,"max_hp_gain":0,"max_hp_loss":0,"event_name":"Vampires","floor":70,"gold_loss":0},{"damage_healed":0,"gold_gain":0,"player_choice":"Simplicity","damage_taken":0,"max_hp_gain":0,"max_hp_loss":3,"event_name":"betterThird:BetterWriting","floor":76,"gold_loss":0},{"damage_healed":0,"gold_gain":6,"player_choice":"1","damage_taken":0,"max_hp_gain":0,"max_hp_loss":0,"event_name":"betterStone:BetterStone","floor":87,"gold_loss":0},{"damage_healed":0,"gold_gain":0,"player_choice":"Fight","damage_taken":0,"max_hp_gain":0,"max_hp_loss":0,"event_name":"MindBloom","floor":99,"gold_loss":0},{"damage_healed":0,"gold_gain":0,"player_choice":"Opened","damage_taken":0,"relics_obtained":["Darkstone Periapt"],"max_hp_gain":0,"max_hp_loss":0,"event_name":"The Mausoleum","floor":121,"gold_loss":0,"cards_obtained":["Writhe"]},{"damage_healed":0,"gold_gain":0,"player_choice":"Bought 0 Potions","damage_taken":0,"max_hp_gain":0,"max_hp_loss":0,"event_name":"The Woman in Blue","floor":139,"gold_loss":0},{"damage_healed":0,"gold_gain":0,"player_choice":"Fight","damage_taken":0,"max_hp_gain":0,"max_hp_loss":0,"event_name":"MindBloom","floor":148,"gold_loss":0},{"cards_removed":["Defend_G"],"damage_healed":0,"gold_gain":0,"player_choice":"Forget","damage_taken":0,"max_hp_gain":0,"max_hp_loss":0,"event_name":"Living Wall","floor":155,"gold_loss":0},{"damage_healed":0,"gold_gain":0,"player_choice":"Inject Mutagens","damage_taken":0,"relics_obtained":["MutagenicStrength"],"max_hp_gain":0,"max_hp_loss":0,"event_name":"Drug Dealer","floor":173,"gold_loss":0},{"damage_healed":0,"gold_gain":100,"player_choice":"Bet on Murderer","damage_taken":0,"max_hp_gain":0,"max_hp_loss":0,"event_name":"The Joust","floor":174,"gold_loss":50},{"damage_healed":0,"gold_gain":0,"player_choice":"Ignored","damage_taken":0,"max_hp_gain":0,"max_hp_loss":0,"event_name":"Tomb of Lord Red Mask","floor":189,"gold_loss":0},{"damage_healed":0,"gold_gain":0,"player_choice":"Punched","damage_taken":3,"max_hp_gain":0,"max_hp_loss":0,"event_name":"Designer","floor":191,"gold_loss":0}],"is_beta":false,"boss_relics":[{"not_picked":["Velvet Choker","Ring of Chaos"],"picked":"Replay:Grab Bag"},{"not_picked":["Honey Jar","hubris:CrackedHourglass"],"picked":"hubris:VirtuousBlindfold"},{"not_picked":["infinitespire:Cupcake","ReplayTheSpireMod:DimensionalGlitch"],"picked":"Painkiller Herb"},{"not_picked":["Snecko Eye","Snecko Scales"],"picked":"Astrolabe"},{"not_picked":["aspiration:SecretTechniqueScroll","Runic Pyramid"],"picked":"Replay:Drink Me"},{"not_picked":["Kintsugi","aspiration:ServantSkillbook"],"picked":"Replay:Ancient Bell"},{"not_picked":["aspiration:HiddenCompartment","Replay:Wax Seal"],"picked":"aspiration:ChemicalBlood"},{"not_picked":["hubris:DeckOfHolding","aspiration:SeaSaltIceCream"],"picked":"Kunai"},{"not_picked":["Pondfish Scales","hubris:Spice"],"picked":"CaptainsWheel"},{"not_picked":["HoveringKite","Empty Cage"],"picked":"Busted Crown"},{"not_picked":["ChewingGum","Replay:Wanted Poster"],"picked":"WristBlade"},{"not_picked":["Coffee Dripper","HoveringKite"],"picked":"Philosopher\u0027s Stone"},{"not_picked":["Ring of Chaos","hubris:BlackHole"],"picked":"Tiny House"},{"not_picked":["aspiration:SecretTechniqueScroll","Snecko Scales"],"picked":"infinitespire:Cupcake"},{"not_picked":["Kintsugi","hubris:Stopwatch"],"picked":"Calling Bell"},{"not_picked":["Honey Jar","hubris:BlackHole"],"picked":"Empty Cage"},{"not_picked":["Snecko Scales","ReplayTheSpireMod:DimensionalGlitch","Fusion Hammer"]},{"not_picked":["ChewingGum","Snecko Eye"],"picked":"hubris:TerracottaHorce"},{"not_picked":["aspiration:RunicSpoon","Abe\u0027s Treasure"],"picked":"Sozu"}],"items_purged_floors":[11,25,38,41,71,131,147,167,184],"is_endless":true,"potions_floor_spawned":[1,3,4,7,20,23,28,31,33,36,45,47,48,53,56,57,65,74,75,81,93,95,97,104,105,110,116,120,123,125,133,144,148,149,152,154,163,169,177,194,195,200,203,207],"ascension_level":6}}