{"host":"z4z0bb8knwtwz86e","time":1608394642,"event":{"mods":["2.2 Compatiblity","Act Like it!","BaseMod","Better Third Choice","Block Reminder","ChefMod","Colored Map","Colored Powertips","Downfall","Filter the Spire","Friendly Minions","Googly Eyes","Halation","Hallownest","Infinite Spire","Lobotomy","Luminous","Minty Spire (QoL Compilation)","Permanent Neow","Quick Restart","Rare Cards Sparkle","Replay The Spire","Robot Space Explorer","Shade Mod","Spire Birthday Party","StSLib","SuperFastMode","The Blue Laboratory","The Bug Knight","The Clintock","The Dragon Tamer","The Factory","The Jungle","TheVacant","vexMod"],"gold_per_floor":[199,216,277,277,202,202,202,36,54,54,70,81,81,66,80,176,176,101,116,116,116,116,116,141,141,161,161,173,173,193,293,311,311,311],"floor_reached":33,"playtime":1259,"items_purged":[],"score":260,"play_id":"54fe0f09-93c3-45a2-930f-0d735339fa9b","local_time":"20201219111722","is_ascension_mode":false,"campfire_choices":[{"floor":1,"key":"RECALL"},{"floor":5,"key":"REST"},{"data":"Guardian:CrystalBeam","floor":10,"key":"SMITH"},{"data":"Guardian:HyperBeam_Guardian","floor":18,"key":"SMITH"},{"data":"Guardian:PiercingHide","floor":20,"key":"SMITH"},{"data":"Guardian:PolyBeam","floor":25,"key":"SMITH"},{"floor":27,"key":"REST"}],"circlet_count":0,"master_deck":["Guardian:Strike_Guardian","Guardian:Strike_Guardian","Guardian:Strike_Guardian","Guardian:Strike_Guardian","Guardian:Defend_Guardian","Guardian:Defend_Guardian","Guardian:Defend_Guardian","Guardian:Defend_Guardian","Guardian:CurlUp","Guardian:TwinSlam","Guardian:VentSteam","Guardian:PolyBeam+1","Guardian:DonusPower+1","Guardian:CrystalBeam+1","Guardian:RollAttack","Guardian:HyperBeam_Guardian+1","Guardian:PrimingBeam","Guardian:WalkerClaw+1","CurseOfTheBell","Guardian:PiercingHide+1","Guardian:SphericShield","Guardian:Gem_Lightblue","Guardian:EvasiveProtocol","Guardian:Gem_Green"],"relics":["Guardian:ModeShifter","halation:LettersToHer","halation:EternalFortune","downfall:HeartBlessingRed","Calling Bell","Anchor","infinitespire:WardingShard","vexMod:CardConverter","downfall:HeartBlessingBlue","Ancient Tea Set"],"acts_visited":["Exordium","TheCity"],"potions_floor_usage":[16,16,16],"damage_taken":[{"damage":9,"enemies":"Jaw Worm","floor":2,"turns":6},{"damage":25,"enemies":"3 Sentries","floor":3,"turns":14},{"damage":0,"enemies":"downfall:FleeingMerchant","floor":8,"turns":4},{"damage":0,"enemies":"2 Louse","floor":9,"turns":1},{"damage":2,"enemies":"Small Slimes","floor":11,"turns":2},{"damage":8,"enemies":"Red Slaver","floor":12,"turns":2},{"damage":10,"enemies":"downfall:FleeingMerchant","floor":14,"turns":4},{"damage":0,"enemies":"Exordium Wildlife","floor":15,"turns":1},{"damage":36,"enemies":"downfall:Ironclad","floor":16,"turns":8},{"damage":10,"enemies":"3 Byrds","floor":19,"turns":3},{"damage":14,"enemies":"Shell Parasite","floor":26,"turns":3},{"damage":2,"enemies":"Centurion and Healer","floor":28,"turns":4},{"damage":21,"enemies":"Cultist and Chosen","floor":30,"turns":8},{"damage":32,"enemies":"Sentry and Sphere","floor":32,"turns":6},{"damage":49,"enemies":"downfall:Silent","floor":33,"turns":9}],"seed_played":"3291177505325753338","potions_obtained":[{"floor":2,"key":"blueLaboratory:BottledHope"},{"floor":6,"key":"Languid Potion"},{"floor":6,"key":"blueLaboratory:EmptyBottle"},{"floor":9,"key":"blueLaboratory:HummingbirdPotion"},{"floor":16,"key":"SkillPotion"},{"floor":28,"key":"Weak Potion"},{"floor":32,"key":"Adrenaline Potion"}],"is_trial":false,"path_per_floor":["R_BF","M","?","?","R","?","T","$","M","R","M","M","?","$","M","B",null,"R","M","R","?","?","?","T","R","M","R","M","?","M","?","M","B"],"character_chosen":"GUARDIAN","items_purchased":["Guardian:DonusPower+1","Guardian:Gem_Red","Guardian:CrystalBeam"],"campfire_rested":2,"item_purchase_floors":[8,8,8],"current_hp_per_floor":[80,71,46,49,73,73,73,76,76,76,74,66,66,56,56,20,86,96,88,88,88,88,80,80,80,68,98,98,98,79,79,49,0,0],"gold":311,"neow_bonus":"HUNDRED_GOLD","is_daily":false,"chose_seed":false,"campfire_upgraded":4,"win_rate":0.0,"timestamp":1608394642,"path_taken":["R_BF","M","?","?","R","?","T","$","M","R","M","?","?","$","M","BOSS","R","M","R","?","?","?","T","R","M","R","?","?","M","?","M","BOSS"],"items_purchased_type":["Card","Card","Card"],"build_version":"2020-12-13","purchased_purges":0,"victory":false,"max_hp_per_floor":[80,80,80,83,83,83,83,86,86,86,86,86,86,86,86,86,86,96,98,98,98,98,98,98,98,100,100,102,102,104,104,106,106,106],"card_choices":[{"not_picked":["Guardian:TemporalShield","Guardian:Incinerate"],"picked":"Guardian:Gem_White","floor":2},{"not_picked":["Guardian:CrystalBeam","Guardian:Suspension"],"picked":"Guardian:VentSteam","floor":3},{"not_picked":["Guardian:Gem_Red","Guardian:Emergency"],"picked":"Guardian:PolyBeam","floor":8},{"not_picked":["Guardian:Gem_Green","Guardian:SpikerProtocol"],"picked":"Guardian:RollAttack","floor":9},{"not_picked":["Guardian:Suspension","Guardian:FloatingOrbs"],"picked":"Guardian:HyperBeam_Guardian","floor":11},{"not_picked":["Guardian:CrystalBeam","Guardian:Repulse"],"picked":"Guardian:PrimingBeam","floor":12},{"not_picked":["Guardian:Reroute","Guardian:Gem_Green"],"picked":"Guardian:WalkerClaw","floor":14},{"not_picked":["Guardian:TemporalShield","Guardian:Suspension"],"picked":"Guardian:Gem_Cyan","floor":15},{"not_picked":["Guardian:StasisStrike","Guardian:AncientConstruct"],"picked":"Guardian:Gem_Orange","floor":16},{"not_picked":["Guardian:TemporalStrike","Guardian:Suspension"],"picked":"Guardian:PiercingHide","floor":19},{"not_picked":["Guardian:TemporalShield","Guardian:Gem_Cyan"],"picked":"Guardian:SphericShield","floor":26},{"not_picked":["Guardian:Planning","Guardian:Suspension+1"],"picked":"Guardian:Gem_Lightblue","floor":28},{"not_picked":["Guardian:VentSteam","Guardian:Gem_Red"],"picked":"Guardian:EvasiveProtocol","floor":30},{"not_picked":["Guardian:Clone","Guardian:FloatingOrbs"],"picked":"Guardian:Gem_Green","floor":32}],"player_experience":42101,"relics_obtained":[{"floor":7,"key":"halation:LettersToHer"},{"floor":8,"key":"halation:EternalFortune"},{"floor":17,"key":"Anchor"},{"floor":17,"key":"infinitespire:WardingShard"},{"floor":17,"key":"vexMod:CardConverter"},{"floor":24,"key":"halation:LettersToHer"},{"floor":24,"key":"Ancient Tea Set"}],"event_choices":[{"damage_healed":0,"gold_gain":0,"player_choice":"Got Potions","damage_taken":0,"max_hp_gain":0,"max_hp_loss":0,"event_name":"Lab","floor":6,"gold_loss":0},{"damage_healed":0,"gold_gain":0,"player_choice":"Ignored","damage_taken":0,"max_hp_gain":0,"max_hp_loss":0,"event_name":"NoteForYourself","floor":13,"gold_loss":0},{"damage_healed":0,"gold_gain":0,"player_choice":"Ignored","damage_taken":0,"max_hp_gain":0,"max_hp_loss":0,"event_name":"Ghosts","floor":29,"gold_loss":0}],"is_beta":false,"boss_relics":[{"not_picked":["vexMod:NewClearReactor","Ring of Chaos"],"picked":"Calling Bell"}],"items_purged_floors":[],"is_endless":false,"potions_floor_spawned":[2,9,15,16,28,32],"killed_by":"downfall:Silent","ascension_level":0}}