{"host":"vumwfieg2b2mnrfl","time":1608351442,"event":{"mods":["AchievementEnabler","BaseMod","Minty Spire (QoL Compilation)","Rare Cards Sparkle","Relic Stats"],"gold_per_floor":[109,125,52,52,52,52,78,78,78,93,109,136,136,146,146,245,245,262,273,273,196,146,181,181,217,217,217,217],"floor_reached":27,"playtime":895,"items_purged":[],"score":408,"play_id":"d18e3a6f-fb7a-44b5-aa53-fc05b3a586a0","local_time":"20201218221722","is_ascension_mode":true,"campfire_choices":[{"data":"Fire Breathing","floor":6,"key":"SMITH"},{"floor":13,"key":"REST"},{"data":"Feed","floor":15,"key":"SMITH"},{"floor":24,"key":"REST"}],"circlet_count":0,"master_deck":["Strike_R","Strike_R","Strike_R","Defend_R","Defend_R","Defend_R","Defend_R","Bash","Clash","Bloodletting","Fire Breathing+1","Feel No Pain","Uppercut","Flame Barrier","Ghostly Armor","Feed+1","Armaments","Immolate","Warcry","Spot Weakness","Rage","Burning Pact+1"],"relics":["Burning Blood","NeowsBlessing","Torii","Mummified Hand","Akabeko","Sozu","MutagenicStrength","Eternal Feather","CeramicFish","Juzu Bracelet"],"acts_visited":["Exordium","TheCity"],"potions_floor_usage":[12],"damage_taken":[{"damage":0,"enemies":"Small Slimes","floor":1,"turns":1},{"damage":0,"enemies":"2 Louse","floor":2,"turns":1},{"damage":0,"enemies":"Lagavulin","floor":7,"turns":2},{"damage":0,"enemies":"Cultist","floor":10,"turns":3},{"damage":13,"enemies":"3 Louse","floor":11,"turns":4},{"damage":52,"enemies":"Gremlin Nob","floor":12,"turns":6},{"damage":1,"enemies":"Blue Slaver","floor":14,"turns":6},{"damage":41,"enemies":"The Guardian","floor":16,"turns":18},{"damage":15,"enemies":"Spheric Guardian","floor":18,"turns":4},{"damage":2,"enemies":"3 Byrds","floor":19,"turns":4},{"damage":39,"enemies":"Slavers","floor":23,"turns":7},{"damage":51,"enemies":"Book of Stabbing","floor":25,"turns":6},{"damage":54,"enemies":"Slavers","floor":27,"turns":4}],"seed_played":"-5556123091516157693","potions_obtained":[{"floor":2,"key":"SteroidPotion"},{"floor":10,"key":"Swift Potion"},{"floor":16,"key":"PowerPotion"}],"is_trial":false,"path_per_floor":["M","M","$","?","$","R","E","?","T","M","M","E","R","M","R","B",null,"M","M","?","$","?","E","R","E","T","E"],"character_chosen":"IRONCLAD","items_purchased":["Fire Breathing","Spot Weakness"],"campfire_rested":2,"item_purchase_floors":[3,21],"current_hp_per_floor":[78,80,80,80,80,80,80,80,80,80,73,27,51,59,59,28,72,67,75,75,75,75,42,82,41,41,0,0],"gold":217,"neow_bonus":"THREE_ENEMY_KILL","is_daily":false,"chose_seed":false,"campfire_upgraded":2,"win_rate":0.0,"timestamp":1608351442,"path_taken":["M","M","$","?","$","R","E","?","T","?","M","E","R","M","R","BOSS","M","M","?","$","?","E","R","E","T","E"],"items_purchased_type":["Card","Card"],"build_version":"2020-12-13","purchased_purges":0,"victory":false,"max_hp_per_floor":[80,80,80,80,80,80,80,80,80,80,80,80,80,83,83,87,87,91,95,95,95,95,95,95,99,99,99,99],"relic_stats":{"Sozu":2,"Torii":44,"counters":[13,66],"Mummified Hand":[16],"CeramicFish":9,"Eternal Feather":12,"Juzu Bracelet":0,"obtain_stats":[{"Sozu":17,"NeowsBlessing":0,"Torii":7,"Mummified Hand":9,"MutagenicStrength":20,"CeramicFish":25,"Eternal Feather":23,"Juzu Bracelet":26,"Burning Blood":0,"Akabeko":12},{"Sozu":8,"NeowsBlessing":0,"Torii":3,"Mummified Hand":3,"MutagenicStrength":10,"CeramicFish":12,"Eternal Feather":11,"Juzu Bracelet":12,"Burning Blood":0,"Akabeko":6},{"Sozu":41,"NeowsBlessing":0,"Torii":4,"Mummified Hand":4,"MutagenicStrength":49,"CeramicFish":62,"Eternal Feather":56,"Juzu Bracelet":62,"Burning Blood":0,"Akabeko":17}],"Burning Blood":56},"card_choices":[{"not_picked":["Flex","Clothesline"],"picked":"Clash","floor":1},{"not_picked":["Twin Strike","Havoc"],"picked":"Bloodletting","floor":2},{"not_picked":["Burning Pact","Heavy Blade"],"picked":"Uppercut","floor":7},{"not_picked":["Pommel Strike","Clothesline"],"picked":"Flame Barrier","floor":10},{"not_picked":["Uppercut","Infernal Blade"],"picked":"Ghostly Armor","floor":11},{"not_picked":["Sever Soul","Warcry"],"picked":"Feed","floor":12},{"not_picked":["Twin Strike","Heavy Blade"],"picked":"Armaments","floor":14},{"not_picked":["Feed","Brutality"],"picked":"Immolate","floor":16},{"not_picked":["Intimidate","Dual Wield"],"picked":"Warcry","floor":18},{"not_picked":["Dual Wield","Seeing Red","Carnage"],"picked":"SKIP","floor":19},{"not_picked":["Twin Strike+1","Power Through"],"picked":"Rage","floor":23},{"not_picked":["Pummel","Headbutt"],"picked":"Burning Pact+1","floor":25}],"player_experience":252889,"relics_obtained":[{"floor":7,"key":"Torii"},{"floor":9,"key":"Mummified Hand"},{"floor":12,"key":"Akabeko"},{"floor":23,"key":"Eternal Feather"},{"floor":25,"key":"CeramicFish"},{"floor":26,"key":"Juzu Bracelet"}],"event_choices":[{"damage_healed":0,"gold_gain":0,"cards_transformed":["Strike_R"],"player_choice":"Change","damage_taken":0,"max_hp_gain":0,"max_hp_loss":0,"event_name":"Living Wall","floor":4,"gold_loss":0,"cards_obtained":["Feel No Pain"]},{"cards_removed":["Strike_R"],"damage_healed":0,"gold_gain":0,"player_choice":"Offered Basic","damage_taken":0,"max_hp_gain":0,"max_hp_loss":0,"event_name":"Bonfire Elementals","floor":8,"gold_loss":0},{"damage_healed":0,"gold_gain":0,"player_choice":"Inject Mutagens","damage_taken":0,"relics_obtained":["MutagenicStrength"],"max_hp_gain":0,"max_hp_loss":0,"event_name":"Drug Dealer","floor":20,"gold_loss":0},{"damage_healed":0,"gold_gain":0,"player_choice":"Bet on Murderer","damage_taken":0,"max_hp_gain":0,"max_hp_loss":0,"event_name":"The Joust","floor":22,"gold_loss":50}],"is_beta":false,"boss_relics":[{"not_picked":["Runic Pyramid","SacredBark"],"picked":"Sozu"}],"items_purged_floors":[],"is_endless":false,"potions_floor_spawned":[2,10,16,18,19],"killed_by":"Slavers","ascension_level":7}}