{"host":"esx1hwjnbftf3eqj","time":1608406663,"event":{"mods":["BaseMod","Colored Map","Minty Spire (QoL Compilation)","StSLib","The Jungle"],"gold_per_floor":[213,213,227,239,250,284,284,295,321,321,353,353,127,77,77,179,179,192,207,222,222,142,175,175,204,231,231,231,250,250,250,250,354,354,368,368,368,368,45,45,59,69,69,69,118,148,148,148,148,148],"floor_reached":51,"playtime":6304,"items_purged":["Defend_G"],"score":828,"play_id":"4fa4d4a8-e351-4306-8c61-9904110dcf67","local_time":"20201219113743","is_ascension_mode":true,"campfire_choices":[{"data":"Venomology","floor":7,"key":"SMITH"},{"data":"Cloak And Dagger","floor":10,"key":"SMITH"},{"data":"Bouncing Flask","floor":12,"key":"SMITH"},{"data":"Cloak And Dagger","floor":15,"key":"SMITH"},{"data":"Well Laid Plans","floor":24,"key":"SMITH"},{"data":"Glass Knife","floor":30,"key":"SMITH"},{"data":"Corpse Explosion","floor":32,"key":"SMITH"},{"data":"A Thousand Cuts","floor":40,"key":"SMITH"},{"data":"Infinite Blades","floor":44,"key":"SMITH"},{"data":"Ghostly","floor":47,"key":"SMITH"},{"data":"Ghostly","floor":49,"key":"SMITH"}],"circlet_count":0,"master_deck":["Survivor","Neutralize+1","Dagger Spray","Cloak And Dagger+1","Cloak And Dagger+1","Backflip","Venomology+1","Cloak And Dagger","Bouncing Flask+1","Neutralize+1","Corpse Explosion+1","Envenom+1","Noxious Fumes","Bane","Masterful Stab","Deflect","Backflip","PiercingWail","Infinite Blades","Glass Knife+1","Well Laid Plans+1","Crippling Poison+1","Dash","Ghostly+1","Ghostly+1","Ghostly","Ghostly","Ghostly","A Thousand Cuts+1","Footwork","Infinite Blades+1","Masterful Stab"],"relics":["Ring of the Snake","Paper Crane","Blood Vial","Juzu Bracelet","DollysMirror","Pandora\u0027s Box","Tiny Chest","Dead Branch","Toy Ornithopter","Busted Crown","Pocketwatch","Kunai","Bag of Marbles","CaptainsWheel","Gambling Chip","Du-Vu Doll"],"acts_visited":["Exordium","TheCity","TheBeyond"],"potions_floor_usage":[6,11,11,19,20,23,23,23,23,25,25,29,29,33,35,41,42,45,45,50,50,50,50],"damage_taken":[{"damage":2,"enemies":"Jaw Worm","floor":1,"turns":5},{"damage":1,"enemies":"Cultist","floor":3,"turns":5},{"damage":0,"enemies":"Small Slimes","floor":4,"turns":3},{"damage":7,"enemies":"Gremlin Gang","floor":5,"turns":4},{"damage":10,"enemies":"3 Sentries","floor":6,"turns":8},{"damage":1,"enemies":"Red Slaver","floor":8,"turns":5},{"damage":7,"enemies":"Lagavulin","floor":11,"turns":8},{"damage":14,"enemies":"Hexaghost","floor":16,"turns":9},{"damage":0,"enemies":"Spheric Guardian","floor":18,"turns":3},{"damage":0,"enemies":"2 Thieves","floor":19,"turns":3},{"damage":0,"enemies":"Snake Plant","floor":20,"turns":4},{"damage":2,"enemies":"Book of Stabbing","floor":23,"turns":5},{"damage":8,"enemies":"Gremlin Leader","floor":25,"turns":5},{"damage":2,"enemies":"Cultist and Chosen","floor":29,"turns":5},{"damage":8,"enemies":"Collector","floor":33,"turns":9},{"damage":0,"enemies":"3 Shapes","floor":35,"turns":5},{"damage":0,"enemies":"3 Darklings","floor":41,"turns":4},{"damage":0,"enemies":"Maw","floor":42,"turns":7},{"damage":0,"enemies":"2 Orb Walkers","floor":45,"turns":5},{"damage":2,"enemies":"Giant Head","floor":46,"turns":8},{"damage":44,"enemies":"Time Eater","floor":50,"turns":13}],"seed_played":"-250058441420993890","potions_obtained":[{"floor":4,"key":"Strength Potion"},{"floor":6,"key":"BlessingOfTheForge"},{"floor":11,"key":"FearPotion"},{"floor":16,"key":"EntropicBrew"},{"floor":23,"key":"Regen Potion"},{"floor":25,"key":"DuplicationPotion"},{"floor":29,"key":"Energy Potion"},{"floor":33,"key":"PowerPotion"}],"is_trial":false,"path_per_floor":["M","?","M","M","M","E","R","M","T","R","E","R","$","?","R","B",null,"M","M","M","?","$","E","R","E","T","?","?","M","R","?","R","B",null,"M","T","?","?","$","R","M","M","T","R","?","E","R","T","R","B",null],"character_chosen":"THE_SILENT","items_purchased":["DollysMirror","Well Laid Plans","Kunai","Infinite Blades"],"campfire_rested":0,"item_purchase_floors":[13,22,39,39],"current_hp_per_floor":[68,68,67,67,60,50,50,49,49,49,44,44,44,44,44,32,70,70,70,70,70,70,68,68,62,62,35,35,33,33,45,45,39,45,45,45,45,45,45,45,45,45,45,45,45,43,43,43,43,1],"gold":148,"neow_bonus":"HUNDRED_GOLD","is_daily":false,"chose_seed":false,"campfire_upgraded":11,"win_rate":0.0,"timestamp":1608406663,"path_taken":["M","?","M","M","M","E","R","M","T","R","E","R","$","?","R","BOSS","M","M","M","?","$","E","R","E","T","?","?","M","R","?","R","BOSS","M","?","?","?","$","R","M","M","T","R","?","E","R","?","R","BOSS"],"items_purchased_type":["Relic","Card","Relic","Card"],"build_version":"2020-12-13","purchased_purges":1,"victory":true,"max_hp_per_floor":[70,70,70,70,70,70,70,70,70,70,70,70,70,70,70,70,70,70,70,70,70,70,70,70,70,70,35,35,35,35,45,45,45,45,45,45,45,45,45,45,45,45,45,45,45,45,45,45,45,45],"card_choices":[{"not_picked":["PiercingWail","Calculated Gamble"],"picked":"Dagger Spray","floor":1},{"not_picked":["Deadly Poison","Slice"],"picked":"Cloak And Dagger","floor":3},{"not_picked":["Deflect","Prepared"],"picked":"Cloak And Dagger","floor":4},{"not_picked":["Deadly Poison","Flying Knee"],"picked":"Backflip","floor":5},{"not_picked":["Choke","Deflect"],"picked":"Venomology","floor":6},{"not_picked":["Calculated Gamble","PiercingWail"],"picked":"Cloak And Dagger","floor":8},{"not_picked":["Deflect","Tactician"],"picked":"Bouncing Flask","floor":11},{"not_picked":["Tools of the Trade","Venomology"],"picked":"Corpse Explosion","floor":16},{"not_picked":["Backflip","Poisoned Stab","Dagger Spray"],"picked":"SKIP","floor":18},{"not_picked":["All Out Attack","Slice"],"picked":"PiercingWail","floor":19},{"not_picked":["Expertise","Slice"],"picked":"Infinite Blades","floor":20},{"not_picked":["Riddle With Holes","Deadly Poison"],"picked":"Crippling Poison+1","floor":23},{"not_picked":["Bane","Grand Finale"],"picked":"Dash","floor":25},{"not_picked":["Prepared","Outmaneuver","Sucker Punch"],"picked":"SKIP","floor":29},{"not_picked":["Die Die Die","Grand Finale"],"picked":"A Thousand Cuts","floor":33},{"not_picked":[],"picked":"Footwork","floor":35},{"not_picked":["Backflip"],"picked":"SKIP","floor":41},{"not_picked":[],"picked":"Masterful Stab","floor":42},{"not_picked":["Escape Plan"],"picked":"SKIP","floor":46}],"player_experience":484499,"relics_obtained":[{"floor":6,"key":"Paper Crane"},{"floor":9,"key":"Blood Vial"},{"floor":11,"key":"Juzu Bracelet"},{"floor":23,"key":"Tiny Chest"},{"floor":25,"key":"Dead Branch"},{"floor":26,"key":"Toy Ornithopter"},{"floor":36,"key":"Pocketwatch"},{"floor":43,"key":"Bag of Marbles"},{"floor":45,"key":"CaptainsWheel"},{"floor":46,"key":"Gambling Chip"},{"floor":48,"key":"Du-Vu Doll"}],"event_choices":[{"damage_healed":0,"gold_gain":0,"player_choice":"Upgraded","damage_taken":0,"max_hp_gain":0,"max_hp_loss":0,"event_name":"Upgrade Shrine","floor":2,"gold_loss":0,"cards_upgraded":["Neutralize"]},{"cards_removed":["Strike_G"],"damage_healed":0,"gold_gain":0,"player_choice":"Card Removal","damage_taken":0,"max_hp_gain":0,"max_hp_loss":0,"event_name":"The Cleric","floor":14,"gold_loss":50},{"damage_healed":0,"gold_gain":0,"cards_transformed":["Setup"],"player_choice":"Transformed","damage_taken":0,"max_hp_gain":0,"max_hp_loss":0,"event_name":"Transmorgrifier","floor":21,"gold_loss":0,"cards_obtained":["Glass Knife"]},{"damage_healed":0,"gold_gain":0,"player_choice":"Became a Ghost","damage_taken":0,"max_hp_gain":0,"max_hp_loss":35,"event_name":"Ghosts","floor":27,"gold_loss":0,"cards_obtained":["Ghostly","Ghostly","Ghostly","Ghostly","Ghostly"]},{"damage_healed":0,"gold_gain":0,"player_choice":"Upgraded","damage_taken":0,"max_hp_gain":0,"max_hp_loss":0,"event_name":"Upgrade Shrine","floor":28,"gold_loss":0,"cards_upgraded":["Envenom"]},{"cards_removed":["Adrenaline"],"damage_healed":2,"gold_gain":0,"player_choice":"Offered Rare","damage_taken":0,"max_hp_gain":10,"max_hp_loss":0,"event_name":"Bonfire Elementals","floor":31,"gold_loss":0},{"damage_healed":0,"gold_gain":0,"player_choice":"Ignored","damage_taken":0,"max_hp_gain":0,"max_hp_loss":0,"event_name":"Tomb of Lord Red Mask","floor":37,"gold_loss":0},{"damage_healed":0,"gold_gain":0,"player_choice":"Memory 1","damage_taken":0,"max_hp_gain":0,"max_hp_loss":0,"event_name":"SensoryStone","floor":38,"gold_loss":0},{"damage_healed":0,"gold_gain":0,"player_choice":"Fight","damage_taken":0,"max_hp_gain":0,"max_hp_loss":0,"event_name":"Mysterious Sphere","floor":45,"gold_loss":0}],"is_beta":false,"boss_relics":[{"not_picked":["Runic Pyramid","Snecko Eye"],"picked":"Pandora\u0027s Box"},{"not_picked":["Philosopher\u0027s Stone","Runic Dome"],"picked":"Busted Crown"}],"items_purged_floors":[13],"is_endless":false,"potions_floor_spawned":[4,6,11,16,19,23,25,29,33,42],"ascension_level":4}}