{"host":"1s2i2u841ofwoqaa","time":1608340650,"event":{"mods":["AchievementEnabler","Aspiration","BaseMod","Better Third Choice","Colored Powertips","Downfall","Hubris","Minty Spire (QoL Compilation)","StSLib","SuperFastMode","The Animator"],"gold_per_floor":[99,115,127,146,71,91,91,129,47,80,80,105,132,132,152,152,152],"floor_reached":16,"playtime":823,"items_purged":["hexamod:Strike"],"score":125,"play_id":"6da52a96-c7a6-4c9a-bd12-0a10a15d84fe","local_time":"20201219141730","is_ascension_mode":true,"campfire_choices":[{"floor":1,"key":"RECALL"},{"data":"hexamod:BurningTouch","floor":5,"key":"SMITH"}],"circlet_count":0,"master_deck":["hexamod:Strike","hexamod:Strike","hexamod:Strike","hexamod:Defend","hexamod:Defend","hexamod:Defend","hexamod:Defend","hexamod:Sear","hexamod:Float","hexamod:Hexaguard","hexamod:BacktrackSmack","hexamod:SecondSeal","hexamod:BurningTouch+1","hexamod:HauntingEcho","hexamod:SpectersWail","hexamod:PhantomCloak+1","hexamod:UnleashSpirits","hexamod:PhantomCloak","hexamod:NecessarySacrifice","hexamod:SixthSeal"],"relics":["hexamod:SpiritBrand","downfall:HeartBlessingRed","Omamori","Eternal Feather","hubris:TenFootPole"],"acts_visited":["Exordium"],"potions_floor_usage":[6,10,13],"damage_taken":[{"damage":0,"enemies":"Small Slimes","floor":2,"turns":3},{"damage":8,"enemies":"2 Louse","floor":3,"turns":2},{"damage":0,"enemies":"Cultist","floor":4,"turns":3},{"damage":12,"enemies":"Lots of Slimes","floor":6,"turns":6},{"damage":19,"enemies":"Gremlin Nob","floor":8,"turns":4},{"damage":0,"enemies":"downfall:FleeingMerchant","floor":9,"turns":4},{"damage":18,"enemies":"3 Sentries","floor":10,"turns":9},{"damage":0,"enemies":"2 Fungi Beasts","floor":12,"turns":4},{"damage":0,"enemies":"3 Louse","floor":13,"turns":3},{"damage":11,"enemies":"Exordium Thugs","floor":15,"turns":4},{"damage":28,"enemies":"downfall:Defect","floor":16,"turns":4}],"seed_played":"3356593913503702983","potions_obtained":[{"floor":2,"key":"EssenceOfSteel"},{"floor":3,"key":"SkillPotion"},{"floor":4,"key":"SkillPotion"},{"floor":13,"key":"SpeedPotion"}],"is_trial":false,"path_per_floor":["R","M","M","M","R","M","T","E","$","E","?","M","M","?","M","B"],"character_chosen":"THE_SPIRIT","items_purchased":[],"campfire_rested":0,"item_purchase_floors":[],"current_hp_per_floor":[70,70,62,62,62,50,50,31,31,13,13,13,13,36,25,0,0],"gold":152,"neow_bonus":"THREE_CARDS","is_daily":false,"chose_seed":false,"campfire_upgraded":1,"win_rate":0.0,"timestamp":1608340650,"path_taken":["R","M","M","M","R","M","T","E","$","E","?","M","M","?","M","BOSS"],"items_purchased_type":[],"build_version":"2020-12-13","purchased_purges":1,"victory":false,"max_hp_per_floor":[70,70,70,70,70,70,70,70,70,70,70,70,70,70,70,70,70],"card_choices":[{"not_picked":["hexamod:RecurringNightmare","hexamod:PowerFromBeyond"],"picked":"hexamod:Hexaguard","floor":0},{"not_picked":["hexamod:Haunt","hexamod:SpectralAdrenaline"],"picked":"hexamod:BacktrackSmack","floor":2},{"not_picked":["hexamod:NightmareGuise","hexamod:FlamesFromBeyond"],"picked":"hexamod:SecondSeal","floor":3},{"not_picked":["hexamod:GhostLash","hexamod:ExtraCrispy"],"picked":"hexamod:BurningTouch","floor":4},{"not_picked":["hexamod:NightmareGuise","hexamod:GhostOfSpirePresent"],"picked":"hexamod:HauntingEcho","floor":6},{"not_picked":["hexamod:ThermalTransfer","hexamod:EtherealExpedition"],"picked":"hexamod:SpectersWail","floor":8},{"not_picked":["hexamod:Hexaguard","hexamod:SecondSeal"],"picked":"hexamod:PhantomCloak","floor":9},{"not_picked":["hexamod:SpectersWail","hexamod:InspiringFlames"],"picked":"hexamod:UnleashSpirits","floor":10},{"not_picked":["hexamod:BacktrackSmack","hexamod:ThermalTransfer"],"picked":"hexamod:PhantomCloak","floor":12},{"not_picked":["hexamod:GhostLash","hexamod:RainOfEmbers"],"picked":"hexamod:NecessarySacrifice","floor":13},{"not_picked":["hexamod:SwordOfDarkness","hexamod:InspiringFlames"],"picked":"hexamod:SixthSeal","floor":15}],"player_experience":453318,"relics_obtained":[{"floor":7,"key":"Omamori"},{"floor":8,"key":"Eternal Feather"},{"floor":10,"key":"hubris:TenFootPole"}],"event_choices":[{"damage_healed":0,"gold_gain":0,"player_choice":"Grow","damage_taken":0,"max_hp_gain":0,"max_hp_loss":0,"event_name":"Living Wall","floor":11,"gold_loss":0,"cards_upgraded":["hexamod:PhantomCloak"]},{"damage_healed":23,"gold_gain":0,"player_choice":"Banana","damage_taken":0,"max_hp_gain":0,"max_hp_loss":0,"event_name":"Big Fish","floor":14,"gold_loss":0}],"is_beta":false,"boss_relics":[],"items_purged_floors":[9],"is_endless":false,"potions_floor_spawned":[2,3,4,13],"killed_by":"downfall:Defect","ascension_level":2}}