{"host":"Rich","time":1608399766,"event":{"mods":["AchievementEnabler","BaseMod","Highlight Path","Minty Spire (QoL Compilation)","Relic Stats"],"gold_per_floor":[112,112,180,198,76,104,120,120,120,50,84,104,104,133,133,133,133],"floor_reached":16,"playtime":441,"items_purged":["Strike_R"],"score":150,"play_id":"7a355330-3cd7-4377-975a-bba836d9c1af","local_time":"20201219124246","is_ascension_mode":true,"campfire_choices":[{"data":"Body Slam","floor":8.0,"key":"SMITH"},{"data":"Iron Wave","floor":13.0,"key":"SMITH"},{"data":"Power Through","floor":15.0,"key":"SMITH"}],"circlet_count":0,"master_deck":["Strike_R","Strike_R","Strike_R","Defend_R","Defend_R","Defend_R","Defend_R","Bash","Power Through+1","Flex","Armaments+1","Body Slam+1","Entrench+1","Iron Wave+1","Intimidate+1"],"relics":["Burning Blood","NeowsBlessing","Toxic Egg 2","Darkstone Periapt","Smiling Mask","Thread and Needle"],"acts_visited":["Exordium"],"potions_floor_usage":[16,16],"damage_taken":[{"damage":0.0,"enemies":"Cultist","floor":1.0,"turns":1.0},{"damage":0.0,"enemies":"Jaw Worm","floor":4.0,"turns":1.0},{"damage":0.0,"enemies":"Gremlin Nob","floor":6.0,"turns":1.0},{"damage":0.0,"enemies":"Small Slimes","floor":7.0,"turns":4.0},{"damage":11.0,"enemies":"Lagavulin","floor":11.0,"turns":10.0},{"damage":3.0,"enemies":"Exordium Wildlife","floor":12.0,"turns":6.0},{"damage":27.0,"enemies":"Gremlin Nob","floor":14.0,"turns":6.0},{"damage":6,"enemies":"Slime Boss","floor":16,"turns":9}],"seed_played":"6218956494624339588","potions_obtained":[{"floor":1.0,"key":"FairyPotion"},{"floor":7.0,"key":"Fire Potion"},{"floor":12.0,"key":"Swift Potion"},{"floor":14.0,"key":"DistilledChaos"}],"is_trial":false,"path_per_floor":["M","?","T","M","$","E","M","R","T","$","E","M","R","E","R","B"],"character_chosen":"IRONCLAD","items_purchased":["Body Slam","Entrench+1"],"campfire_rested":0,"item_purchase_floors":[5,10],"current_hp_per_floor":[80,80,80,80,80,80,80,80,80,80,75,78,78,57,57,51,51],"gold":133,"neow_bonus":"THREE_ENEMY_KILL","is_daily":false,"chose_seed":false,"campfire_upgraded":3,"win_rate":0.0,"timestamp":1608399766,"path_taken":["M","?","?","?","$","E","M","R","T","$","E","M","R","E","R","BOSS"],"items_purchased_type":["Card","Card"],"build_version":"2020-12-18","purchased_purges":1,"victory":false,"max_hp_per_floor":[80,80,80,80,80,80,80,80,80,80,80,80,80,80,80,80,80],"relic_stats":{"Darkstone Periapt":0,"counters":[8,38],"Smiling Mask":0,"obtain_stats":[{"Darkstone Periapt":6,"NeowsBlessing":0,"Thread and Needle":14,"Toxic Egg 2":3,"Smiling Mask":11,"Burning Blood":0},{"Darkstone Periapt":3,"NeowsBlessing":0,"Thread and Needle":7,"Toxic Egg 2":1,"Smiling Mask":5,"Burning Blood":0},{"Darkstone Periapt":3,"NeowsBlessing":0,"Thread and Needle":29,"Toxic Egg 2":1,"Smiling Mask":17,"Burning Blood":0}],"Burning Blood":18},"card_choices":[{"not_picked":["Twin Strike","Wild Strike"],"picked":"Power Through","floor":1.0},{"not_picked":["Bloodletting+1","Clash"],"picked":"Armaments+1","floor":4.0},{"not_picked":["Flame Barrier+1","Feel No Pain","Clothesline"],"picked":"SKIP","floor":6.0},{"not_picked":["Warcry+1","Rampage","Fire Breathing"],"picked":"SKIP","floor":7.0},{"not_picked":["Sword Boomerang","Sever Soul","Perfected Strike"],"picked":"SKIP","floor":11.0},{"not_picked":["Armaments+1","Bloodletting+1"],"picked":"Iron Wave","floor":12.0},{"not_picked":["Whirlwind","Wild Strike"],"picked":"Intimidate+1","floor":14.0}],"player_experience":1918045,"relics_obtained":[{"floor":3.0,"key":"Toxic Egg 2"},{"floor":6.0,"key":"Darkstone Periapt"},{"floor":11.0,"key":"Smiling Mask"},{"floor":14.0,"key":"Thread and Needle"}],"event_choices":[{"damage_healed":0.0,"max_hp_gain":0.0,"max_hp_loss":0.0,"gold_gain":0.0,"cards_transformed":["Strike_R"],"event_name":"Living Wall","player_choice":"Change","floor":2.0,"gold_loss":0.0,"damage_taken":0.0,"cards_obtained":["Flex"]}],"is_beta":true,"boss_relics":[],"items_purged_floors":[5],"is_endless":false,"potions_floor_spawned":[1,7,12,14],"killed_by":"Slime Boss","ascension_level":1}}