{"host":"0ou67mf9sr8h1ec9","time":1608373247,"event":{"mods":["AchievementEnabler","BaseMod","Downfall","Hubris","Infinite Spire","Minty Spire (QoL Compilation)","Practice Mode","Quick Restart","StSLib","The Necromancer","Trackpad"],"gold_per_floor":[115,132,132,150,167,199,274,274,299,299,313,26,41,55,55,158,158,170,252,252,8,23,53,64,89,112,187,187,198,213,224,224,327,327,338,338,388,138,13,13,13,364,436,436,436,468,485,80,80,80,80],"floor_reached":50,"playtime":2232,"items_purged":["Defend_R","Strike_R","Strike_R","Writhe"],"score":585,"play_id":"14ed55fc-d84d-407e-b5e7-2e4309907a75","local_time":"20201219032047","is_ascension_mode":false,"campfire_choices":[{"floor":10,"key":"REST"},{"data":"Bludgeon","floor":15,"key":"SMITH"},{"floor":28,"key":"REST"},{"floor":32,"key":"REST"},{"data":"Double Tap","floor":40,"key":"SMITH"},{"floor":45,"key":"REST"},{"floor":49,"key":"REST"}],"circlet_count":0,"master_deck":["Strike_R","Strike_R","Strike_R","Defend_R","Defend_R","Defend_R","Bash+1","Perfected Strike","hubris:ReadiedAction","Pommel Strike","Whirlwind+1","Bludgeon+1","Perfected Strike","Flex","Flex","Juggernaut","Warcry+1","Dark Embrace","expansioncontent:BronzeBeam","Perfected Strike","Pommel Strike","True Grit","Power Through+1","Perfected Strike","Perfected Strike","Double Tap+1","Burning Pact","Rampage"],"relics":["Burning Blood","Boot","Happy Flower","hubris:Icosahedron","Bronze Scales","trackpad:WondrousWand","hubris:HollowSoul","infinitespire:ShieldingShard","trackpad:PetRock","Oddly Smooth Stone","Regal Pillow","Philosopher\u0027s Stone","hubris:64BitClover","trackpad:PocketGalaxy","Old Coin","Self Forming Clay","Shuriken","Bottled Flame"],"acts_visited":["Exordium","TheCity","TheBeyond"],"potions_floor_usage":[5,13,16,23,24,25,29,31,47,50,50],"damage_taken":[{"damage":0,"enemies":"2 Louse","floor":1,"turns":3},{"damage":0,"enemies":"Small Slimes","floor":2,"turns":3},{"damage":11,"enemies":"Jaw Worm","floor":4,"turns":2},{"damage":13,"enemies":"Red Slaver","floor":5,"turns":2},{"damage":27,"enemies":"Gremlin Nob","floor":6,"turns":4},{"damage":0,"enemies":"Large Slime","floor":11,"turns":3},{"damage":5,"enemies":"Lots of Slimes","floor":13,"turns":1},{"damage":5,"enemies":"Looter","floor":14,"turns":2},{"damage":27,"enemies":"Slime Boss","floor":16,"turns":6},{"damage":30,"enemies":"Shell Parasite","floor":18,"turns":3},{"damage":7,"enemies":"Spheric Guardian","floor":22,"turns":3},{"damage":24,"enemies":"Book of Stabbing","floor":23,"turns":4},{"damage":22,"enemies":"Snecko","floor":24,"turns":4},{"damage":24,"enemies":"Slavers","floor":25,"turns":4},{"damage":25,"enemies":"Shelled Parasite and Fungi","floor":29,"turns":3},{"damage":6,"enemies":"3 Cultists","floor":30,"turns":4},{"damage":9,"enemies":"Centurion and Healer","floor":31,"turns":2},{"damage":75,"enemies":"Automaton","floor":33,"turns":10},{"damage":27,"enemies":"3 Shapes","floor":35,"turns":3},{"damage":0,"enemies":"Mind Bloom Boss Battle","floor":37,"turns":4},{"damage":51,"enemies":"2 Orb Walkers","floor":42,"turns":4},{"damage":67,"enemies":"Nemesis","floor":46,"turns":7},{"damage":11,"enemies":"Orb Walker","floor":47,"turns":3},{"damage":31,"enemies":"infinitespire:MassOfShapes","floor":50,"turns":1}],"seed_played":"-1670595058907621607","potions_obtained":[{"floor":4,"key":"EntropicBrew"},{"floor":13,"key":"Fire Potion"},{"floor":16,"key":"BloodPotion"},{"floor":25,"key":"Weak Potion"},{"floor":30,"key":"LiquidBronze"},{"floor":37,"key":"BloodPotion"},{"floor":42,"key":"DistilledChaos"},{"floor":47,"key":"Swift Potion"}],"is_trial":false,"path_per_floor":["M","M","?","M","M","E","?","?","T","R","M","$","M","M","R","B",null,"M","T","?","$","M","E","M","E","T","?","R","M","M","M","R","B",null,"M","?","?","$","$","R","?","?","T","?","R","E","M","$","R","B"],"character_chosen":"IRONCLAD","items_purchased":["trackpad:WondrousWand","Flex","Dark Embrace","expansioncontent:BronzeBeam","trackpad:PocketGalaxy","Bottled Flame"],"campfire_rested":5,"item_purchase_floors":[12,12,21,21,38,48],"current_hp_per_floor":[80,80,73,68,61,40,29,29,29,53,59,59,60,61,61,40,80,56,56,56,56,55,37,37,35,35,27,66,47,47,44,80,11,80,59,59,65,65,65,65,80,35,35,35,74,13,24,24,63,0,0],"gold":80,"neow_bonus":"UPGRADE_CARD","is_daily":false,"chose_seed":false,"campfire_upgraded":2,"win_rate":0.0,"timestamp":1608373247,"path_taken":["M","M","?","M","M","E","?","?","T","R","?","$","M","M","R","BOSS","M","?","?","$","?","E","M","E","T","?","R","M","M","?","R","BOSS","M","?","?","?","$","R","?","?","T","?","R","E","M","$","R","BOSS"],"items_purchased_type":["Relic","Card","Card","Card","Relic","Relic"],"build_version":"2020-12-13","purchased_purges":4,"victory":false,"max_hp_per_floor":[80,80,80,80,80,80,80,80,80,80,80,80,80,80,80,80,80,80,80,80,80,80,80,80,80,80,80,80,80,80,80,80,80,80,80,80,80,80,80,80,80,80,80,80,80,80,80,80,80,80,80],"card_choices":[{"not_picked":["Shockwave","Clash"],"picked":"Perfected Strike","floor":1},{"not_picked":["Rupture","Rage"],"picked":"hubris:ReadiedAction","floor":2},{"not_picked":["Cleave","Rage"],"picked":"Pommel Strike","floor":4},{"not_picked":["Sword Boomerang","Dropkick"],"picked":"Whirlwind","floor":5},{"not_picked":["Armaments","Fiend Fire"],"picked":"Bludgeon","floor":6},{"not_picked":["Iron Wave","hubris:ReadiedAction"],"picked":"Perfected Strike","floor":11},{"not_picked":["Dropkick","Rupture","Clash"],"picked":"SKIP","floor":13},{"not_picked":["Blood for Blood","Anger"],"picked":"Flex","floor":14},{"not_picked":["Offering","Demon Form"],"picked":"Juggernaut","floor":16},{"not_picked":["Bloodletting","Ghostly Armor"],"picked":"Warcry+1","floor":18},{"not_picked":["Flex+1","True Grit"],"picked":"Perfected Strike","floor":22},{"not_picked":["Anger","Searing Blow"],"picked":"Pommel Strike","floor":23},{"not_picked":["Thunderclap","Headbutt","Rupture"],"picked":"SKIP","floor":24},{"not_picked":["Intimidate","Sword Boomerang"],"picked":"True Grit","floor":25},{"not_picked":["Reckless Charge","Body Slam"],"picked":"Power Through+1","floor":29},{"not_picked":["Headbutt","Uppercut"],"picked":"Perfected Strike","floor":30},{"not_picked":["Offering","Hemokinesis"],"picked":"Perfected Strike","floor":31},{"not_picked":["Impervious","Juggernaut"],"picked":"Double Tap","floor":33},{"not_picked":["Pommel Strike","Clash"],"picked":"Burning Pact","floor":35},{"not_picked":["hubris:SharpeningStone","Clash+1"],"picked":"Rampage","floor":37},{"not_picked":["Combust+1","Armaments+1","True Grit"],"picked":"SKIP","floor":46},{"not_picked":["Bloodletting+1","Spot Weakness","Brutality"],"picked":"SKIP","floor":47}],"player_experience":5368,"relics_obtained":[{"floor":6,"key":"Happy Flower"},{"floor":9,"key":"Bronze Scales"},{"floor":19,"key":"infinitespire:ShieldingShard"},{"floor":23,"key":"trackpad:PetRock"},{"floor":25,"key":"Oddly Smooth Stone"},{"floor":26,"key":"Regal Pillow"},{"floor":37,"key":"hubris:64BitClover"},{"floor":42,"key":"Old Coin"},{"floor":43,"key":"Self Forming Clay"},{"floor":46,"key":"Shuriken"}],"event_choices":[{"damage_healed":0,"gold_gain":0,"player_choice":"Success","damage_taken":7,"relics_obtained":["Boot"],"max_hp_gain":0,"max_hp_loss":0,"event_name":"Scrap Ooze","floor":3,"gold_loss":0},{"damage_healed":0,"gold_gain":75,"player_choice":"Gather Gold","damage_taken":11,"max_hp_gain":0,"max_hp_loss":0,"event_name":"World of Goop","floor":7,"gold_loss":0},{"damage_healed":0,"gold_gain":0,"player_choice":"Upgraded","damage_taken":0,"max_hp_gain":0,"max_hp_loss":0,"event_name":"Upgrade Shrine","floor":20,"gold_loss":0,"cards_upgraded":["Whirlwind"]},{"damage_healed":0,"gold_gain":75,"player_choice":"Touch","damage_taken":8,"max_hp_gain":0,"max_hp_loss":0,"event_name":"FaceTrader","floor":27,"gold_loss":0},{"damage_healed":0,"gold_gain":0,"player_choice":"Fight","damage_taken":0,"max_hp_gain":0,"max_hp_loss":0,"event_name":"MindBloom","floor":37,"gold_loss":0},{"damage_healed":20,"gold_gain":0,"player_choice":"Writhe","damage_taken":0,"max_hp_gain":0,"max_hp_loss":0,"event_name":"Winding Halls","floor":41,"gold_loss":0,"cards_obtained":["Writhe"]},{"damage_healed":0,"gold_gain":0,"player_choice":"Fight","damage_taken":0,"max_hp_gain":0,"max_hp_loss":0,"event_name":"Mysterious Sphere","floor":42,"gold_loss":0},{"damage_healed":0,"gold_gain":0,"player_choice":"Ignored","damage_taken":0,"max_hp_gain":0,"max_hp_loss":0,"event_name":"SecretPortal","floor":44,"gold_loss":0}],"is_beta":false,"boss_relics":[{"not_picked":["Coffee Dripper","trackpad:Trackpad"],"picked":"hubris:HollowSoul"},{"not_picked":["Fusion Hammer","Sozu"],"picked":"Philosopher\u0027s Stone"}],"items_purged_floors":[21,38,39,48],"is_endless":false,"potions_floor_spawned":[4,13,14,16,18,22,25,30,37,42,47],"killed_by":"infinitespire:MassOfShapes","ascension_level":0}}