{"host":"1ivxh6f0wtekmpqo","time":1608386801,"event":{"mods":["AchievementEnabler","BaseMod","Colored Map","Minty Spire (QoL Compilation)","Rare Cards Sparkle","StSLib","SuperFastMode","everything is the same but u backflip on backflip"],"gold_per_floor":[111,61,74,74,91,91,120,131,176,176,192,207,207,207,207,306,306,316,136,149,149,149],"floor_reached":21,"playtime":1182,"items_purged":[],"score":181,"play_id":"e48d4663-799b-45ad-9ffd-747f0728c514","local_time":"20201219220641","is_ascension_mode":false,"campfire_choices":[{"data":"ForeignInfluence","floor":6,"key":"SMITH"},{"floor":10,"key":"REST"},{"floor":13,"key":"REST"},{"floor":15,"key":"REST"}],"circlet_count":0,"master_deck":["Strike_P","Strike_P","Strike_P","Defend_P","Defend_P","Defend_P","Eruption","Vigilance","ForeignInfluence+1","ThirdEye","CutThroughFate","Halt","ForeignInfluence","Adaptation","Protect","MasterReality","CurseOfTheBell","Halt","CrushJoints","TalkToTheHand+1"],"relics":["PureWater","Orichalcum","Singing Bowl","Tiny Chest","Calling Bell","Strawberry","Blue Candle","Torii","Dream Catcher"],"acts_visited":["Exordium","TheCity"],"potions_floor_usage":[7,8,16,21],"damage_taken":[{"damage":1,"enemies":"Jaw Worm","floor":1,"turns":3},{"damage":0,"enemies":"Small Slimes","floor":3,"turns":2},{"damage":0,"enemies":"Cultist","floor":5,"turns":3},{"damage":49,"enemies":"Lagavulin","floor":7,"turns":4},{"damage":0,"enemies":"2 Fungi Beasts","floor":8,"turns":4},{"damage":4,"enemies":"Blue Slaver","floor":11,"turns":4},{"damage":14,"enemies":"Red Slaver","floor":12,"turns":2},{"damage":24,"enemies":"The Guardian","floor":16,"turns":5},{"damage":9,"enemies":"Chosen","floor":18,"turns":4},{"damage":49,"enemies":"Shell Parasite","floor":20,"turns":5},{"damage":57,"enemies":"Snecko","floor":21,"turns":6}],"seed_played":"-4849955182569286265","potions_obtained":[{"floor":5,"key":"StancePotion"},{"floor":7,"key":"Fruit Juice"},{"floor":11,"key":"ColorlessPotion"},{"floor":18,"key":"SteroidPotion"}],"is_trial":false,"path_per_floor":["M","?","M","?","M","R","E","M","T","R","M","M","R","?","R","B",null,"M","$","M","M"],"character_chosen":"WATCHER","items_purchased":["CrushJoints","Dream Catcher"],"campfire_rested":3,"item_purchase_floors":[19,19],"current_hp_per_floor":[71,71,71,64,64,64,20,20,20,43,39,25,48,48,71,47,84,75,75,26,0,0],"gold":149,"neow_bonus":"RANDOM_COMMON_RELIC","is_daily":false,"chose_seed":false,"campfire_upgraded":1,"win_rate":0.0,"timestamp":1608386801,"path_taken":["M","?","M","?","M","R","E","M","T","R","M","M","R","?","R","BOSS","M","$","?","M"],"items_purchased_type":["Card","Relic"],"build_version":"2020-12-13","purchased_purges":0,"victory":false,"max_hp_per_floor":[72,72,72,72,72,72,77,77,77,77,77,77,77,77,77,77,84,84,84,84,84,84],"card_choices":[{"not_picked":["Prostrate","ThirdEye"],"picked":"ForeignInfluence","floor":1},{"not_picked":["Crescendo","JustLucky"],"picked":"ThirdEye","floor":3},{"not_picked":["LikeWater","Study"],"picked":"CutThroughFate","floor":5},{"not_picked":["BowlingBash","TalkToTheHand"],"picked":"Devotion","floor":7},{"not_picked":["FlyingSleeves","Crescendo"],"picked":"Halt","floor":8},{"not_picked":["EmptyBody","CutThroughFate"],"picked":"ForeignInfluence","floor":11},{"not_picked":["FlurryOfBlows","Tantrum"],"picked":"Adaptation","floor":12},{"not_picked":["DeusExMachina","Establishment"],"picked":"MasterReality","floor":16},{"not_picked":["ThirdEye","WindmillStrike"],"picked":"Halt","floor":18},{"not_picked":["Evaluate","ThirdEye"],"picked":"TalkToTheHand+1","floor":20}],"player_experience":221804,"relics_obtained":[{"floor":7,"key":"Singing Bowl"},{"floor":9,"key":"Tiny Chest"},{"floor":17,"key":"Strawberry"},{"floor":17,"key":"Blue Candle"},{"floor":17,"key":"Torii"}],"event_choices":[{"cards_removed":["Defend_P"],"damage_healed":0,"gold_gain":0,"player_choice":"Card Removal","damage_taken":0,"max_hp_gain":0,"max_hp_loss":0,"event_name":"The Cleric","floor":2,"gold_loss":50},{"cards_removed":["Strike_P"],"damage_healed":0,"gold_gain":0,"player_choice":"Card Removal","damage_taken":7,"max_hp_gain":0,"max_hp_loss":0,"event_name":"Golden Wing","floor":4,"gold_loss":0},{"damage_healed":0,"gold_gain":0,"cards_transformed":["Devotion"],"player_choice":"Transformed","damage_taken":0,"max_hp_gain":0,"max_hp_loss":0,"event_name":"Transmorgrifier","floor":14,"gold_loss":0,"cards_obtained":["Protect"]}],"is_beta":false,"boss_relics":[{"not_picked":["HolyWater","Cursed Key"],"picked":"Calling Bell"}],"items_purged_floors":[],"is_endless":false,"potions_floor_spawned":[5,7,11,18],"killed_by":"Snecko","ascension_level":0}}