{"host":"9ndbo4kgsfoemf7y","time":1608366342,"event":{"mods":["AchievementEnabler","BaseMod","Colored Map","DeckTracker","Keyboard Shortcuts","Minty Spire (QoL Compilation)","Permanent Neow","Quick Restart","Relic Stats","StSLib","SuperFastMode"],"gold_per_floor":[115,128,128,128,53,97,97,135,135,135,47,73,73,73,73],"floor_reached":14,"playtime":186,"items_purged":["Strike_G"],"score":226,"play_id":"0d893160-a143-47fd-ba62-32c78269a9af","local_time":"20201219172542","is_ascension_mode":true,"campfire_choices":[{"data":"Corpse Explosion","floor":7.0,"key":"SMITH"},{"data":"Blur","floor":10,"key":"SMITH"},{"data":"Bouncing Flask","floor":13,"key":"SMITH"}],"circlet_count":0,"master_deck":["AscendersBane","Strike_G","Strike_G","Strike_G","Defend_G","Defend_G","Defend_G","Defend_G","Defend_G","Survivor","Neutralize","Dagger Throw","Corpse Explosion+1","Blur+1","Well Laid Plans","Bouncing Flask+1"],"relics":["Ring of the Snake","NeowsBlessing","Golden Idol","Du-Vu Doll","Snake Skull","Matryoshka","Toy Ornithopter","Boot"],"acts_visited":["Exordium"],"potions_floor_usage":[8,8],"damage_taken":[{"damage":0.0,"enemies":"Jaw Worm","floor":1.0,"turns":1.0},{"damage":0.0,"enemies":"Small Slimes","floor":2.0,"turns":1.0},{"damage":0.0,"enemies":"3 Sentries","floor":6.0,"turns":1.0},{"damage":22,"enemies":"Gremlin Nob","floor":8,"turns":4},{"damage":42,"enemies":"3 Sentries","floor":14,"turns":5}],"seed_played":"6481363913698611732","potions_obtained":[{"floor":2.0,"key":"SkillPotion"},{"floor":6.0,"key":"Fire Potion"}],"is_trial":false,"path_per_floor":["M","M","?","?","$","E","R","E","T","R","$","T","R","E"],"character_chosen":"THE_SILENT","items_purchased":["Bouncing Flask"],"campfire_rested":0,"item_purchase_floors":[11],"current_hp_per_floor":[59,59,59,59,59,59,59,37,37,37,37,37,37,0,0],"gold":73,"neow_bonus":"THREE_ENEMY_KILL","is_daily":false,"chose_seed":false,"campfire_upgraded":3,"win_rate":0.0,"timestamp":1608366342,"path_taken":["M","M","?","?","$","E","R","E","T","R","?","?","R","E"],"items_purchased_type":["Card"],"build_version":"2020-12-13","purchased_purges":1,"victory":false,"max_hp_per_floor":[66,66,66,60,60,60,60,60,60,60,60,60,60,60,60],"relic_stats":{"counters":[5,12],"Golden Idol":17,"Snake Skull":[6],"Boot":[1],"obtain_stats":[{"Du-Vu Doll":6,"Matryoshka":9,"NeowsBlessing":0,"Golden Idol":4,"Snake Skull":8,"Boot":12,"Toy Ornithopter":12,"Ring of the Snake":0},{"Du-Vu Doll":3,"Matryoshka":4,"NeowsBlessing":0,"Golden Idol":2,"Snake Skull":4,"Boot":4,"Toy Ornithopter":4,"Ring of the Snake":0},{"Du-Vu Doll":3,"Matryoshka":7,"NeowsBlessing":0,"Golden Idol":2,"Snake Skull":7,"Boot":7,"Toy Ornithopter":7,"Ring of the Snake":0}],"Toy Ornithopter":0,"Ring of the Snake":[10]},"card_choices":[{"not_picked":["Flying Knee","Outmaneuver","Sucker Punch"],"picked":"SKIP","floor":1.0},{"not_picked":["Sucker Punch","Expertise"],"picked":"Dagger Throw","floor":2.0},{"not_picked":["Dagger Spray","Tools of the Trade"],"picked":"Blur","floor":6.0},{"not_picked":["Dagger Throw","PiercingWail"],"picked":"Well Laid Plans","floor":8}],"player_experience":706665,"relics_obtained":[{"floor":6.0,"key":"Du-Vu Doll"},{"floor":8,"key":"Snake Skull"},{"floor":9,"key":"Matryoshka"},{"floor":12,"key":"Toy Ornithopter"},{"floor":12,"key":"Boot"}],"event_choices":[{"damage_healed":0.0,"max_hp_gain":0.0,"max_hp_loss":0.0,"gold_gain":0.0,"cards_transformed":["Strike_G"],"event_name":"Living Wall","player_choice":"Change","floor":3.0,"gold_loss":0.0,"damage_taken":0.0,"cards_obtained":["Corpse Explosion"]},{"damage_healed":0.0,"max_hp_gain":0.0,"max_hp_loss":6.0,"gold_gain":0.0,"event_name":"Golden Idol","player_choice":"Lose Max HP","floor":4.0,"gold_loss":0.0,"damage_taken":0.0,"relics_obtained":["Golden Idol"]}],"is_beta":false,"boss_relics":[],"items_purged_floors":[5],"is_endless":false,"potions_floor_spawned":[2,6],"killed_by":"3 Sentries","ascension_level":18}}