{"host":"tjcejm7olouw38z7","time":1608417121,"event":{"mods":["BaseMod","BetterRewards","Colored Powertips","Downfall","GifTheSpireLib","Minty Spire (QoL Compilation)","Shop Mod","StSLib"],"gold_per_floor":[99,99,111,111,127,127,177,194,207,207,307,318,340,354,372,372,372],"floor_reached":16,"playtime":1273,"items_purged":[],"score":94,"play_id":"93b973df-214b-4e46-820a-65b0edd600a6","local_time":"20201219173201","is_ascension_mode":false,"campfire_choices":[{"data":"Slimebound:CorrosiveSpit","floor":1.0,"key":"SMITH"},{"data":"Slimebound:Split","floor":10.0,"key":"SMITH"}],"circlet_count":0,"master_deck":["Slimebound:Strike_Slimebound","Slimebound:Strike_Slimebound","Slimebound:Strike_Slimebound","Slimebound:Tackle","Slimebound:Defend_Slimebound","Slimebound:Defend_Slimebound","Slimebound:Defend_Slimebound","Slimebound:Defend_Slimebound","Slimebound:Split+1","Slimebound:CorrosiveSpit+1","Slimebound:Recollect","Slimebound:PressTheAttack","Slimebound:Schlurp","Slimebound:GoopSpray","Slimebound:LeechEnergy","Slimebound:ForwardTackle"],"relics":["Slimebound:AbsorbEndCombat","Slimebound:PotencyRelic","Odd Mushroom"],"acts_visited":["Exordium"],"potions_floor_usage":[16,16],"damage_taken":[{"damage":13.0,"enemies":"Jaw Worm","floor":3.0,"turns":2.0},{"damage":5.0,"enemies":"Cultist","floor":5.0,"turns":4.0},{"damage":9.0,"enemies":"2 Louse","floor":8.0,"turns":2.0},{"damage":12.0,"enemies":"Blue Slaver","floor":9.0,"turns":2.0},{"damage":20.0,"enemies":"Large Slime","floor":12.0,"turns":4.0},{"damage":27,"enemies":"The Mushroom Lair","floor":13,"turns":4},{"damage":21,"enemies":"3 Louse","floor":14,"turns":2},{"damage":7,"enemies":"2 Fungi Beasts","floor":15,"turns":3},{"damage":62,"enemies":"downfall:Defect","floor":16,"turns":5}],"seed_played":"-5359872398307045284","potions_obtained":[{"floor":9.0,"key":"Slimebound:SlimedPotion"},{"floor":13,"key":"LiquidBronze"}],"is_trial":false,"path_per_floor":["R","?","M","?","M","?","T","M","M","R","?","M","?","M","M","B"],"character_chosen":"SLIMEBOUND","items_purchased":[],"campfire_rested":0,"item_purchase_floors":[],"current_hp_per_floor":[66,71,64,69,70,70,70,70,71,71,71,67,58,49,52,0,0],"gold":372,"neow_bonus":"TEN_PERCENT_HP_BONUS","is_daily":false,"chose_seed":false,"campfire_upgraded":2,"win_rate":0.0,"timestamp":1608417121,"path_taken":["R","?","M","?","?","?","T","M","M","R","?","M","?","M","M","BOSS"],"items_purchased_type":[],"build_version":"2020-12-13","purchased_purges":0,"victory":false,"max_hp_per_floor":[66,71,71,71,71,71,71,71,71,71,71,71,71,71,71,71,71],"card_choices":[{"not_picked":["Slimebound:LeechEnergy","Slimebound:Dissolve"],"picked":"Slimebound:SplitLeeching","floor":3.0},{"not_picked":["Slimebound:ComboTackle","Slimebound:Replication"],"picked":"Slimebound:Recollect","floor":5.0},{"not_picked":["Slimebound:SelfFormingGoo","Slimebound:SplitMire"],"picked":"Slimebound:PressTheAttack","floor":8.0},{"not_picked":["Slimebound:SplitBruiser","Slimebound:LeechingTouch","Slimebound:RollThrough"],"picked":"SKIP","floor":9.0},{"not_picked":["Slimebound:ViciousTackle","Slimebound:Nibble"],"picked":"Slimebound:Schlurp","floor":12.0},{"not_picked":["Slimebound:SamplingLick","Slimebound:LeechingTouch"],"picked":"Slimebound:GoopSpray","floor":13},{"not_picked":["Slimebound:PressTheAttack","Slimebound:LeadByExample"],"picked":"Slimebound:LeechEnergy","floor":14},{"not_picked":["Slimebound:Dissolve","Slimebound:SamplingLick"],"picked":"Slimebound:ForwardTackle","floor":15}],"player_experience":409459,"relics_obtained":[{"floor":13,"key":"Odd Mushroom"}],"event_choices":[{"damage_healed":0.0,"max_hp_gain":5.0,"max_hp_loss":0.0,"gold_gain":0.0,"event_name":"Big Fish","player_choice":"Donut","floor":2.0,"gold_loss":0.0,"damage_taken":0.0},{"cards_removed":["Slimebound:SplitLeeching"],"damage_healed":5.0,"max_hp_gain":0.0,"max_hp_loss":0.0,"gold_gain":0.0,"event_name":"Bonfire Elementals","player_choice":"Offered Common","floor":4.0,"gold_loss":0.0,"damage_taken":0.0},{"cards_removed":["Slimebound:SplitLeeching"],"damage_healed":5.0,"max_hp_gain":0.0,"max_hp_loss":0.0,"gold_gain":0.0,"event_name":"Bonfire Elementals","player_choice":"Offered Special","floor":4.0,"gold_loss":0.0,"damage_taken":0.0},{"damage_healed":0,"gold_gain":0,"player_choice":"Fought Mushrooms","damage_taken":0,"max_hp_gain":0,"max_hp_loss":0,"event_name":"Mushrooms","floor":13,"gold_loss":0}],"is_beta":false,"boss_relics":[],"items_purged_floors":[],"is_endless":false,"potions_floor_spawned":[9,13],"killed_by":"downfall:Defect","ascension_level":0}}