{"host":"ftwsn2kbtsx9x7xs","time":1608365146,"event":{"mods":["BaseMod","Hermit","Minty Spire (QoL Compilation)","Replay The Spire","StSLib","Td1madao Mod","The Dragon Tamer"],"gold_per_floor":[117,43,93,40,55,55,87,100,125,157,176,176,176,193,193,290,290,303,183,183,140,150,150,181,37,37,57,57,57],"floor_reached":28,"playtime":1575,"items_purged":["Sickly"],"score":271,"play_id":"73a6940f-c4d3-4ad9-94fd-7377c46299cb","local_time":"20201219170546","is_ascension_mode":false,"campfire_choices":[{"floor":6.0,"key":"RECALL"},{"floor":13.0,"key":"REST"},{"data":"hermit:ShadowCloak","floor":15.0,"key":"SMITH"},{"data":"Apotheosis","floor":23.0,"key":"SMITH"}],"circlet_count":0,"master_deck":["hermit:Strike_Hermit","hermit:Strike_Hermit","hermit:Strike_Hermit","hermit:Strike_Hermit","hermit:Defend_Hermit","hermit:Defend_Hermit","hermit:Defend_Hermit","hermit:Defend_Hermit","hermit:Snapshot","hermit:Covet","hermit:Determination+1","hermit:Brawl","hermit:CalledShot","hermit:CalledShot","hermit:Ricochet","hermit:Coalescence","hermit:FinalCanter","CommonCold","hermit:Snipe","ReplayTheSpireMod:Restless Dread","hermit:Ricochet","Injury","hermit:ShadowCloak+1","ReplayTheSpireMod:Faulty Equipment","hermit:RoundhouseKick","hermit:Showdown+1","Apotheosis+1","hermit:ShadowCloak","ReplayTheSpireMod:Uncanny Aura","hermit:EyeOfTheStorm+1","hermit:FinalCanter"],"relics":["hermit:Momento","NeowsBlessing","Ring of Hypnosis","Ring of Greed","Membership Card","Blue Doll","Replay:Mystery Machine","Regal Pillow","Runic Pyramid","MealTicket","Pen Nib","DollysMirror","Eternal Feather"],"acts_visited":["Exordium","TheCity"],"potions_floor_usage":[27],"damage_taken":[{"damage":0.0,"enemies":"2 Louse","floor":1.0,"turns":1.0},{"damage":0.0,"enemies":"Jaw Worm","floor":5.0,"turns":1.0},{"damage":0.0,"enemies":"Replay:BlueRogue","floor":7.0,"turns":1.0},{"damage":0.0,"enemies":"Cultist","floor":8.0,"turns":3.0},{"damage":21.0,"enemies":"Gremlin Nob","floor":10.0,"turns":4.0},{"damage":16.0,"enemies":"Exordium Thugs","floor":11.0,"turns":3.0},{"damage":6.0,"enemies":"Blue Slaver","floor":14.0,"turns":3.0},{"damage":43.0,"enemies":"Slime Boss","floor":16.0,"turns":8.0},{"damage":16.0,"enemies":"Spheric Guardian","floor":18.0,"turns":4.0},{"damage":12.0,"enemies":"Chosen","floor":22.0,"turns":4.0},{"damage":2.0,"enemies":"Replay:Snechameleon","floor":24.0,"turns":4.0},{"damage":27,"enemies":"Snake Plant","floor":27,"turns":2},{"damage":38,"enemies":"Shelled Parasite and Fungi","floor":28,"turns":2}],"seed_played":"1716339276059597992","potions_obtained":[{"floor":5.0,"key":"DuplicationPotion"},{"floor":11.0,"key":"FearPotion"},{"floor":14.0,"key":"Dexterity Potion"},{"floor":16.0,"key":"Elixir"}],"is_trial":false,"path_per_floor":["M","$","?","$","M","R","E","M","T","E","M","?","R","M","R","B",null,"M","$","?","$","M","R","E","$","T","M","M"],"character_chosen":"HERMIT","items_purchased":["hermit:Brawl","hermit:CalledShot","hermit:Showdown+1","Apotheosis","ReplayTheSpireMod:Uncanny Aura","Pen Nib","DollysMirror"],"campfire_rested":1,"item_purchase_floors":[2,4,19,19,21,25,25],"current_hp_per_floor":[75,75,75,75,75,75,75,75,75,54,38,38,75,69,69,26,75,59,59,59,59,47,47,45,60,60,33,0,0],"gold":57,"neow_bonus":"THREE_ENEMY_KILL","is_daily":false,"chose_seed":false,"campfire_upgraded":2,"win_rate":0.0,"timestamp":1608365146,"path_taken":["M","$","?","$","M","R","E","M","T","E","M","?","R","M","R","BOSS","M","$","?","$","M","R","E","?","T","M","M"],"items_purchased_type":["Card","Card","Card","Card","Card","Relic","Relic"],"build_version":"2020-12-13","purchased_purges":1,"victory":false,"max_hp_per_floor":[75,75,75,75,75,75,75,75,75,75,75,75,75,75,75,75,75,75,75,75,75,75,75,75,75,75,75,75,75],"card_choices":[{"not_picked":["hermit:Desperado","hermit:Malice"],"picked":"hermit:Determination","floor":1.0},{"not_picked":["hermit:BodyArmor","hermit:Misfire"],"picked":"hermit:Ricochet","floor":5.0},{"not_picked":["hermit:Misfire","hermit:HoleUp"],"picked":"hermit:Coalescence","floor":7.0},{"not_picked":["hermit:GoldenBullet","hermit:Snipe"],"picked":"hermit:FinalCanter","floor":8.0},{"not_picked":["hermit:Showdown","hermit:Dive"],"picked":"hermit:Snipe","floor":10.0},{"not_picked":["hermit:SprayPray","hermit:Roulette"],"picked":"hermit:Ricochet","floor":11.0},{"not_picked":["hermit:Spite","hermit:HoleUp"],"picked":"hermit:ShadowCloak","floor":14.0},{"not_picked":["hermit:HeroicBravado","hermit:Magnum"],"picked":"hermit:RoundhouseKick","floor":16.0},{"not_picked":["hermit:Ricochet","hermit:Manifest","hermit:BigShot"],"picked":"SKIP","floor":18.0},{"not_picked":["hermit:Snipe","hermit:Misfire"],"picked":"hermit:EyeOfTheStorm+1","floor":22.0},{"not_picked":["hermit:Glare+1","hermit:Manifest+1","hermit:TrackingShot+1"],"picked":"SKIP","floor":24.0},{"not_picked":["hermit:Scavenge","hermit:PistolWhip+1","hermit:CalledShot+1"],"picked":"SKIP","floor":27}],"player_experience":148082,"relics_obtained":[{"floor":3.0,"key":"Ring of Hypnosis"},{"floor":3.0,"key":"Ring of Greed"},{"floor":3.0,"key":"Membership Card"},{"floor":3.0,"key":"Blue Doll"},{"floor":7.0,"key":"Replay:Mystery Machine"},{"floor":10.0,"key":"Regal Pillow"},{"floor":24.0,"key":"MealTicket"},{"floor":26.0,"key":"Eternal Feather"}],"event_choices":[{"damage_healed":0.0,"max_hp_gain":0.0,"max_hp_loss":0.0,"gold_gain":0.0,"event_name":"Upgrade Shrine","player_choice":"Upgraded","floor":12.0,"gold_loss":0.0,"damage_taken":0.0,"cards_upgraded":["hermit:Determination"]},{"damage_healed":0.0,"max_hp_gain":0.0,"max_hp_loss":0.0,"gold_gain":0.0,"event_name":"Match and Keep!","player_choice":"1 cards matched","floor":20.0,"gold_loss":0.0,"damage_taken":0.0,"cards_obtained":["hermit:ShadowCloak"]}],"is_beta":false,"boss_relics":[{"not_picked":["Honey Jar","Black Star"],"picked":"Runic Pyramid"}],"items_purged_floors":[4],"is_endless":false,"potions_floor_spawned":[5,11,14,16,24],"killed_by":"Shelled Parasite and Fungi","ascension_level":0}}