{"host":"inzxg65gu6nvov1v","time":1608383098,"event":{"mods":["AchievementEnabler","Act Like it!","Aspiration","BaseMod","Better Third Choice","CapriCore","Card Forge","Colored Map","Colored Powertips","Conspire","Downfall","Energized Spire","Hallownest","Highlight Path","Hubris","Infinite Spire","Jedi Mod","Koishi","Lobotomy","LobotomyExtend","Marisa????????","Mimic Mod","Minty Spire (QoL Compilation)","Reimu??????","Remilia??????","Replay The Spire","Spicy Shops","StSLib","The Administrix","The Bug Knight","The Cursed","The Elementalist","The Gatherer","The Hierophant","The Immortal","The Jungle","The Necromancer","The Servant 0.9.4","Wandering Minibosses","Youmu??????","???????????mod"],"gold_per_floor":[99,124,142,1388,1421,1431,1469,1483,1509,1284,1303,1403,1418,1418,1428,1524,1524,1524,1553,1573,544,564,582,582,582,582,616,635,635,635,655,675,787,787,787,807,807,845,845,845,845,864,864,894,913,18,45,45,66,76],"floor_reached":51,"playtime":4894,"items_purged":["Injury"],"score":746,"play_id":"b6a84e15-881e-40c2-ad0b-354d0644a8d2","local_time":"20201219150458","is_ascension_mode":true,"campfire_choices":[{"floor":1,"key":"RECALL"},{"floor":10,"key":"REST"},{"floor":18,"key":"DIG"},{"floor":26,"key":"REST"},{"data":"hexamod:RainOfEmbers","floor":35,"key":"SMITH"},{"floor":39,"key":"REST"},{"floor":43,"key":"REST"}],"circlet_count":0,"master_deck":["hexamod:Strike+1","hexamod:Strike+1","hexamod:Strike+1","hexamod:Strike+1","hexamod:Defend+1","hexamod:Defend+1","hexamod:Defend+1","hexamod:Defend+1","hexamod:Sear+1","hexamod:Float+1","hexamod:VolcanoVisage+1","hexamod:Firestarter+1","hexamod:PhantomCloak+1","hexamod:RainOfEmbers+1","expansioncontent:StudyTheSpire+1","hexamod:ExtraCrispy+1","hexamod:FastForward+1","hexamod:HeatShield+1","hexamod:ExtraCrispy+1","hexamod:RadiantFlame+1","hexamod:FirstSeal","hexamod:HexaLevel+1","hexamod:VolcanoVisage+1","hexamod:SoulSteal+1","hexamod:BurningTouch+1","hexamod:Firestarter+1","hubris:Fate+1","hexamod:GhostflameInferno+1","hexamod:RainOfEmbers+1","hexamod:HexaLevel+1","hexamod:BurningTouch+1","hexamod:HeatCrush+1","hexamod:RainOfEmbers+1","hexamod:BurningTouch+1","Replay:Fractal Strike+1","hubris:InfiniteBlow+29","hubris:Rewind+1"],"relics":["hexamod:SpiritBrand","Hammer of Thor","Seething Fire","Anvil of the Gods","ScarletDevilRocket","Golden Egg","Lizard Tail","Happy Flower","HandDrill","Potion Belt","LetterFromLob","Eternal Feather","downfall:HeartBlessingRed","downfall:HeartBlessingGreen","downfall:HeartBlessingBlue","hubris:Stopwatch","jedi:arcanewood","aspiration:Stabinomicon","hexamod:TheBrokenSeal","ReplayTheSpireMod:TigerMarble","hubris:SphereOfDissonance","ReplayFunnel","TentaclePot:ReiMu","Replay:Bandana","CrazyTorch:ReiMu","elementalistmod:YellowCirclet","infinitespire:BottledMercury","infinitespire:Beetle Shell","aspiration:Nostalgia","MokouMod:PhoenixFeather","jedi:angrymask","MealTicket","SacredBark"],"acts_visited":["Exordium","TheCity","TheBeyond"],"potions_floor_usage":[19,19,19,20,20,50,50,50,50,50],"damage_taken":[{"damage":3,"enemies":"3 Sentries","floor":2,"turns":9},{"damage":1,"enemies":"Cultist","floor":3,"turns":4},{"damage":0,"enemies":"downfall:FleeingMerchant","floor":4,"turns":4},{"damage":15,"enemies":"Lagavulin","floor":5,"turns":6},{"damage":0,"enemies":"Small Slimes","floor":6,"turns":3},{"damage":6,"enemies":"2 Louse","floor":7,"turns":6},{"damage":4,"enemies":"2 Louse","floor":8,"turns":4},{"damage":0,"enemies":"Gremlin Nob","floor":9,"turns":4},{"damage":18,"enemies":"Exordium Thugs","floor":11,"turns":5},{"damage":11,"enemies":"3 Louse","floor":13,"turns":3},{"damage":0,"enemies":"Blue Slaver","floor":15,"turns":4},{"damage":23,"enemies":"downfall:Silent","floor":16,"turns":7},{"damage":44,"enemies":"Book of Stabbing","floor":19,"turns":8},{"damage":46,"enemies":"conspire:FuzzyDice","floor":20,"turns":8},{"damage":0,"enemies":"downfall:FleeingMerchant","floor":21,"turns":4},{"damage":8,"enemies":"Sentry and Sphere","floor":22,"turns":5},{"damage":16,"enemies":"Chosen and Byrds","floor":23,"turns":4},{"damage":13,"enemies":"Replay:Snechameleon","floor":27,"turns":4},{"damage":4,"enemies":"Snecko","floor":28,"turns":4},{"damage":12,"enemies":"3 Cultists","floor":31,"turns":5},{"damage":19,"enemies":"Sentry and Sphere","floor":32,"turns":4},{"damage":25,"enemies":"downfall:Watcher","floor":33,"turns":5},{"damage":28,"enemies":"3 Shapes","floor":36,"turns":5},{"damage":35,"enemies":"3 Darklings","floor":38,"turns":5},{"damage":47,"enemies":"4 Shapes","floor":42,"turns":4},{"damage":24,"enemies":"R_Hoarder","floor":44,"turns":8},{"damage":3,"enemies":"Sphere and 2 Shapes","floor":45,"turns":1},{"damage":15,"enemies":"downfall:FleeingMerchant","floor":46,"turns":4},{"damage":15,"enemies":"Spire Growth","floor":47,"turns":4},{"damage":27,"enemies":"4 Shapes","floor":49,"turns":4},{"damage":20,"enemies":"downfall:Defect","floor":50,"turns":7}],"seed_played":"-5636284684208438960","potions_obtained":[{"floor":3,"key":"Ancient Potion"},{"floor":6,"key":"ColorlessPotion"},{"floor":8,"key":"FearPotion"},{"floor":27,"key":"Block Potion"}],"is_trial":false,"path_per_floor":["R","E","M","$","E","M","MIM","M","E","R","M","?","M","?","M","B",null,"R_BF","E","M","$","M","M","T","?","R","E","M","?","AVR","M","M","B",null,"R","M","?","M","R","?","T","M","R","E","M","$","M","AVR","M","B",null],"character_chosen":"THE_SPIRIT","items_purchased":["hexamod:PhantomCloak+1","hexamod:RainOfEmbers","Golden Egg","Lizard Tail","Happy Flower","expansioncontent:StudyTheSpire","hexamod:DoubleChargePotion","AttackPotion","HandDrill","ReplayTheSpireMod:TigerMarble","hubris:SphereOfDissonance","ReplayFunnel","TentaclePot:ReiMu","Fire Potion","EssenceOfSteel","Adrenaline Potion","LiquidBronze","hexamod:BurningTouch","aspiration:Nostalgia","jedi:angrymask","MealTicket","FairyPotion","hexamod:DoubleChargePotion","PowerPotion"],"campfire_rested":4,"item_purchase_floors":[4,4,4,4,4,4,4,4,4,21,21,21,21,21,21,21,21,21,46,46,46,46,46,46],"current_hp_per_floor":[77,74,73,77,62,62,56,52,52,87,69,69,65,65,72,49,87,87,43,77,97,89,73,73,54,99,86,82,85,85,73,54,37,105,105,92,92,64,95,95,95,48,97,95,92,77,69,69,42,22],"gold":76,"neow_bonus":"TEN_PERCENT_HP_BONUS","is_daily":false,"chose_seed":false,"campfire_upgraded":1,"win_rate":0.0,"timestamp":1608383098,"path_taken":["R","E","M","$","E","?","MIM","M","E","R","M","?","?","?","M","BOSS","R_BF","E","M","$","M","M","T","?","R","E","M","?","AVR","?","M","BOSS","R","?","?","M","?","?","T","M","R","E","M","$","?","AVR","M","BOSS"],"items_purchased_type":["Card","Card","Relic","Relic","Relic","Card","Potion","Potion","Relic","Relic","Relic","Relic","Relic","Potion","Potion","Potion","Potion","Card","Relic","Relic","Relic","Potion","Potion","Potion"],"build_version":"2020-12-13","purchased_purges":1,"victory":true,"max_hp_per_floor":[77,77,77,77,77,77,77,77,77,87,87,87,87,87,87,87,87,87,87,97,97,97,97,97,102,102,102,102,105,105,105,105,105,105,105,105,105,105,105,105,105,105,105,105,105,105,105,105,105,105],"card_choices":[{"not_picked":["hexamod:SecondSeal","hexamod:HauntingEcho"],"picked":"hexamod:VolcanoVisage","floor":2},{"not_picked":["hexamod:GhostLash","hexamod:SpectersWail"],"picked":"hexamod:FirstSeal","floor":3},{"not_picked":["hexamod:SpectralAdrenaline","hexamod:PowerFromBeyond"],"picked":"hexamod:Firestarter","floor":4},{"not_picked":["hexamod:GhostShield","hexamod:NightmareStrike","hexamod:Hexaguard"],"picked":"SKIP","floor":5},{"not_picked":["hexamod:HeatCrush","hexamod:EtherealExpedition"],"picked":"hexamod:ExtraCrispy","floor":6},{"not_picked":["hexamod:GhostShield","hexamod:ThermalTransfer"],"picked":"hexamod:FastForward","floor":7},{"not_picked":["hexamod:NightmareGuise","hexamod:SwordOfDarkness"],"picked":"hexamod:HeatShield","floor":8},{"not_picked":["hexamod:SwordOfDarkness","hexamod:ShieldOfDarkness","hexamod:NecessarySacrifice"],"picked":"SKIP","floor":9},{"not_picked":["hexamod:Hexaguard","hexamod:ThermalTransfer"],"picked":"hexamod:ExtraCrispy","floor":11},{"not_picked":["hexamod:Hexaguard","hexamod:SwordOfDarkness","hexamod:GhostShield"],"picked":"SKIP","floor":13},{"not_picked":["hexamod:NightmareStrike","hexamod:CrushingStance"],"picked":"hexamod:RadiantFlame","floor":15},{"not_picked":["hexamod:UnleashSpirits","hexamod:ParanormalForm"],"picked":"hexamod:FifthSeal","floor":16},{"not_picked":["hexamod:FirstSeal","hexamod:SecondSeal"],"picked":"hexamod:SixthSeal","floor":19},{"not_picked":["hexamod:SkipABeat","hexamod:GhostOfSpireFuture","hexamod:DynamicBlow"],"picked":"SKIP","floor":19},{"not_picked":["hexamod:GhostOfSpireFuture","hexamod:GhostOfSpirePresent","hexamod:ThermalTransfer"],"picked":"SKIP","floor":20},{"not_picked":["hexamod:NightmareStrike","hexamod:Hexaguard","hexamod:InspiringFlames"],"picked":"SKIP","floor":21},{"not_picked":["hexamod:AdvancingGuard+1","hexamod:NightmareStrike","hexamod:ShieldOfDarkness"],"picked":"SKIP","floor":22},{"not_picked":["hexamod:SpectersWail","hexamod:NecessarySacrifice","hexamod:Incineration+1"],"picked":"SKIP","floor":23},{"not_picked":["hexamod:AdvancingGuard","hexamod:RainOfEmbers","hexamod:SkipABeat"],"picked":"SKIP","floor":27},{"not_picked":["hexamod:InspiringFlames","hexamod:Hexaguard"],"picked":"hexamod:Firestarter","floor":28},{"not_picked":["hexamod:GhostflameBarrier","hexamod:FastForward"],"picked":"hexamod:GhostflameInferno","floor":31},{"not_picked":["hexamod:ThermalTransfer","hexamod:HauntingEcho+1"],"picked":"hexamod:RainOfEmbers","floor":32},{"not_picked":["hexamod:TimeWarp","hexamod:TurnItUp"],"picked":"hexamod:HexaLevel","floor":33},{"not_picked":["hexamod:SwordOfDarkness+1","hexamod:BacktrackSmack+1","hexamod:ThermalTransfer"],"picked":"SKIP","floor":36},{"not_picked":["hexamod:FourthSeal","hexamod:SwordOfDarkness+1"],"picked":"hexamod:BurningTouch","floor":38},{"not_picked":["hexamod:GhostOfSpireFuture","hexamod:InspiringFlames","hexamod:DynamicBlow+1"],"picked":"SKIP","floor":42},{"not_picked":["hexamod:TimeWarp","hexamod:NightmareStrike+1"],"picked":"hexamod:HeatCrush","floor":44},{"not_picked":["hexamod:FourthSeal","hexamod:Hexaguard+1"],"picked":"hexamod:RainOfEmbers+1","floor":45},{"not_picked":["hexamod:SixthSeal","hexamod:SpectersWail+1","hexamod:ThermalTransfer+1"],"picked":"SKIP","floor":46},{"not_picked":["hexamod:HeatMetal","hexamod:PhantomFireball+1"],"picked":"hexamod:BurningTouch+1","floor":47},{"not_picked":["hexamod:BacktrackSmack+1","hexamod:ThermalTransfer","hexamod:GhostShield+1"],"picked":"SKIP","floor":49}],"player_experience":145599,"relics_obtained":[{"floor":2,"key":"ScarletDevilRocket"},{"floor":5,"key":"Potion Belt"},{"floor":6,"key":"LetterFromLob"},{"floor":9,"key":"Eternal Feather"},{"floor":18,"key":"jedi:arcanewood"},{"floor":19,"key":"aspiration:Stabinomicon"},{"floor":24,"key":"Replay:Bandana"},{"floor":27,"key":"CrazyTorch:ReiMu"},{"floor":41,"key":"infinitespire:BottledMercury"},{"floor":44,"key":"infinitespire:Beetle Shell"}],"event_choices":[{"damage_healed":0,"gold_gain":0,"player_choice":"Ignored","damage_taken":0,"max_hp_gain":0,"max_hp_loss":0,"event_name":"Upgrade Shrine","floor":37,"gold_loss":0}],"is_beta":false,"boss_relics":[{"not_picked":["infinitespire:Cupcake","jedi:paperlyon"],"picked":"hubris:Stopwatch"},{"not_picked":["Coffee Dripper","aspiration:SecretTechniqueScroll","Runic Pyramid"]}],"items_purged_floors":[4],"is_endless":false,"potions_floor_spawned":[3,6,8,11,15,16,22,27,31,33,36,47],"ascension_level":1}}