{"host":"njruw0b0uprlitpx","time":1608361119,"event":{"mods":["2.2 Compatiblity","Astrologer","BaseMod","Better Altar","Better Note","Better Sensory Stone","Better Skull","Better Third Choice","BetterRewards","Block Reminder","Chen","Colored Map","Colored Powertips","Hermit","Jedi Mod","Keyboard Shortcuts","Minty Spire (QoL Compilation)","Quick Restart","Relic Stats","Replay The Spire","SacredBarkPlus","Spicy Shops","StSLib","SuperFastMode","The Blackbeard","The Mystic","The Problem Sleuth","The Runesmith","The Spell Scribe","Wandering Minibosses"],"gold_per_floor":[110,110,110,123,123,155,155,187,187,187,16,33,47,58,58,159,159,175,20,20,35,49,49,77,27,50,50,75,75,75],"floor_reached":29,"playtime":5874,"items_purged":["Spreading Infection","astrologer:Defend"],"score":296,"play_id":"17bd738d-3ddf-41d3-b12d-c11c6c2380d0","local_time":"20201219005839","is_ascension_mode":false,"campfire_choices":[{"data":"astrologer:CometStrike","floor":7,"key":"SMITH"},{"data":"astrologer:Alignment","floor":10,"key":"SMITH"},{"floor":15,"key":"REST"},{"data":"astrologer:Starfield","floor":23,"key":"SMITH"},{"data":"jedi:cleanse","floor":27,"key":"SMITH"}],"circlet_count":0,"master_deck":["astrologer:Strike+1","astrologer:Strike+1","astrologer:Defend","astrologer:Defend","astrologer:NorthStar","astrologer:TheFool+1","astrologer:Confirmation","astrologer:CometStrike+1","astrologer:Alignment+1","astrologer:Eclipse","astrologer:Prismatic","astrologer:SpaceDust","astrologer:Opposition","jedi:cleanse+1","astrologer:NeutronStar","astrologer:Eclipse","astrologer:Stardust","astrologer:Starfield+1","astrologer:Moonlight","astrologer:Alignment+1","astrologer:TheHermit+1","astrologer:LonelyStar+1","astrologer:TheHermit+1","astrologer:SolarFlare","astrologer:Radiance","astrologer:Wish"],"relics":["astrologer:SkyMirror","NeowsBlessing","Iron Hammer","Whetstone","Boot","ReplayTheSpireMod:CursedCoin","BargainBundle","Replay:Mystery Machine","Ginger","Philosopher\u0027s Stone","DollysMirror","Astrolabe","Smiling Mask","Bronze Scales","jedi:arcanewood"],"acts_visited":["Exordium","TheCity"],"potions_floor_usage":[8,16,28,29],"damage_taken":[{"damage":0,"enemies":"Cultist","floor":1,"turns":1},{"damage":0,"enemies":"Small Slimes","floor":4,"turns":1},{"damage":0,"enemies":"Lagavulin","floor":6,"turns":1},{"damage":16,"enemies":"Gremlin Nob","floor":8,"turns":3},{"damage":0,"enemies":"Jaw Worm","floor":12,"turns":2},{"damage":3,"enemies":"Lots of Slimes","floor":13,"turns":3},{"damage":0,"enemies":"2 Fungi Beasts","floor":14,"turns":2},{"damage":18,"enemies":"Hexaghost","floor":16,"turns":9},{"damage":10,"enemies":"3 Byrds","floor":18,"turns":3},{"damage":0,"enemies":"Chosen","floor":21,"turns":4},{"damage":0,"enemies":"Snecko","floor":22,"turns":2},{"damage":8,"enemies":"Gremlin Leader","floor":24,"turns":6},{"damage":24,"enemies":"Slavers","floor":28,"turns":3},{"damage":25,"enemies":"Sentry and Sphere","floor":29,"turns":4}],"seed_played":"4172359310723092768","potions_obtained":[{"floor":1,"key":"Languid Potion"},{"floor":6,"key":"PowerPotion"},{"floor":21,"key":"EssenceOfSteel"}],"is_trial":false,"path_per_floor":["M","?","?","M","?","E","R","E","T","R","$","M","M","M","R","B",null,"M","$","?","M","M","R","E","$","T","R","E","M"],"character_chosen":"ASTROLOGER","items_purchased":["ReplayTheSpireMod:CursedCoin","BargainBundle","Replay:Mystery Machine","Ginger","astrologer:Prismatic","LiquidMemories","astrologer:SpaceDust","astrologer:Opposition","jedi:cleanse","DollysMirror"],"campfire_rested":1,"item_purchase_floors":[11,11,11,11,11,11,11,11,11,19],"current_hp_per_floor":[70,75,75,75,75,75,75,59,59,59,59,59,56,56,75,57,75,65,65,57,57,57,57,49,49,49,49,25,0,0],"gold":75,"neow_bonus":"THREE_ENEMY_KILL","is_daily":false,"chose_seed":false,"campfire_upgraded":4,"win_rate":0.0,"timestamp":1608361119,"path_taken":["M","?","?","M","?","E","R","E","T","R","$","M","?","M","R","BOSS","M","?","?","M","?","R","E","$","T","R","E","M"],"items_purchased_type":["Relic","Relic","Relic","Relic","Card","Potion","Card","Card","Card","Relic"],"build_version":"2020-12-13","purchased_purges":2,"victory":false,"max_hp_per_floor":[70,75,75,75,75,75,75,75,75,75,75,75,75,75,75,75,75,75,75,57,57,57,57,57,57,57,57,57,57,57],"relic_stats":{"counters":[46,195],"Astrolabe":["astrologer:TheHermit","astrologer:LonelyStar","astrologer:TheHermit"],"Bronze Scales":[18],"Whetstone":["astrologer:Strike","astrologer:Strike"],"Ginger":[5],"Boot":[18],"Smiling Mask":50,"obtain_stats":[{"jedi:angrymask":42,"Angel_Ring":17,"Vajra":53,"HollowMod:VesselMask":6,"theForsaken:Lifeblossom":54,"Juzu Bracelet":10,"jedi:command_boss":20,"Whetstone":30,"Ginger":11,"jedi:archwizardhat":25,"Replay:Mystery Machine":11,"PrismaticShard":12,"Boot":9,"Smiling Mask":24,"Burning Blood":6,"Lizard Tail":47,"Sundial":17,"DollysMirror":0,"Strawberry":3,"Philosopher\u0027s Stone":17,"Iron Hammer":6,"astrologer:SkyMirror":20,"Replay:Bottled Snecko":13,"Chemical X":25,"aspiration:ChemicalBlood":27,"Gremlin Food":25,"aspiration:StickyExplosives":40,"BargainBundle":11,"construct:RocketBooster":17,"NeowsBlessing":0,"aspiration:Nostalgia":6,"Golden Idol":2,"ReplayTheSpireMod:CursedCoin":11,"Astrolabe":20,"wanderingMiniBosses:MasterThiefsPresence":18,"aspiration:HummingbirdHeart":3,"jedi:crownofsimplicity":43,"MawBank":44,"Akabeko":13,"Calling Bell":17,"Du-Vu Doll":0,"Pendant":0,"Ornamental Fan":9,"Shuriken":36,"Bronze Scales":26,"Snecko Eye":34,"jedi:arcanewood":28},{"jedi:angrymask":18,"Angel_Ring":8,"Vajra":22,"HollowMod:VesselMask":3,"theForsaken:Lifeblossom":23,"Juzu Bracelet":5,"jedi:command_boss":41,"Whetstone":12,"Ginger":36,"jedi:archwizardhat":11,"Replay:Mystery Machine":36,"PrismaticShard":5,"Boot":36,"Smiling Mask":44,"Burning Blood":3,"Lizard Tail":26,"Sundial":8,"DollysMirror":28,"Strawberry":1,"Philosopher\u0027s Stone":40,"Iron Hammer":35,"astrologer:SkyMirror":41,"Replay:Bottled Snecko":6,"Chemical X":11,"aspiration:ChemicalBlood":12,"Gremlin Food":11,"aspiration:StickyExplosives":17,"BargainBundle":36,"construct:RocketBooster":8,"NeowsBlessing":32,"aspiration:Nostalgia":3,"Golden Idol":29,"ReplayTheSpireMod:CursedCoin":36,"Astrolabe":41,"wanderingMiniBosses:MasterThiefsPresence":9,"aspiration:HummingbirdHeart":1,"jedi:crownofsimplicity":18,"MawBank":25,"Akabeko":6,"Calling Bell":8,"Du-Vu Doll":28,"Pendant":0,"Ornamental Fan":4,"Shuriken":14,"Bronze Scales":44,"Snecko Eye":13,"jedi:arcanewood":45},{"jedi:angrymask":89,"Angel_Ring":40,"Vajra":102,"HollowMod:VesselMask":13,"theForsaken:Lifeblossom":105,"Juzu Bracelet":25,"jedi:command_boss":176,"Whetstone":69,"Ginger":157,"jedi:archwizardhat":64,"Replay:Mystery Machine":157,"PrismaticShard":25,"Boot":157,"Smiling Mask":188,"Burning Blood":13,"Lizard Tail":126,"Sundial":40,"DollysMirror":137,"Strawberry":3,"Philosopher\u0027s Stone":173,"Iron Hammer":155,"astrologer:SkyMirror":176,"Replay:Bottled Snecko":28,"Chemical X":64,"aspiration:ChemicalBlood":69,"Gremlin Food":64,"aspiration:StickyExplosives":88,"BargainBundle":157,"construct:RocketBooster":40,"NeowsBlessing":152,"aspiration:Nostalgia":13,"Golden Idol":140,"ReplayTheSpireMod:CursedCoin":157,"Astrolabe":176,"wanderingMiniBosses:MasterThiefsPresence":46,"aspiration:HummingbirdHeart":3,"jedi:crownofsimplicity":89,"MawBank":117,"Akabeko":28,"Calling Bell":40,"Du-Vu Doll":137,"Pendant":0,"Ornamental Fan":18,"Shuriken":83,"Bronze Scales":188,"Snecko Eye":80,"jedi:arcanewood":191}]},"card_choices":[{"not_picked":["astrologer:TheEmperor","astrologer:Cataclysm"],"picked":"astrologer:Confirmation","floor":1},{"not_picked":["astrologer:TheEmperor","astrologer:ShootingStar"],"picked":"astrologer:CometStrike","floor":4},{"not_picked":["astrologer:Confirmation","astrologer:SpaceDust"],"picked":"astrologer:Alignment","floor":6},{"not_picked":["astrologer:SpaceDust","astrologer:MeteorShower"],"picked":"astrologer:Eclipse","floor":8},{"not_picked":["astrologer:Opposition","astrologer:Judgement"],"picked":"astrologer:NeutronStar","floor":12},{"not_picked":["astrologer:MeteorShower","astrologer:ReadTheStars"],"picked":"astrologer:Eclipse","floor":13},{"not_picked":["astrologer:CometStrike","astrologer:MeteorShower"],"picked":"astrologer:Stardust","floor":14},{"not_picked":["astrologer:RejectReality","astrologer:TheSun"],"picked":"astrologer:Starfield","floor":16},{"not_picked":["astrologer:Opposition","astrologer:FrozenStar"],"picked":"astrologer:Moonlight","floor":18},{"not_picked":["astrologer:FrozenStar","astrologer:Opposition"],"picked":"astrologer:SolarFlare","floor":21},{"not_picked":["astrologer:Prismatic","astrologer:Still"],"picked":"astrologer:Radiance","floor":22},{"not_picked":["astrologer:Moonlight","astrologer:Stardust"],"picked":"astrologer:Wish","floor":24},{"not_picked":["astrologer:Radiance","astrologer:Still","astrologer:Prismatic+1"],"picked":"SKIP","floor":28}],"player_experience":1479163,"relics_obtained":[{"floor":6,"key":"Iron Hammer"},{"floor":8,"key":"Whetstone"},{"floor":9,"key":"Boot"},{"floor":24,"key":"Smiling Mask"},{"floor":26,"key":"Bronze Scales"},{"floor":28,"key":"jedi:arcanewood"}],"event_choices":[{"damage_healed":0,"gold_gain":0,"player_choice":"Donut","damage_taken":0,"max_hp_gain":5,"max_hp_loss":0,"event_name":"Big Fish","floor":2,"gold_loss":0},{"damage_healed":0,"gold_gain":0,"player_choice":"Ignored","damage_taken":110,"max_hp_gain":0,"max_hp_loss":0,"event_name":"betterThird:BetterSerpent","floor":3,"gold_loss":0}],"is_beta":false,"boss_relics":[{"not_picked":["Replay:Bronze Core","Painkiller Herb"],"picked":"Philosopher\u0027s Stone"}],"items_purged_floors":[11,25],"is_endless":false,"potions_floor_spawned":[1,6,21,22,24],"killed_by":"Sentry and Sphere","ascension_level":0}}