{"host":"cc187","time":1608409212,"event":{"mods":["AchievementEnabler","BaseMod","Bestiary","Colored Map","Colored Powertips","Highlight Path","Keyboard Shortcuts","Minty Spire (QoL Compilation)","Quick Restart","Rare Cards Sparkle","Relic Stats","StSLib","SuperFastMode","Synergy Search"],"gold_per_floor":[109,124,124,124,142,142,174,190,272,283,283,283,283],"floor_reached":12,"playtime":506,"items_purged":[],"score":148,"play_id":"ab7e3e1c-0272-46d9-936f-d8ab91b52006","local_time":"20201219202012","is_ascension_mode":true,"campfire_choices":[{"floor":6,"key":"RECALL"},{"floor":11,"key":"REST"}],"circlet_count":0,"master_deck":["AscendersBane","Strike_G","Strike_G","Strike_G","Strike_G","Strike_G","Defend_G","Defend_G","Defend_G","Defend_G","Defend_G","Survivor","Neutralize","Deadly Poison","Tactician","Grand Finale","Neutralize","Calculated Gamble","Well Laid Plans","Dagger Spray","Choke+1"],"relics":["Fusion Hammer","Ice Cream","Molten Egg 2"],"acts_visited":["Exordium"],"potions_floor_usage":[7,7],"damage_taken":[{"damage":1,"enemies":"Small Slimes","floor":1,"turns":5},{"damage":7,"enemies":"Jaw Worm","floor":2,"turns":4},{"damage":3,"enemies":"Cultist","floor":5,"turns":5},{"damage":22,"enemies":"Lagavulin","floor":7,"turns":8},{"damage":12,"enemies":"Exordium Wildlife","floor":8,"turns":4},{"damage":12,"enemies":"Red Slaver","floor":10,"turns":5},{"damage":27,"enemies":"3 Sentries","floor":12,"turns":6}],"seed_played":"791845212822843704","potions_obtained":[{"floor":2,"key":"EssenceOfSteel"},{"floor":5,"key":"CunningPotion"}],"is_trial":false,"path_per_floor":["M","M","?","?","M","R","E","M","T","M","R","E"],"character_chosen":"THE_SILENT","items_purchased":[],"campfire_rested":1,"item_purchase_floors":[],"current_hp_per_floor":[58,51,51,51,48,48,26,14,14,2,21,0,0],"gold":283,"neow_bonus":"BOSS_RELIC","is_daily":false,"chose_seed":false,"campfire_upgraded":0,"win_rate":0.0,"timestamp":1608409212,"path_taken":["M","M","?","?","M","R","E","?","T","M","R","E"],"items_purchased_type":[],"build_version":"2020-12-18","purchased_purges":0,"victory":false,"max_hp_per_floor":[66,66,66,66,66,66,66,66,66,66,66,66,66],"relic_stats":{"counters":[7,37],"obtain_stats":[{"Ice Cream":7,"Molten Egg 2":9,"Fusion Hammer":0,"Ring of the Snake":0},{"Ice Cream":4,"Molten Egg 2":5,"Fusion Hammer":0,"Ring of the Snake":0},{"Ice Cream":22,"Molten Egg 2":26,"Fusion Hammer":0,"Ring of the Snake":0}]},"card_choices":[{"not_picked":["Dagger Throw","Sucker Punch"],"picked":"Deadly Poison","floor":1},{"not_picked":["Sucker Punch","Flying Knee"],"picked":"Tactician","floor":2},{"not_picked":["Dash","Infinite Blades"],"picked":"Calculated Gamble","floor":5},{"not_picked":["Underhanded Strike","Skewer"],"picked":"Well Laid Plans","floor":7},{"not_picked":["Outmaneuver","Tactician"],"picked":"Dagger Spray","floor":8},{"not_picked":["Terror","Poisoned Stab+1"],"picked":"Choke+1","floor":10}],"player_experience":786499,"relics_obtained":[{"floor":7,"key":"Ice Cream"},{"floor":9,"key":"Molten Egg 2"}],"event_choices":[{"damage_healed":0,"gold_gain":0,"player_choice":"Ignored","damage_taken":0,"max_hp_gain":0,"max_hp_loss":0,"event_name":"Shining Light","floor":3,"gold_loss":0},{"damage_healed":0,"gold_gain":0,"player_choice":"2 cards matched","damage_taken":0,"max_hp_gain":0,"max_hp_loss":0,"event_name":"Match and Keep!","floor":4,"gold_loss":0,"cards_obtained":["Grand Finale","Neutralize"]}],"is_beta":true,"boss_relics":[],"items_purged_floors":[],"is_endless":false,"potions_floor_spawned":[2,5],"killed_by":"3 Sentries","ascension_level":17}}