{"host":"pjgcdp3h1plnbocs","time":1608404150,"event":{"mods":["AchievementEnabler","BaseMod","Colored Map","Highlight Path","Minty Spire (QoL Compilation)"],"gold_per_floor":[365,540,540,559,92,124,141,141,141],"floor_reached":8,"playtime":264,"items_purged":["Doubt"],"score":73,"play_id":"6b2b42ac-e0fd-4f2c-b57d-1ce6aa3ebe24","local_time":"20201219195550","is_ascension_mode":true,"campfire_choices":[],"circlet_count":0,"master_deck":["Strike_G","Strike_G","Strike_G","Strike_G","Strike_G","Defend_G","Defend_G","Defend_G","Defend_G","Defend_G","Survivor","Neutralize","Parasite","Poisoned Stab","Noxious Fumes","Leg Sweep+1"],"relics":["Ring of the Snake","Question Card","TwistedFunnel","Toxic Egg 2","MealTicket"],"acts_visited":["Exordium"],"potions_floor_usage":[8],"damage_taken":[{"damage":0.0,"enemies":"2 Louse","floor":1.0,"turns":2.0},{"damage":10.0,"enemies":"Jaw Worm","floor":4.0,"turns":5.0},{"damage":37.0,"enemies":"Gremlin Nob","floor":6.0,"turns":5.0},{"damage":4,"enemies":"Small Slimes","floor":7,"turns":3},{"damage":12,"enemies":"3 Sentries","floor":8,"turns":2}],"seed_played":"6753162311844650011","potions_obtained":[{"floor":1.0,"key":"Ancient Potion"},{"floor":7,"key":"Energy Potion"}],"is_trial":false,"path_per_floor":["M","?","T","M","$","E","M","E"],"character_chosen":"THE_SILENT","items_purchased":["TwistedFunnel","Toxic Egg 2"],"campfire_rested":0,"item_purchase_floors":[5,5],"current_hp_per_floor":[63,63,63,53,53,16,12,0,0],"gold":141,"neow_bonus":"TWO_FIFTY_GOLD","is_daily":false,"chose_seed":false,"campfire_upgraded":0,"win_rate":0.0,"timestamp":1608404150,"path_taken":["M","?","?","M","$","E","M","E"],"items_purchased_type":["Relic","Relic"],"build_version":"2020-12-13","purchased_purges":1,"victory":false,"max_hp_per_floor":[70,70,70,70,70,70,70,70,70],"card_choices":[{"not_picked":["Blade Dance","Leg Sweep"],"picked":"Poisoned Stab","floor":1.0},{"not_picked":["Flying Knee","Prepared","PiercingWail"],"picked":"Noxious Fumes","floor":4.0},{"not_picked":["Prepared+1","Storm of Steel+1","Quick Slash","Endless Agony"],"picked":"SKIP","floor":6},{"not_picked":["Acrobatics+1","Reflex+1","Slice"],"picked":"Leg Sweep+1","floor":7}],"player_experience":116637,"relics_obtained":[{"floor":3.0,"key":"Question Card"},{"floor":6,"key":"MealTicket"}],"event_choices":[{"damage_healed":0.0,"max_hp_gain":0.0,"max_hp_loss":0.0,"gold_gain":175.0,"event_name":"Liars Game","player_choice":"AGREE","floor":2.0,"gold_loss":0.0,"damage_taken":0.0,"cards_obtained":["Doubt"]}],"is_beta":false,"boss_relics":[],"items_purged_floors":[5],"is_endless":false,"potions_floor_spawned":[1,7],"killed_by":"3 Sentries","ascension_level":6}}