{"host":"krw8blyxua7at9ak","time":1608341762,"event":{"mods":["BaseMod","Highlight Path","Minty Spire (QoL Compilation)","ojb\u0027s Info Mod"],"gold_per_floor":[117,117,117,117,23,23,67,91,118,118,153,171,207,230,230,326,326,339,352,277,290,7,50,50,50,50,50,50],"floor_reached":27,"playtime":948,"items_purged":[],"score":623,"play_id":"cc804704-e67b-47d6-b0cd-6ffd9933b7ba","local_time":"20201219023602","is_ascension_mode":true,"campfire_choices":[{"data":"Noxious Fumes","floor":6.0,"key":"SMITH"},{"data":"Blade Dance","floor":15,"key":"SMITH"}],"circlet_count":0,"master_deck":["AscendersBane","Defend_G","Defend_G","Defend_G","Defend_G","Defend_G","Survivor","Neutralize","Dagger Throw","Skewer","Noxious Fumes+1","Blade Dance+1","Tools of the Trade","Glass Knife","Underhanded Strike+1","Underhanded Strike+1","Corpse Explosion","Dagger Spray+1","Flying Knee+1","Bite+1","Bite+1","Bite+1","Bite+1","Bite+1"],"relics":["Ring of the Snake","NeowsBlessing","Bloody Idol","Matryoshka","Paper Crane","Pen Nib","Orichalcum","Shuriken","Molten Egg 2","Runic Pyramid","Ornamental Fan","Smiling Mask","Happy Flower","Bottled Tornado"],"acts_visited":["Exordium","TheCity"],"potions_floor_usage":[16,16,23,27,27],"damage_taken":[{"damage":0.0,"enemies":"Cultist","floor":1.0,"turns":1.0},{"damage":0.0,"enemies":"3 Sentries","floor":7.0,"turns":2.0},{"damage":0.0,"enemies":"2 Louse","floor":8.0,"turns":1.0},{"damage":27.0,"enemies":"Gremlin Nob","floor":11.0,"turns":5.0},{"damage":0.0,"enemies":"Small Slimes","floor":12.0,"turns":2.0},{"damage":8,"enemies":"3 Sentries","floor":13,"turns":6},{"damage":10,"enemies":"3 Louse","floor":14,"turns":3},{"damage":8,"enemies":"The Guardian","floor":16,"turns":8},{"damage":4,"enemies":"3 Byrds","floor":18,"turns":3},{"damage":5,"enemies":"Spheric Guardian","floor":19,"turns":3},{"damage":12,"enemies":"Snake Plant","floor":21,"turns":4},{"damage":17,"enemies":"Gremlin Leader","floor":23,"turns":6},{"damage":30,"enemies":"Slavers","floor":27,"turns":1}],"seed_played":"5990382235916139220","potions_obtained":[{"floor":8.0,"key":"DuplicationPotion"},{"floor":11.0,"key":"PowerPotion"},{"floor":14,"key":"Swift Potion"},{"floor":19,"key":"Fruit Juice"},{"floor":21,"key":"LiquidBronze"},{"floor":23,"key":"Dexterity Potion"}],"is_trial":false,"path_per_floor":["M","?","$","?","$","R","E","M","T","?","E","M","E","M","R","B",null,"M","M","?","M","$","E","?","?","T","E"],"character_chosen":"THE_SILENT","items_purchased":["Noxious Fumes","Blade Dance","Ornamental Fan"],"campfire_rested":0,"item_purchase_floors":[5,5,22],"current_hp_per_floor":[59,59,59,59,59,59,59,59,59,59,32,32,24,14,14,6,47,43,38,38,26,26,14,14,14,14,0,0],"gold":50,"neow_bonus":"THREE_ENEMY_KILL","is_daily":false,"chose_seed":false,"campfire_upgraded":2,"win_rate":0.0,"timestamp":1608341762,"path_taken":["M","?","$","?","$","R","E","?","T","?","E","M","E","M","R","BOSS","M","M","?","M","$","E","?","?","T","E"],"items_purchased_type":["Card","Card","Relic"],"build_version":"2020-12-13","purchased_purges":0,"victory":false,"max_hp_per_floor":[66,60,60,60,60,60,60,60,60,60,60,60,60,60,60,60,60,60,60,60,60,60,65,65,45,45,45,45],"card_choices":[{"not_picked":["Outmaneuver","Masterful Stab"],"picked":"Dagger Throw","floor":1.0},{"not_picked":["Blade Dance","Accuracy"],"picked":"Tools of the Trade","floor":7.0},{"not_picked":["Blade Dance","Sucker Punch","Poisoned Stab"],"picked":"SKIP","floor":8.0},{"not_picked":["Backflip","Acrobatics","Prepared"],"picked":"SKIP","floor":11.0},{"not_picked":["Dagger Spray","Skewer"],"picked":"Glass Knife","floor":12.0},{"not_picked":["Backflip","Deflect"],"picked":"Underhanded Strike+1","floor":13},{"not_picked":["Poisoned Stab+1","Choke+1"],"picked":"Underhanded Strike+1","floor":14},{"not_picked":["Envenom","Grand Finale+1"],"picked":"Corpse Explosion","floor":16},{"not_picked":["Prepared","Choke+1","Flechettes+1"],"picked":"SKIP","floor":18},{"not_picked":["Accuracy","Reflex"],"picked":"Dagger Spray+1","floor":19},{"not_picked":["Poisoned Stab+1","Outmaneuver","Flechettes+1"],"picked":"SKIP","floor":21},{"not_picked":["Crippling Poison","Burst"],"picked":"Flying Knee+1","floor":23}],"player_experience":340068,"relics_obtained":[{"floor":7.0,"key":"Matryoshka"},{"floor":9.0,"key":"Paper Crane"},{"floor":9.0,"key":"Pen Nib"},{"floor":11.0,"key":"Shuriken"},{"floor":13,"key":"Molten Egg 2"},{"floor":23,"key":"Smiling Mask"},{"floor":26,"key":"Happy Flower"},{"floor":26,"key":"Bottled Tornado"}],"event_choices":[{"damage_healed":0.0,"max_hp_gain":0.0,"max_hp_loss":6.0,"gold_gain":0.0,"event_name":"Golden Idol","player_choice":"Lose Max HP","floor":2.0,"gold_loss":0.0,"damage_taken":0.0,"relics_obtained":["Golden Idol"]},{"damage_healed":0.0,"max_hp_gain":0.0,"max_hp_loss":0.0,"gold_gain":0.0,"cards_transformed":["Strike_G"],"event_name":"Transmorgrifier","player_choice":"Transformed","floor":4.0,"gold_loss":0.0,"damage_taken":0.0,"cards_obtained":["Skewer"]},{"damage_healed":0.0,"max_hp_gain":0.0,"max_hp_loss":0.0,"gold_gain":0.0,"event_name":"Dead Adventurer","player_choice":"Searched \u00271\u0027 times","floor":10.0,"gold_loss":0.0,"damage_taken":0.0,"relics_obtained":["Orichalcum"]},{"cards_removed":["Strike_G"],"damage_healed":0,"gold_gain":0,"player_choice":"Gave Gold","damage_taken":0,"max_hp_gain":0,"max_hp_loss":0,"event_name":"Beggar","floor":20,"gold_loss":75},{"damage_healed":0,"gold_gain":0,"player_choice":"Gave Idol","damage_taken":0,"relics_obtained":["Bloody Idol"],"max_hp_gain":0,"max_hp_loss":0,"event_name":"Forgotten Altar","floor":24,"relics_lost":["Golden Idol"],"gold_loss":0},{"damage_healed":0,"gold_gain":0,"player_choice":"Became a vampire","damage_taken":0,"max_hp_gain":0,"max_hp_loss":20,"event_name":"Vampires","floor":25,"gold_loss":0,"cards_obtained":["Bite","Bite","Bite","Bite","Bite"]}],"is_beta":false,"boss_relics":[{"not_picked":["SlaversCollar","Sozu"],"picked":"Runic Pyramid"}],"items_purged_floors":[],"is_endless":false,"potions_floor_spawned":[8,11,14,19,21,23],"killed_by":"Slavers","ascension_level":20}}