{"host":"agbyy69nq62afhwx","time":1608409815,"event":{"mods":["BaseMod","Colored Map","Highlight Path","Keyboard Shortcuts","Minty Spire (QoL Compilation)","Quick Restart","StSLib","SuperFastMode","everything is the same but u backflip on backflip"],"gold_per_floor":[112,122,132,132,152,152,171,198,253,253,49,49,69,80,80,184,184,197,197,207,224,87,87,105,105,129,129,141,141,141,158,158,253,253,263,263,282,332,345,345,379,379,434,434,139,139,154,188,188,188],"floor_reached":51,"playtime":2300,"items_purged":["Strike_B","Strike_B"],"score":952,"play_id":"6f10e1e4-aaf2-4f2f-b54f-4886677eda0d","local_time":"20201220053015","is_ascension_mode":true,"campfire_choices":[{"data":"Defragment","floor":6.0,"key":"SMITH"},{"data":"Coolheaded","floor":10.0,"key":"SMITH"},{"data":"Chaos","floor":12.0,"key":"SMITH"},{"data":"Dualcast","floor":15.0,"key":"SMITH"},{"data":"Capacitor","floor":23.0,"key":"SMITH"},{"data":"Seek","floor":25.0,"key":"SMITH"},{"data":"Loop","floor":27.0,"key":"SMITH"},{"floor":30.0,"key":"REST"},{"data":"White Noise","floor":32.0,"key":"SMITH"},{"floor":40.0,"key":"REST"},{"data":"Hologram","floor":42.0,"key":"SMITH"},{"data":"Rainbow","floor":44.0,"key":"SMITH"},{"data":"Defragment","floor":46.0,"key":"SMITH"},{"data":"Recycle","floor":49,"key":"SMITH"}],"circlet_count":0,"master_deck":["Zap","Dualcast+1","Conserve Battery","Chaos+1","Defragment+1","Coolheaded+1","Turbo","White Noise+1","Finesse","Capacitor+1","Ball Lightning","Hologram+1","Seek+1","Redo+1","Chill","Compile Driver","Loop+1","Compile Driver","Aggregate+1","Rainbow+1","Recycle+1","Darkness","Machine Learning","Auto Shields","Defragment+1","Heatsinks+1"],"relics":["Cracked Core","Mercury Hourglass","Bag of Preparation","Nuclear Battery","Bronze Scales","Pandora\u0027s Box","Torii","Eternal Feather","MealTicket","Dead Branch","Oddly Smooth Stone"],"acts_visited":["Exordium","TheCity","TheBeyond"],"potions_floor_usage":[50],"damage_taken":[{"damage":0.0,"enemies":"Cultist","floor":1.0,"turns":2.0},{"damage":0.0,"enemies":"2 Louse","floor":2.0,"turns":2.0},{"damage":5.0,"enemies":"Small Slimes","floor":3.0,"turns":3.0},{"damage":3.0,"enemies":"Looter","floor":5.0,"turns":4.0},{"damage":0.0,"enemies":"Large Slime","floor":7.0,"turns":5.0},{"damage":20.0,"enemies":"Lagavulin","floor":8.0,"turns":8.0},{"damage":0.0,"enemies":"Exordium Thugs","floor":13.0,"turns":4.0},{"damage":7.0,"enemies":"2 Fungi Beasts","floor":14.0,"turns":3.0},{"damage":14.0,"enemies":"Slime Boss","floor":16.0,"turns":9.0},{"damage":4.0,"enemies":"Chosen","floor":18.0,"turns":3.0},{"damage":4.0,"enemies":"3 Byrds","floor":20.0,"turns":4.0},{"damage":0.0,"enemies":"3 Cultists","floor":21.0,"turns":5.0},{"damage":27.0,"enemies":"Cultist and Chosen","floor":24.0,"turns":6.0},{"damage":7.0,"enemies":"Snake Plant","floor":28.0,"turns":3.0},{"damage":1.0,"enemies":"Centurion and Healer","floor":31.0,"turns":4.0},{"damage":33.0,"enemies":"Champ","floor":33.0,"turns":10.0},{"damage":44.0,"enemies":"3 Darklings","floor":35.0,"turns":6.0},{"damage":5.0,"enemies":"3 Shapes","floor":37.0,"turns":4.0},{"damage":0.0,"enemies":"Mind Bloom Boss Battle","floor":38.0,"turns":5.0},{"damage":0.0,"enemies":"Spire Growth","floor":39.0,"turns":4.0},{"damage":0.0,"enemies":"Nemesis","floor":41.0,"turns":5.0},{"damage":0,"enemies":"Sphere and 2 Shapes","floor":47,"turns":2},{"damage":0,"enemies":"Reptomancer","floor":48,"turns":3},{"damage":0,"enemies":"Awakened One","floor":50,"turns":8}],"seed_played":"4546471259619603682","potions_obtained":[{"floor":5.0,"key":"SkillPotion"},{"floor":8.0,"key":"AttackPotion"},{"floor":13.0,"key":"Block Potion"},{"floor":14.0,"key":"LiquidMemories"},{"floor":39.0,"key":"Dexterity Potion"}],"is_trial":false,"path_per_floor":["M","M","M","?","M","R","M","E","T","R","$","R","M","M","R","B",null,"M","?","M","M","$","R","M","R","T","R","M","?","R","M","R","B",null,"M","?","M","?","M","R","E","R","T","R","$","R","M","E","R","B",null],"character_chosen":"DEFECT","items_purchased":["Finesse","Capacitor","Loop","Dead Branch"],"campfire_rested":2,"item_purchase_floors":[11,11,22,45],"current_hp_per_floor":[75,75,70,70,67,67,67,47,47,47,47,47,47,40,40,26,75,71,71,67,67,67,67,40,40,40,40,33,33,55,54,54,21,75,31,31,26,26,26,47,47,62,62,71,71,71,71,71,71,71],"gold":188,"neow_bonus":"REMOVE_CARD","is_daily":false,"chose_seed":false,"campfire_upgraded":12,"win_rate":0.0,"timestamp":1608409815,"path_taken":["M","M","M","?","M","R","M","E","T","R","$","R","M","M","R","BOSS","M","?","M","M","?","R","?","R","T","R","M","?","R","M","R","BOSS","M","?","M","?","M","R","E","R","T","R","$","R","?","E","R","BOSS"],"items_purchased_type":["Card","Card","Card","Relic"],"build_version":"2020-12-13","purchased_purges":2,"victory":true,"max_hp_per_floor":[75,75,75,75,75,75,75,75,75,75,75,75,75,75,75,75,75,75,75,75,75,75,75,75,75,75,75,75,75,75,75,75,75,75,75,71,71,71,71,71,71,71,71,71,71,71,71,71,71,71],"card_choices":[{"not_picked":["Beam Cell","Hologram"],"picked":"Conserve Battery","floor":1.0},{"not_picked":["Go for the Eyes","Conserve Battery"],"picked":"Chaos","floor":2.0},{"not_picked":["Undo","Glacier"],"picked":"Defragment","floor":3.0},{"not_picked":["Undo","Conserve Battery"],"picked":"Coolheaded","floor":5.0},{"not_picked":["Streamline","Barrage"],"picked":"Turbo","floor":7.0},{"not_picked":["Undo","Genetic Algorithm"],"picked":"White Noise","floor":8.0},{"not_picked":["Undo","Cold Snap"],"picked":"Ball Lightning","floor":13.0},{"not_picked":["Thunder Strike","Streamline"],"picked":"Hologram","floor":14.0},{"not_picked":["Amplify","Hyperbeam"],"picked":"Seek","floor":16.0},{"not_picked":["Stack","Conserve Battery"],"picked":"Redo+1","floor":18.0},{"not_picked":["Turbo+1","Go for the Eyes"],"picked":"Compile Driver","floor":20.0},{"not_picked":["Steam Power","Cold Snap","Barrage+1"],"picked":"SKIP","floor":21.0},{"not_picked":["White Noise","Stack"],"picked":"Compile Driver","floor":24.0},{"not_picked":["Loop","Compile Driver","Gash+1"],"picked":"SKIP","floor":28.0},{"not_picked":["BootSequence","Loop"],"picked":"Aggregate+1","floor":31.0},{"not_picked":["Fission","Hyperbeam"],"picked":"Rainbow","floor":33.0},{"not_picked":["Gash","Doom and Gloom","Auto Shields+1"],"picked":"SKIP","floor":35.0},{"not_picked":["Auto Shields","Capacitor","Compile Driver"],"picked":"SKIP","floor":37.0},{"not_picked":["Steam","Compile Driver+1"],"picked":"Defragment","floor":38.0},{"not_picked":["Chaos","Rebound"],"picked":"Heatsinks+1","floor":39.0},{"not_picked":["Consume+1","Multi-Cast","Steam+1"],"picked":"SKIP","floor":41.0},{"not_picked":["FTL+1","Chill","Cold Snap"],"picked":"SKIP","floor":47},{"not_picked":["Hello World+1","Undo","Heatsinks+1"],"picked":"SKIP","floor":48}],"player_experience":331113,"relics_obtained":[{"floor":8.0,"key":"Mercury Hourglass"},{"floor":9.0,"key":"Bag of Preparation"},{"floor":26.0,"key":"Bronze Scales"},{"floor":38.0,"key":"Torii"},{"floor":41.0,"key":"Eternal Feather"},{"floor":43.0,"key":"MealTicket"},{"floor":48,"key":"Oddly Smooth Stone"}],"event_choices":[{"damage_healed":0.0,"max_hp_gain":0.0,"max_hp_loss":0.0,"gold_gain":0.0,"event_name":"Liars Game","player_choice":"Ignored","floor":4.0,"gold_loss":0.0,"damage_taken":0.0},{"damage_healed":0.0,"max_hp_gain":0.0,"max_hp_loss":0.0,"gold_gain":0.0,"cards_transformed":["Strike_B"],"event_name":"Transmorgrifier","player_choice":"Transformed","floor":19.0,"gold_loss":0.0,"damage_taken":0.0,"cards_obtained":["Chill"]},{"damage_healed":0.0,"max_hp_gain":0.0,"max_hp_loss":0.0,"gold_gain":0.0,"event_name":"Vampires","player_choice":"Ignored","floor":29.0,"gold_loss":0.0,"damage_taken":0.0},{"damage_healed":0.0,"max_hp_gain":0.0,"max_hp_loss":4.0,"gold_gain":0.0,"event_name":"Winding Halls","player_choice":"Max HP","floor":36.0,"gold_loss":0.0,"damage_taken":0.0},{"damage_healed":0.0,"max_hp_gain":0.0,"max_hp_loss":0.0,"gold_gain":0.0,"event_name":"MindBloom","player_choice":"Fight","floor":38.0,"gold_loss":0.0,"damage_taken":0.0}],"is_beta":false,"boss_relics":[{"not_picked":["Coffee Dripper","Astrolabe"],"picked":"Nuclear Battery"},{"not_picked":["Tiny House","Black Star"],"picked":"Pandora\u0027s Box"}],"items_purged_floors":[11,22],"is_endless":false,"potions_floor_spawned":[5,8,13,14,16,20,28,33,37,39,48],"ascension_level":3}}