{"host":"udzsrhbqdxqtlypj","time":1608421297,"event":{"mods":["BaseMod","Minty Spire (QoL Compilation)","Relic Stats"],"gold_per_floor":[117,131,141,157,175,175,190,222,222,241,241,259,259,293,293,395,395,412,431,431,444,478,511,511,511,511,511,543,563,563,588,588,683,683,694,714,733,745,236,236,271,271,318,356,578,591,591,635,635,635,635,635,80,121,121],"floor_reached":56,"playtime":4231,"items_purged":["Strike_R","Strike_R"],"score":1992,"play_id":"6ca3a413-d4da-4c26-ad40-803ba49150f7","local_time":"20201219174137","is_ascension_mode":true,"campfire_choices":[{"data":"Bludgeon","floor":6,"key":"SMITH"},{"data":"Reckless Charge","floor":11,"key":"SMITH"},{"data":"Shockwave","floor":13,"key":"SMITH"},{"data":"Feel No Pain","floor":15,"key":"SMITH"},{"data":"Brutality","floor":24,"key":"SMITH"},{"data":"Burning Pact","floor":27,"key":"SMITH"},{"data":"Offering","floor":30,"key":"SMITH"},{"data":"Combust","floor":32,"key":"SMITH"},{"floor":40,"key":"RECALL"},{"floor":42,"key":"REST"},{"floor":47,"key":"REST"},{"floor":49,"key":"REST"},{"floor":52,"key":"REST"}],"circlet_count":0,"master_deck":["AscendersBane","Strike_R","Strike_R","Strike_R","Defend_R","Defend_R","Defend_R","Defend_R","Bash","Master of Strategy","Feel No Pain+1","Burning Pact+1","Twin Strike","Bludgeon+1","Ghostly Armor","Seeing Red","Headbutt","Reckless Charge+1","Shockwave+1","Brutality+1","Corruption","Hemokinesis+1","Combust+1","Shrug It Off","Offering+1","Anger+1","Feed","Intimidate+1","True Grit+1","Feel No Pain","Headbutt+1","Shockwave","Feel No Pain","Battle Trance","Evolve+1","Battle Trance","Apotheosis","Disarm","Exhume","Fire Breathing+1","Intimidate+1","Corruption","Shrug It Off+1","Disarm+1"],"relics":["Burning Blood","StrikeDummy","TungstenRod","Bag of Preparation","SlaversCollar","Red Mask","Torii","Letter Opener","Sundial","Regal Pillow","Fusion Hammer","Membership Card","Charon\u0027s Ashes","Bag of Marbles","CeramicFish","HornCleat","Strawberry","Mercury Hourglass","Lizard Tail","Orrery","Self Forming Clay"],"acts_visited":["Exordium","TheCity","TheBeyond","TheEnding"],"potions_floor_usage":[7,12,20,22,31,38,41,55],"damage_taken":[{"damage":14,"enemies":"Small Slimes","floor":1,"turns":5},{"damage":5,"enemies":"2 Louse","floor":2,"turns":4},{"damage":2,"enemies":"Cultist","floor":3,"turns":4},{"damage":22,"enemies":"Exordium Thugs","floor":4,"turns":5},{"damage":4,"enemies":"Large Slime","floor":5,"turns":5},{"damage":0,"enemies":"Blue Slaver","floor":7,"turns":2},{"damage":16,"enemies":"3 Sentries","floor":8,"turns":9},{"damage":0,"enemies":"Looter","floor":10,"turns":1},{"damage":8,"enemies":"Red Slaver","floor":12,"turns":2},{"damage":9,"enemies":"Gremlin Nob","floor":14,"turns":3},{"damage":13,"enemies":"Slime Boss","floor":16,"turns":6},{"damage":7,"enemies":"2 Thieves","floor":18,"turns":3},{"damage":0,"enemies":"Chosen","floor":19,"turns":3},{"damage":8,"enemies":"Centurion and Healer","floor":20,"turns":2},{"damage":1,"enemies":"Cultist and Chosen","floor":21,"turns":6},{"damage":18,"enemies":"Masked Bandits","floor":22,"turns":5},{"damage":25,"enemies":"Book of Stabbing","floor":23,"turns":5},{"damage":1,"enemies":"Gremlin Leader","floor":28,"turns":4},{"damage":5,"enemies":"Shelled Parasite and Fungi","floor":29,"turns":2},{"damage":6,"enemies":"Book of Stabbing","floor":31,"turns":4},{"damage":30,"enemies":"Collector","floor":33,"turns":8},{"damage":0,"enemies":"Orb Walker","floor":35,"turns":3},{"damage":1,"enemies":"3 Shapes","floor":36,"turns":3},{"damage":17,"enemies":"Jaw Worm Horde","floor":37,"turns":5},{"damage":6,"enemies":"Maw","floor":38,"turns":7},{"damage":8,"enemies":"Giant Head","floor":41,"turns":5},{"damage":13,"enemies":"Nemesis","floor":44,"turns":5},{"damage":17,"enemies":"Writhing Mass","floor":46,"turns":5},{"damage":6,"enemies":"Reptomancer","floor":48,"turns":4},{"damage":50,"enemies":"Time Eater","floor":50,"turns":11},{"damage":1,"enemies":"Shield and Spear","floor":54,"turns":6},{"damage":9,"enemies":"The Heart","floor":55,"turns":8}],"seed_played":"5426367094820284505","potions_obtained":[{"floor":3,"key":"SteroidPotion"},{"floor":4,"key":"SmokeBomb"},{"floor":5,"key":"Fire Potion"},{"floor":10,"key":"FairyPotion"},{"floor":21,"key":"AttackPotion"},{"floor":23,"key":"Block Potion"},{"floor":29,"key":"Dexterity Potion"},{"floor":33,"key":"Strength Potion"},{"floor":37,"key":"Fire Potion"},{"floor":44,"key":"EssenceOfSteel"},{"floor":48,"key":"ElixirPotion"},{"floor":54,"key":"BloodPotion"}],"is_trial":false,"path_per_floor":["M","M","M","M","M","R","M","E","T","M","R","M","R","E","R","B",null,"M","M","M","M","?","E","R","?","T","R","E","M","R","E","R","B",null,"M","M","M","M","$","R","E","R","T","E","?","M","R","E","R","B",null,"R","$","E","B",null],"character_chosen":"IRONCLAD","items_purchased":["Membership Card","Charon\u0027s Ashes","Bag of Marbles","Shockwave","Feel No Pain","DistilledChaos","Mercury Hourglass","Lizard Tail","Apotheosis","Disarm","Exhume","Orrery"],"campfire_rested":4,"item_purchase_floors":[39,39,39,39,39,39,53,53,53,53,53,53],"current_hp_per_floor":[43,44,48,32,34,34,40,30,30,36,36,34,34,31,31,24,66,65,71,69,74,62,43,43,36,36,36,41,42,42,42,42,18,65,71,79,71,71,71,71,69,86,86,79,79,71,89,99,99,58,91,102,102,102,99],"gold":121,"neow_bonus":"RANDOM_COLORLESS_2","is_daily":false,"chose_seed":false,"campfire_upgraded":8,"win_rate":0.0,"timestamp":1608421297,"path_taken":["M","M","M","M","M","R","M","E","T","M","R","M","R","E","R","BOSS","M","M","M","M","?","E","R","?","T","R","E","M","R","E","R","BOSS","M","?","M","M","$","R","E","R","T","E","?","M","R","E","R","BOSS","R","$","E","BOSS"],"items_purchased_type":["Relic","Relic","Relic","Card","Card","Potion","Relic","Relic","Card","Card","Card","Relic"],"build_version":"2020-12-13","purchased_purges":2,"victory":true,"max_hp_per_floor":[80,80,80,80,80,80,80,80,80,80,80,80,80,80,80,80,80,80,80,80,80,80,80,80,80,80,80,80,80,80,80,80,80,80,80,83,86,86,86,86,86,86,86,86,86,89,89,99,99,102,102,102,102,102,102],"relic_stats":{"Regal Pillow":0,"Torii":18,"counters":[32,150],"Self Forming Clay":[9],"CeramicFish":99,"Charon\u0027s Ashes":[289],"Bag of Preparation":[44],"Letter Opener":[151],"Burning Blood":187,"Mercury Hourglass":[42],"Lizard Tail":0,"Sundial":[8],"obtain_stats":[{"Regal Pillow":31,"Torii":23,"Self Forming Clay":54,"CeramicFish":41,"Charon\u0027s Ashes":39,"Bag of Preparation":14,"Letter Opener":26,"Burning Blood":0,"Mercury Hourglass":53,"SlaversCollar":17,"Lizard Tail":53,"HornCleat":44,"Sundial":28,"Strawberry":48,"Orrery":53,"Fusion Hammer":34,"Red Mask":22,"Bag of Marbles":39,"Membership Card":39,"StrikeDummy":8,"TungstenRod":9},{"Regal Pillow":20,"Torii":17,"Self Forming Clay":31,"CeramicFish":26,"Charon\u0027s Ashes":25,"Bag of Preparation":10,"Letter Opener":17,"Burning Blood":0,"Mercury Hourglass":30,"SlaversCollar":11,"Lizard Tail":30,"HornCleat":27,"Sundial":18,"Strawberry":29,"Orrery":30,"Fusion Hammer":21,"Red Mask":16,"Bag of Marbles":25,"Membership Card":25,"StrikeDummy":7,"TungstenRod":7},{"Regal Pillow":80,"Torii":70,"Self Forming Clay":142,"CeramicFish":111,"Charon\u0027s Ashes":106,"Bag of Preparation":40,"Letter Opener":70,"Burning Blood":0,"Mercury Hourglass":136,"SlaversCollar":46,"Lizard Tail":136,"HornCleat":116,"Sundial":74,"Strawberry":125,"Orrery":136,"Fusion Hammer":88,"Red Mask":65,"Bag of Marbles":106,"Membership Card":106,"StrikeDummy":34,"TungstenRod":34}],"TungstenRod":196},"card_choices":[{"not_picked":["Mayhem","Magnetism"],"picked":"Master of Strategy","floor":0},{"not_picked":["Body Slam","Warcry"],"picked":"Feel No Pain","floor":1},{"not_picked":["Flex","Warcry"],"picked":"Burning Pact","floor":2},{"not_picked":["Iron Wave","Clothesline"],"picked":"Twin Strike","floor":3},{"not_picked":["Flex","Twin Strike"],"picked":"Bludgeon","floor":4},{"not_picked":["Flex","Twin Strike"],"picked":"Ghostly Armor","floor":5},{"not_picked":["Shrug It Off","Second Wind"],"picked":"Seeing Red","floor":7},{"not_picked":["Cleave","Havoc"],"picked":"Headbutt","floor":8},{"not_picked":["Clash","Anger"],"picked":"Reckless Charge","floor":10},{"not_picked":["Feel No Pain","Sever Soul"],"picked":"Shockwave","floor":12},{"not_picked":["Pummel","Clothesline"],"picked":"Brutality","floor":14},{"not_picked":["Reaper","Exhume"],"picked":"Corruption","floor":16},{"not_picked":["Twin Strike","Havoc"],"picked":"Hemokinesis+1","floor":18},{"not_picked":["Body Slam","Reckless Charge","Thunderclap"],"picked":"SKIP","floor":19},{"not_picked":["Shockwave","Heavy Blade"],"picked":"Combust","floor":21},{"not_picked":["Cleave","Perfected Strike"],"picked":"Shrug It Off","floor":22},{"not_picked":["Clash","Pommel Strike","Headbutt"],"picked":"SKIP","floor":23},{"not_picked":["Anger+1","Feel No Pain"],"picked":"Offering","floor":28},{"not_picked":["Clash","Sword Boomerang+1","Clothesline+1"],"picked":"SKIP","floor":29},{"not_picked":["Thunderclap+1","Brutality"],"picked":"Anger+1","floor":31},{"not_picked":["Berserk","Corruption"],"picked":"Feed","floor":33},{"not_picked":["Rage+1","Havoc"],"picked":"Intimidate+1","floor":35},{"not_picked":["Warcry+1","Searing Blow+1"],"picked":"True Grit+1","floor":36},{"not_picked":["Blood for Blood","Demon Form"],"picked":"Feel No Pain","floor":37},{"not_picked":["Clothesline","Perfected Strike+1"],"picked":"Headbutt+1","floor":38},{"not_picked":["Spot Weakness+1","Sentinel+1"],"picked":"Battle Trance","floor":41},{"not_picked":["Reckless Charge+1","Hemokinesis"],"picked":"Evolve+1","floor":44},{"not_picked":["Clothesline+1","Anger+1","Pommel Strike+1"],"picked":"SKIP","floor":46},{"not_picked":["Power Through+1","Bloodletting"],"picked":"Battle Trance","floor":48},{"not_picked":["Whirlwind","Bludgeon"],"picked":"Fire Breathing+1","floor":53},{"not_picked":["Pommel Strike","Headbutt"],"picked":"Intimidate+1","floor":53},{"not_picked":["Pommel Strike+1","Battle Trance+1"],"picked":"Corruption","floor":53},{"not_picked":["Flame Barrier","Body Slam+1"],"picked":"Shrug It Off+1","floor":53},{"not_picked":["Pummel","Heavy Blade"],"picked":"Disarm+1","floor":54}],"player_experience":2682975,"relics_obtained":[{"floor":8,"key":"StrikeDummy"},{"floor":9,"key":"TungstenRod"},{"floor":14,"key":"Bag of Preparation"},{"floor":22,"key":"Red Mask"},{"floor":23,"key":"Torii"},{"floor":26,"key":"Letter Opener"},{"floor":28,"key":"Sundial"},{"floor":31,"key":"Regal Pillow"},{"floor":41,"key":"CeramicFish"},{"floor":44,"key":"HornCleat"},{"floor":48,"key":"Strawberry"},{"floor":54,"key":"Self Forming Clay"}],"event_choices":[{"damage_healed":0,"gold_gain":0,"player_choice":"Fought Bandits","damage_taken":0,"max_hp_gain":0,"max_hp_loss":0,"event_name":"Masked Bandits","floor":22,"gold_loss":0},{"damage_healed":0,"gold_gain":0,"player_choice":"Damaged","damage_taken":8,"max_hp_gain":0,"max_hp_loss":0,"event_name":"Wheel of Change","floor":25,"gold_loss":0},{"damage_healed":0,"gold_gain":222,"player_choice":"Wore Mask","damage_taken":0,"max_hp_gain":0,"max_hp_loss":0,"event_name":"Tomb of Lord Red Mask","floor":45,"gold_loss":0}],"is_beta":false,"boss_relics":[{"not_picked":["Runic Dome","Black Blood"],"picked":"SlaversCollar"},{"not_picked":["Busted Crown","Pandora\u0027s Box"],"picked":"Fusion Hammer"}],"items_purged_floors":[39,53],"is_endless":false,"potions_floor_spawned":[3,4,5,10,21,23,29,33,37,44,48,54],"ascension_level":10}}