{"host":"rmsq46plbpwfbxcc","time":1608381555,"event":{"mods":["AchievementEnabler","BaseMod","Colored Map","DeckTracker","Minty Spire (QoL Compilation)","Permanent Neow","SuperFastMode"],"gold_per_floor":[116,129,148,148,148,160,182,205,217,229,241,283,295,318,330,416,428,450,478,490,516,528,540,552,552],"floor_reached":24,"playtime":818,"items_purged":[],"score":356,"play_id":"ce0c791b-e2f1-4203-a334-456b977d85b6","local_time":"20201219213915","is_ascension_mode":true,"campfire_choices":[{"data":"Dash","floor":6,"key":"SMITH"},{"data":"Finisher","floor":11,"key":"SMITH"},{"data":"Cloak And Dagger","floor":13,"key":"SMITH"},{"data":"Survivor","floor":15,"key":"SMITH"},{"data":"After Image","floor":23,"key":"SMITH"}],"circlet_count":0,"master_deck":["AscendersBane","Strike_G","Strike_G","Strike_G","Strike_G","Defend_G","Defend_G","Defend_G","Defend_G","Survivor+1","Neutralize+1","Finisher+1","Cloak And Dagger+1","Dash+1","PiercingWail","After Image+1","Distraction","Grand Finale","Acrobatics"],"relics":["Ring of the Serpent","MawBank","Singing Bowl"],"acts_visited":["Exordium","TheCity"],"potions_floor_usage":[16,16,17,24],"damage_taken":[{"damage":7,"enemies":"Small Slimes","floor":1,"turns":4},{"damage":0,"enemies":"Cultist","floor":2,"turns":4},{"damage":0,"enemies":"Jaw Worm","floor":3,"turns":4},{"damage":1,"enemies":"Large Slime","floor":7,"turns":8},{"damage":0,"enemies":"Blue Slaver","floor":8,"turns":3},{"damage":33,"enemies":"Lagavulin","floor":12,"turns":7},{"damage":4,"enemies":"3 Louse","floor":14,"turns":5},{"damage":6,"enemies":"The Guardian","floor":16,"turns":9},{"damage":8,"enemies":"Chosen","floor":18,"turns":7},{"damage":1,"enemies":"Shell Parasite","floor":19,"turns":9},{"damage":8,"enemies":"3 Cultists","floor":21,"turns":4},{"damage":51,"enemies":"Gremlin Leader","floor":24,"turns":11}],"seed_played":"-2726076734933424384","potions_obtained":[{"floor":1,"key":"Ancient Potion"},{"floor":7,"key":"CultistPotion"},{"floor":12,"key":"AttackPotion"},{"floor":16,"key":"Fruit Juice"},{"floor":21,"key":"AttackPotion"}],"is_trial":false,"path_per_floor":["M","M","M","?","?","R","M","M","T","?","R","E","R","M","R","B",null,"M","M","?","M","?","R","E"],"character_chosen":"THE_SILENT","items_purchased":[],"campfire_rested":0,"item_purchase_floors":[],"current_hp_per_floor":[52,52,52,52,52,52,51,51,51,56,56,25,25,23,23,17,66,60,61,61,53,53,53,2,2],"gold":552,"neow_bonus":"UPGRADE_CARD","is_daily":false,"chose_seed":false,"campfire_upgraded":5,"win_rate":0.0,"timestamp":1608381555,"path_taken":["M","M","M","?","?","R","M","?","T","?","R","E","R","M","R","BOSS","M","M","?","M","?","R","E"],"items_purchased_type":[],"build_version":"2020-12-13","purchased_purges":0,"victory":false,"max_hp_per_floor":[66,66,66,66,66,66,66,66,66,71,71,73,73,75,75,75,80,82,84,84,84,84,84,84,84],"card_choices":[{"not_picked":["Backflip","Acrobatics"],"picked":"Finisher","floor":1},{"not_picked":["PiercingWail","Backflip"],"picked":"Cloak And Dagger","floor":2},{"not_picked":["Flying Knee","Flechettes"],"picked":"Dash","floor":3},{"not_picked":["Dash","Cloak And Dagger"],"picked":"PiercingWail","floor":7},{"not_picked":["Underhanded Strike","Caltrops","Concentrate"],"picked":"SKIP","floor":8},{"not_picked":["Outmaneuver","Deflect","Dodge and Roll"],"picked":"Singing Bowl","floor":12},{"not_picked":["Venomology","Distraction","Poisoned Stab"],"picked":"Singing Bowl","floor":14},{"not_picked":["Adrenaline","Storm of Steel"],"picked":"After Image","floor":16},{"not_picked":["Skewer","Underhanded Strike","Flying Knee"],"picked":"Singing Bowl","floor":18},{"not_picked":["Underhanded Strike","Sucker Punch","Prepared"],"picked":"Singing Bowl","floor":19},{"not_picked":["Catalyst","Deadly Poison"],"picked":"Acrobatics","floor":21}],"player_experience":1333453,"relics_obtained":[{"floor":9,"key":"Singing Bowl"}],"event_choices":[{"damage_healed":0,"gold_gain":0,"player_choice":"Ignored","damage_taken":0,"max_hp_gain":0,"max_hp_loss":0,"event_name":"Liars Game","floor":4,"gold_loss":0},{"damage_healed":0,"gold_gain":0,"player_choice":"Gave Potion","damage_taken":0,"relics_obtained":["MawBank"],"max_hp_gain":0,"max_hp_loss":0,"event_name":"WeMeetAgain","floor":5,"gold_loss":0},{"damage_healed":0,"gold_gain":0,"player_choice":"Donut","damage_taken":0,"max_hp_gain":5,"max_hp_loss":0,"event_name":"Big Fish","floor":10,"gold_loss":0},{"damage_healed":0,"gold_gain":0,"cards_transformed":["Strike_G","Defend_G"],"player_choice":"Became Test Subject","damage_taken":0,"max_hp_gain":0,"max_hp_loss":0,"event_name":"Drug Dealer","floor":20,"gold_loss":0,"cards_obtained":["Distraction","Grand Finale"]},{"damage_healed":0,"gold_gain":0,"player_choice":"Ignored","damage_taken":0,"max_hp_gain":0,"max_hp_loss":0,"event_name":"Ghosts","floor":22,"gold_loss":0}],"is_beta":false,"boss_relics":[{"not_picked":["Tiny House","SacredBark"],"picked":"Ring of the Serpent"}],"items_purged_floors":[],"is_endless":false,"potions_floor_spawned":[1,7,12,16,21],"killed_by":"Gremlin Leader","ascension_level":16}}