{"host":"y76clbnovzmw9ubx","time":1608389240,"event":{"mods":["AchievementEnabler","BaseMod","Minty Spire (QoL Compilation)","Permanent Neow","Relic Stats"],"gold_per_floor":[364,375,43,57,76,103,103,137,210,210,237,302,38,70,70,144,144,162,52,70,14,14,41,53,53,53,81,81,108,108,134,134,210,210,227,252,252,46,63,95,95,128,153,178,192,206,235,255,255,255,255,255,255,1,35,35],"floor_reached":57,"playtime":4334,"items_purged":["Normality","Strike_R","Strike_R"],"score":3373,"play_id":"9e5d39dd-59a5-46a8-a31c-5653ae35cbc5","local_time":"20201219094720","is_ascension_mode":true,"campfire_choices":[{"data":"Sever Soul","floor":7,"key":"SMITH"},{"data":"Immolate","floor":10,"key":"SMITH"},{"data":"Fire Breathing","floor":15,"key":"SMITH"},{"data":"Demon Form","floor":25,"key":"SMITH"},{"data":"Uppercut","floor":30,"key":"SMITH"},{"data":"Feel No Pain","floor":32,"key":"SMITH"},{"floor":41,"key":"RECALL"},{"data":"Disarm","floor":49,"key":"SMITH"},{"data":"Offering","floor":53,"key":"SMITH"}],"circlet_count":0,"master_deck":["AscendersBane","Strike_R","Defend_R","Defend_R","Defend_R","Defend_R","Bash","Armaments","Sever Soul+1","Feel No Pain+1","Uppercut+1","Immolate+1","Demon Form+1","Fire Breathing+1","Double Tap+1","Inflame","Fire Breathing","Heavy Blade+1","Inflame+1","Corruption+1","Shockwave","Evolve+1","Burning Pact+1","Offering+1","Sword Boomerang+1","Dark Embrace+1","Disarm+1","Disarm+1","Seeing Red"],"relics":["Burning Blood","Lee\u0027s Waffle","Mummified Hand","FossilizedHelix","Bottled Flame","MealTicket","Omamori","Du-Vu Doll","Snecko Eye","Mercury Hourglass","Prayer Wheel","Frozen Egg 2","Bird Faced Urn","Pocketwatch","Gambling Chip","Cursed Key","Unceasing Top","Blood Vial","Centennial Puzzle","StoneCalendar","Pantograph","Bag of Marbles","Ginger"],"acts_visited":["Exordium","TheCity","TheBeyond","TheEnding"],"potions_floor_usage":[8,14,29,35,46,50,51],"damage_taken":[{"damage":6,"enemies":"Jaw Worm","floor":1,"turns":6},{"damage":0,"enemies":"Small Slimes","floor":2,"turns":4},{"damage":0,"enemies":"Cultist","floor":4,"turns":3},{"damage":9,"enemies":"3 Louse","floor":5,"turns":5},{"damage":21,"enemies":"3 Sentries","floor":6,"turns":5},{"damage":37,"enemies":"Lagavulin","floor":8,"turns":6},{"damage":4,"enemies":"3 Sentries","floor":11,"turns":5},{"damage":16,"enemies":"Gremlin Nob","floor":14,"turns":4},{"damage":32,"enemies":"Hexaghost","floor":16,"turns":9},{"damage":0,"enemies":"Chosen","floor":18,"turns":4},{"damage":0,"enemies":"2 Thieves","floor":20,"turns":2},{"damage":7,"enemies":"Slavers","floor":23,"turns":2},{"damage":0,"enemies":"3 Cultists","floor":24,"turns":2},{"damage":8,"enemies":"Gremlin Leader","floor":27,"turns":3},{"damage":30,"enemies":"Book of Stabbing","floor":29,"turns":4},{"damage":0,"enemies":"Slavers","floor":31,"turns":1},{"damage":0,"enemies":"Collector","floor":33,"turns":4},{"damage":0,"enemies":"3 Shapes","floor":35,"turns":1},{"damage":15,"enemies":"Mind Bloom Boss Battle","floor":36,"turns":3},{"damage":0,"enemies":"3 Darklings","floor":39,"turns":3},{"damage":0,"enemies":"Reptomancer","floor":40,"turns":3},{"damage":0,"enemies":"Giant Head","floor":42,"turns":3},{"damage":0,"enemies":"Nemesis","floor":44,"turns":3},{"damage":0,"enemies":"Transient","floor":45,"turns":6},{"damage":0,"enemies":"Writhing Mass","floor":46,"turns":1},{"damage":6,"enemies":"Giant Head","floor":47,"turns":4},{"damage":0,"enemies":"Maw","floor":48,"turns":2},{"damage":25,"enemies":"Donu and Deca","floor":50,"turns":4},{"damage":46,"enemies":"Awakened One","floor":51,"turns":4},{"damage":0,"enemies":"Shield and Spear","floor":55,"turns":2},{"damage":83,"enemies":"The Heart","floor":56,"turns":5}],"seed_played":"-3020741362971293269","potions_obtained":[{"floor":1,"key":"SneckoOil"},{"floor":4,"key":"Ancient Potion"},{"floor":8,"key":"Swift Potion"},{"floor":31,"key":"Ancient Potion"},{"floor":36,"key":"Fire Potion"},{"floor":42,"key":"EntropicBrew"}],"is_trial":false,"path_per_floor":["M","M","$","M","M","E","R","E","T","R","E","?","$","E","R","B",null,"M","?","M","$","?","E","M","R","T","E","?","E","R","E","R","B",null,"M","?","?","$","M","E","R","E","T","E","M","M","E","M","R","B","B",null,"R","$","E","B",null],"character_chosen":"IRONCLAD","items_purchased":["Feel No Pain","Lee\u0027s Waffle","Omamori","SteroidPotion","Evolve+1","Bag of Marbles","ElixirPotion"],"campfire_rested":0,"item_purchase_floors":[3,3,13,21,38,54,54],"current_hp_per_floor":[68,74,82,82,79,64,64,33,33,33,35,35,50,40,40,14,65,71,71,77,82,82,81,82,82,82,80,80,62,62,70,70,82,82,82,75,75,78,78,78,78,78,78,78,78,78,78,78,78,67,40,69,69,78,78,15],"gold":35,"neow_bonus":"TWO_FIFTY_GOLD","is_daily":false,"chose_seed":false,"campfire_upgraded":8,"win_rate":0.0,"timestamp":1608389240,"path_taken":["M","M","$","M","M","E","R","E","T","R","E","?","$","E","R","BOSS","M","?","?","$","?","E","M","R","T","E","?","E","R","E","R","BOSS","M","?","?","?","M","E","R","E","T","E","?","M","E","M","R","BOSS","BOSS","R","$","E","BOSS"],"items_purchased_type":["Card","Relic","Relic","Potion","Card","Relic","Potion"],"build_version":"2020-12-13","purchased_purges":3,"victory":true,"max_hp_per_floor":[75,75,82,82,82,82,82,82,82,82,82,82,82,82,82,82,82,82,82,82,82,82,82,82,82,82,82,82,82,82,82,82,82,82,82,82,78,78,78,78,78,78,78,78,78,78,78,78,78,78,78,78,78,78,78,78],"relic_stats":{"Lee\u0027s Waffle":8,"counters":[31,112],"StoneCalendar":[0],"Ginger":[2],"Cursed Key":1,"Burning Blood":115,"Mercury Hourglass":[257],"Blood Vial":0,"Centennial Puzzle":[12],"Mummified Hand":[213],"Bird Faced Urn":[46],"Gambling Chip":[33],"Pantograph":11,"Snecko Eye":[143,147,149,156],"MealTicket":32,"Prayer Wheel":6,"obtain_stats":[{"Lee\u0027s Waffle":3,"StoneCalendar":44,"Omamori":13,"Ginger":55,"Frozen Egg 2":26,"Cursed Key":34,"Burning Blood":0,"Mercury Hourglass":22,"Du-Vu Doll":14,"Blood Vial":40,"Bottled Flame":9,"Centennial Puzzle":42,"Mummified Hand":6,"Bird Faced Urn":27,"Gambling Chip":31,"Pantograph":47,"Snecko Eye":17,"MealTicket":11,"Prayer Wheel":23,"Bag of Marbles":54,"FossilizedHelix":8,"Unceasing Top":36,"Pocketwatch":29},{"Lee\u0027s Waffle":2,"StoneCalendar":23,"Omamori":7,"Ginger":30,"Frozen Egg 2":13,"Cursed Key":17,"Burning Blood":0,"Mercury Hourglass":11,"Du-Vu Doll":8,"Blood Vial":21,"Bottled Flame":6,"Centennial Puzzle":22,"Mummified Hand":5,"Bird Faced Urn":14,"Gambling Chip":16,"Pantograph":26,"Snecko Eye":9,"MealTicket":7,"Prayer Wheel":12,"Bag of Marbles":29,"FossilizedHelix":6,"Unceasing Top":19,"Pocketwatch":15},{"Lee\u0027s Waffle":10,"StoneCalendar":85,"Omamori":34,"Ginger":107,"Frozen Egg 2":57,"Cursed Key":69,"Burning Blood":0,"Mercury Hourglass":53,"Du-Vu Doll":38,"Blood Vial":79,"Bottled Flame":29,"Centennial Puzzle":82,"Mummified Hand":23,"Bird Faced Urn":60,"Gambling Chip":65,"Pantograph":95,"Snecko Eye":47,"MealTicket":34,"Prayer Wheel":55,"Bag of Marbles":105,"FossilizedHelix":29,"Unceasing Top":73,"Pocketwatch":64}],"Unceasing Top":[19],"Pocketwatch":[6]},"card_choices":[{"not_picked":["Warcry","Rupture"],"picked":"Armaments","floor":1},{"not_picked":["Headbutt","Sword Boomerang"],"picked":"Sever Soul","floor":2},{"not_picked":["Thunderclap","Warcry"],"picked":"Uppercut","floor":4},{"not_picked":["Flame Barrier","Clash"],"picked":"Immolate","floor":5},{"not_picked":["Headbutt","Warcry","Sword Boomerang"],"picked":"SKIP","floor":6},{"not_picked":["Bloodletting","Iron Wave","Combust"],"picked":"SKIP","floor":8},{"not_picked":["Offering","Twin Strike"],"picked":"Demon Form","floor":11},{"not_picked":["Cleave","Dropkick"],"picked":"Fire Breathing","floor":14},{"not_picked":["Demon Form","Exhume"],"picked":"Double Tap","floor":16},{"not_picked":["Flex","Body Slam","Clothesline"],"picked":"SKIP","floor":18},{"not_picked":["Heavy Blade+1","Clash"],"picked":"Inflame","floor":20},{"not_picked":["Havoc","Armaments"],"picked":"Fire Breathing","floor":23},{"not_picked":["Exhume","Sword Boomerang","Bloodletting"],"picked":"SKIP","floor":24},{"not_picked":["Infernal Blade","Cleave","Armaments"],"picked":"SKIP","floor":24},{"not_picked":["Reckless Charge","Shrug It Off","Hemokinesis"],"picked":"SKIP","floor":27},{"not_picked":["Headbutt+1","Brutality+1"],"picked":"Heavy Blade+1","floor":29},{"not_picked":["Clothesline","Body Slam"],"picked":"Inflame+1","floor":31},{"not_picked":["Offering","Feed"],"picked":"Corruption+1","floor":33},{"not_picked":["Ghostly Armor","Heavy Blade+1"],"picked":"Shockwave","floor":35},{"not_picked":["Anger","Sword Boomerang","Headbutt"],"picked":"SKIP","floor":35},{"not_picked":["Havoc+1","Shockwave"],"picked":"Burning Pact+1","floor":39},{"not_picked":["Shrug It Off","Perfected Strike","Armaments+1"],"picked":"SKIP","floor":39},{"not_picked":["Rampage+1","Cleave"],"picked":"Offering","floor":40},{"not_picked":["Perfected Strike","Iron Wave+1"],"picked":"Sword Boomerang+1","floor":42},{"not_picked":["Warcry","Cleave","Clothesline"],"picked":"SKIP","floor":44},{"not_picked":["True Grit","Battle Trance"],"picked":"Dark Embrace+1","floor":45},{"not_picked":["Burning Pact+1","Warcry","Rupture+1"],"picked":"SKIP","floor":45},{"not_picked":["Rupture+1","Perfected Strike","Rage"],"picked":"SKIP","floor":46},{"not_picked":["Brutality+1","Iron Wave","Flex"],"picked":"SKIP","floor":46},{"not_picked":["Perfected Strike","Clothesline"],"picked":"Disarm+1","floor":47},{"not_picked":["Havoc","Bloodletting+1"],"picked":"Disarm","floor":48},{"not_picked":["Rage+1","Reckless Charge","Spot Weakness"],"picked":"SKIP","floor":48},{"not_picked":["Searing Blow+1","Clothesline"],"picked":"Seeing Red","floor":55}],"player_experience":2910361,"relics_obtained":[{"floor":6,"key":"Mummified Hand"},{"floor":8,"key":"FossilizedHelix"},{"floor":9,"key":"Bottled Flame"},{"floor":11,"key":"MealTicket"},{"floor":14,"key":"Du-Vu Doll"},{"floor":23,"key":"Prayer Wheel"},{"floor":26,"key":"Frozen Egg 2"},{"floor":27,"key":"Bird Faced Urn"},{"floor":29,"key":"Pocketwatch"},{"floor":31,"key":"Gambling Chip"},{"floor":36,"key":"Unceasing Top"},{"floor":40,"key":"Blood Vial"},{"floor":42,"key":"Centennial Puzzle"},{"floor":44,"key":"StoneCalendar"},{"floor":47,"key":"Pantograph"},{"floor":55,"key":"Ginger"}],"event_choices":[{"damage_healed":0,"gold_gain":65,"player_choice":"Gained Gold","damage_taken":0,"max_hp_gain":0,"max_hp_loss":0,"event_name":"Golden Wing","floor":12,"gold_loss":0},{"cards_removed":["Strike_R"],"damage_healed":0,"gold_gain":0,"player_choice":"Upgrade and Remove","damage_taken":0,"max_hp_gain":0,"max_hp_loss":0,"event_name":"Designer","floor":19,"gold_loss":110,"cards_upgraded":["Double Tap"]},{"damage_healed":0,"gold_gain":0,"player_choice":"Opened","damage_taken":0,"relics_obtained":["Mercury Hourglass"],"max_hp_gain":0,"max_hp_loss":0,"event_name":"The Mausoleum","floor":22,"gold_loss":0,"cards_obtained":["Writhe"]},{"cards_removed":["Strike_R"],"damage_healed":0,"gold_gain":0,"player_choice":"Elegance","damage_taken":0,"max_hp_gain":0,"max_hp_loss":0,"event_name":"Back to Basics","floor":28,"gold_loss":0},{"damage_healed":0,"gold_gain":0,"player_choice":"Fight","damage_taken":0,"max_hp_gain":0,"max_hp_loss":0,"event_name":"MindBloom","floor":36,"gold_loss":0},{"damage_healed":0,"gold_gain":0,"player_choice":"Max HP","damage_taken":0,"max_hp_gain":0,"max_hp_loss":4,"event_name":"Winding Halls","floor":37,"gold_loss":0}],"is_beta":false,"boss_relics":[{"not_picked":["Velvet Choker","Fusion Hammer"],"picked":"Snecko Eye"},{"not_picked":["Black Star","Black Blood"],"picked":"Cursed Key"}],"items_purged_floors":[3,13,38],"is_endless":false,"potions_floor_spawned":[1,4,6,8,23,27,31,36,42,45],"ascension_level":20}}