{"host":"m1ntkrf87179kmo6","time":1608398308,"event":{"mods":["BaseMod","Better Third Choice","Minty Spire (QoL Compilation)","Shade Mod","StSLib"],"gold_per_floor":[117,117,130,130,148,148,163,65,114,114,14,94,44,64,64,187,187,206,201,201,76,76,76,111,111,111,111,135,155,155,168,168,168,168],"floor_reached":33,"playtime":2233,"items_purged":["Pain","Injury","Shade:LichForm+1"],"score":280,"play_id":"b0432e83-6a65-4899-99cc-b20176af14d4","local_time":"20201219121828","is_ascension_mode":false,"campfire_choices":[{"floor":6,"key":"RECALL"},{"data":"Shade:Tombstone","floor":10,"key":"SMITH"},{"data":"Shade:GreyBargain","floor":15,"key":"SMITH"},{"data":"Shade:TouchOfTheGrave","floor":23,"key":"SMITH"},{"data":"Shade:GreyBargain","floor":25,"key":"SMITH"},{"data":"Shade:Bite_Shade","floor":27,"key":"SMITH"},{"data":"Shade:RitualOffering","floor":32,"key":"SMITH"}],"circlet_count":0,"master_deck":["Shade:Defend_Shade","Shade:Defend_Shade","Shade:Defend_Shade","Shade:Defend_Shade","Shade:AnimateDead+1","Shade:CarefulCut","Shade:FleshToFlesh","Shade:Bite_Shade+1","Shade:Tombstone+1","Shade:GreyBargain+1","Shade:PressTheAttack+1","Shade:BoneShards+1","Shade:TouchOfTheGrave+1","Shade:GreyBargain+1","Shade:RitualOffering+1","Shade:SensePrey+1","Shade:AncientSpear"],"relics":["Shade:YorickSkull","Golden Idol","WarpedTongs","Nunchaku","Astrolabe","Potion Belt","Pear"],"acts_visited":["Exordium","TheCity"],"potions_floor_usage":[7,16,16,19,31],"damage_taken":[{"damage":0,"enemies":"Small Slimes","floor":1,"turns":3},{"damage":0,"enemies":"Jaw Worm","floor":3,"turns":4},{"damage":1,"enemies":"Cultist","floor":5,"turns":3},{"damage":6,"enemies":"Looter","floor":7,"turns":2},{"damage":2,"enemies":"3 Louse","floor":14,"turns":3},{"damage":12,"enemies":"Hexaghost","floor":16,"turns":9},{"damage":6,"enemies":"Chosen","floor":18,"turns":3},{"damage":13,"enemies":"2 Thieves","floor":19,"turns":4},{"damage":6,"enemies":"Gremlin Leader","floor":24,"turns":7},{"damage":0,"enemies":"Cultist and Chosen","floor":28,"turns":5},{"damage":0,"enemies":"Centurion and Healer","floor":29,"turns":7},{"damage":6,"enemies":"Shelled Parasite and Fungi","floor":31,"turns":5},{"damage":94,"enemies":"Champ","floor":33,"turns":15}],"seed_played":"1337583352410328559","potions_obtained":[{"floor":1,"key":"FearPotion"},{"floor":7,"key":"Energy Potion"},{"floor":14,"key":"Weak Potion"},{"floor":19,"key":"Fruit Juice"},{"floor":29,"key":"GamblersBrew"},{"floor":31,"key":"BlessingOfTheForge"}],"is_trial":false,"path_per_floor":["M","?","M","?","M","R","M","$","T","R","$","?","?","M","R","B",null,"M","M","?","$","?","R","E","R","T","R","M","M","T","M","R","B"],"character_chosen":"SHADE","items_purchased":["Shade:GreyBargain"],"campfire_rested":0,"item_purchase_floors":[8],"current_hp_per_floor":[65,65,65,65,64,64,60,60,60,60,60,60,60,60,60,53,65,61,57,57,57,57,57,56,56,56,56,59,68,78,75,75,0,0],"gold":168,"neow_bonus":"UPGRADE_CARD","is_daily":false,"chose_seed":false,"campfire_upgraded":6,"win_rate":0.0,"timestamp":1608398308,"path_taken":["M","?","M","?","?","R","M","$","T","R","$","?","?","M","R","BOSS","M","M","?","$","?","R","E","R","T","R","?","M","?","M","R","BOSS"],"items_purchased_type":["Card"],"build_version":"2020-12-13","purchased_purges":3,"victory":false,"max_hp_per_floor":[65,65,65,65,65,65,65,65,65,65,65,65,65,65,65,65,65,65,70,70,70,70,70,70,70,70,70,70,70,80,80,80,80,80],"card_choices":[{"not_picked":["Shade:SpectralStrikes","Shade:Trample"],"picked":"Shade:FleshToFlesh","floor":1},{"not_picked":["Shade:FingerOfDeath","Shade:FeralStrike","Shade:SkeletonHug"],"picked":"SKIP","floor":3},{"not_picked":["Shade:Trample","Shade:SoulToxin"],"picked":"Shade:Bite_Shade","floor":5},{"not_picked":["Shade:Bonestorm","Shade:CloudOfShrapnel"],"picked":"Shade:Tombstone","floor":7},{"not_picked":["Shade:FingerOfDeath","Shade:Bonestorm","Shade:Premonition"],"picked":"SKIP","floor":14},{"not_picked":["Shade:FeralStrike","Shade:Trample"],"picked":"Shade:FreshBones","floor":18},{"not_picked":["Shade:Brains+1","Shade:GreyBargain"],"picked":"Shade:TouchOfTheGrave","floor":19},{"not_picked":["Shade:ScuttlingHand+1","Shade:CloudOfShrapnel"],"picked":"Shade:GreyBargain","floor":24},{"not_picked":["Shade:Bonestorm","Shade:SoulToxin"],"picked":"Shade:RitualOffering","floor":28},{"not_picked":["Shade:CoffinDance","Shade:GraveStillness"],"picked":"Shade:SensePrey+1","floor":29},{"not_picked":["Shade:RavenousHorde+1","Shade:Bonestorm"],"picked":"Shade:AncientSpear","floor":31}],"player_experience":1059898,"relics_obtained":[{"floor":9,"key":"Nunchaku"},{"floor":24,"key":"Potion Belt"},{"floor":30,"key":"Pear"}],"event_choices":[{"damage_healed":0,"gold_gain":0,"player_choice":"Take Wound","damage_taken":0,"relics_obtained":["Golden Idol"],"max_hp_gain":0,"max_hp_loss":0,"event_name":"Golden Idol","floor":2,"gold_loss":0,"cards_obtained":["Injury"]},{"damage_healed":0,"gold_gain":0,"player_choice":"Rummage","damage_taken":0,"relics_obtained":["WarpedTongs"],"max_hp_gain":0,"max_hp_loss":0,"event_name":"Accursed Blacksmith","floor":4,"gold_loss":0,"cards_obtained":["Pain"]},{"damage_healed":0,"gold_gain":80,"player_choice":"Gained Gold","damage_taken":0,"max_hp_gain":0,"max_hp_loss":0,"event_name":"Golden Wing","floor":12,"gold_loss":0},{"cards_removed":["Shade:Strike_Shade"],"damage_healed":0,"gold_gain":0,"player_choice":"Card Removal","damage_taken":0,"max_hp_gain":0,"max_hp_loss":0,"event_name":"The Cleric","floor":13,"gold_loss":50},{"damage_healed":0,"gold_gain":0,"player_choice":"Ignored","damage_taken":0,"max_hp_gain":0,"max_hp_loss":0,"event_name":"Cursed Tome","floor":20,"gold_loss":0},{"cards_removed":["Shade:FreshBones"],"damage_healed":0,"gold_gain":0,"player_choice":"Card Removal","damage_taken":0,"max_hp_gain":0,"max_hp_loss":0,"event_name":"Wheel of Change","floor":22,"gold_loss":0}],"is_beta":false,"boss_relics":[{"not_picked":["Runic Pyramid","Fusion Hammer"],"picked":"Astrolabe"}],"items_purged_floors":[8,11,21],"is_endless":false,"potions_floor_spawned":[1,7,14,19,29,31],"killed_by":"Champ","ascension_level":0}}