{"host":"s1gi8xs3so6zkrm7","time":1608347096,"event":{"mods":["BaseMod","Filter the Spire","Minty Spire (QoL Compilation)"],"gold_per_floor":[110,35,49,324,335,335,28,54,54,74,74,74,90,52,52,52,52],"floor_reached":16,"playtime":528,"items_purged":["Strike_R"],"score":120,"play_id":"cff33206-b2ad-477a-b90a-2a9beee87855","local_time":"20201218210456","is_ascension_mode":true,"campfire_choices":[{"floor":6.0,"key":"REST"},{"floor":15.0,"key":"REST"}],"circlet_count":0,"master_deck":["Strike_R","Strike_R","Strike_R","Defend_R","Defend_R","Defend_R","Bash","Flex","Regret","Cleave","Flex"],"relics":["Empty Cage","Medical Kit","Vajra","WingedGreaves","Sundial","Golden Idol"],"acts_visited":["Exordium"],"potions_floor_usage":[16],"damage_taken":[{"damage":6.0,"enemies":"Cultist","floor":1.0,"turns":4.0},{"damage":24.0,"enemies":"Jaw Worm","floor":3.0,"turns":6.0},{"damage":2.0,"enemies":"2 Louse","floor":5.0,"turns":2.0},{"damage":43.0,"enemies":"3 Sentries","floor":8.0,"turns":6.0},{"damage":14.0,"enemies":"Looter","floor":10.0,"turns":3.0},{"damage":11.0,"enemies":"Large Slime","floor":13.0,"turns":5.0},{"damage":26,"enemies":"Hexaghost","floor":16,"turns":7}],"seed_played":"660789742254663995","potions_obtained":[{"floor":10.0,"key":"Fire Potion"},{"floor":13.0,"key":"SkillPotion"}],"is_trial":false,"path_per_floor":["M","$","M","?","M","R","$","E","T","M","$","?","M","?","R","B"],"character_chosen":"IRONCLAD","items_purchased":["Medical Kit","Vajra"],"campfire_rested":2,"item_purchase_floors":[7,7],"current_hp_per_floor":[74,74,50,50,48,72,72,29,29,15,15,15,4,4,26,0,0],"gold":52,"neow_bonus":"BOSS_RELIC","is_daily":false,"chose_seed":false,"campfire_upgraded":0,"win_rate":0.0,"timestamp":1608347096,"path_taken":["M","?","M","?","?","R","$","E","T","M","$","?","M","?","R","BOSS"],"items_purchased_type":["Relic","Relic"],"build_version":"2020-12-13","purchased_purges":1,"victory":false,"max_hp_per_floor":[80,80,80,80,80,80,80,80,80,80,80,74,74,74,74,74,74],"card_choices":[{"not_picked":["Body Slam","Wild Strike","Dropkick"],"picked":"SKIP","floor":1.0},{"not_picked":["Anger","Cleave"],"picked":"Flex","floor":3.0},{"not_picked":["Headbutt","Burning Pact"],"picked":"Cleave","floor":5.0},{"not_picked":["Warcry","Hemokinesis"],"picked":"Flex","floor":8.0},{"not_picked":["Shrug It Off","Clothesline","Havoc"],"picked":"SKIP","floor":10.0},{"not_picked":["Anger","Iron Wave","Havoc"],"picked":"SKIP","floor":13.0}],"player_experience":166106,"relics_obtained":[{"floor":8.0,"key":"WingedGreaves"},{"floor":9.0,"key":"Sundial"}],"event_choices":[{"damage_healed":0.0,"max_hp_gain":0.0,"max_hp_loss":0.0,"gold_gain":275.0,"event_name":"Golden Shrine","player_choice":"Desecrate","floor":4.0,"gold_loss":0.0,"damage_taken":0.0,"cards_obtained":["Regret"]},{"damage_healed":0.0,"max_hp_gain":0.0,"max_hp_loss":6.0,"gold_gain":0.0,"event_name":"Golden Idol","player_choice":"Lose Max HP","floor":12.0,"gold_loss":0.0,"damage_taken":0.0,"relics_obtained":["Golden Idol"]},{"damage_healed":0.0,"max_hp_gain":0.0,"max_hp_loss":0.0,"gold_gain":0.0,"event_name":"World of Goop","player_choice":"Left Gold","floor":14.0,"gold_loss":38.0,"damage_taken":0.0}],"is_beta":false,"boss_relics":[],"items_purged_floors":[2],"is_endless":false,"potions_floor_spawned":[10,13],"killed_by":"Hexaghost","ascension_level":4}}