{"host":"j05tanvorlbs2t7f","time":1608401392,"event":{"mods":["2.2 Compatiblity","AchievementEnabler","BaseMod","BetterRewards","Card Forge","Colored Powertips","Conspire","Downfall","Minty Spire (QoL Compilation)","Permanent Neow","Replay The Spire","Shade Mod","StSLib","The Bug Knight","The Construct","The Cursed","The Forsaken","The Hierophant","The Sage","TheHeartMod"],"gold_per_floor":[99,109,209,239,239,89,89,89,109,143,163,313,62,75,87,191,191,116,144,158,169,169,198,244,274,287,287,298,317,363,363,376,481,481,406,456,485,485,502,502,502,502,534,459,4,29,46,58,73,73],"floor_reached":51,"playtime":3770,"items_purged":[],"score":989,"play_id":"1ab89673-a341-4ff8-b03d-b470715cd3d7","local_time":"20201219190952","is_ascension_mode":true,"campfire_choices":[{"data":"hexamod:Sear","floor":1.0,"key":"SMITH"},{"data":"hexamod:Firestarter","floor":5.0,"key":"SMITH"},{"floor":8.0,"key":"RECALL"},{"data":"hexamod:VolcanoVisage","floor":18.0,"key":"SMITH"},{"floor":22.0,"key":"REST"},{"floor":27.0,"key":"REST"},{"data":"hexamod:GhostflameInferno","floor":35.0,"key":"SMITH"},{"floor":40.0,"key":"REST"},{"floor":44.0,"key":"REST"}],"circlet_count":0,"master_deck":["hexamod:Strike","hexamod:Strike","hexamod:Strike","hexamod:Strike","hexamod:Defend","hexamod:Defend","hexamod:Defend","hexamod:Defend+1","hexamod:Sear+1","hexamod:Float","hexamod:HauntingEcho","hexamod:Firestarter+1","hexamod:HauntingEcho+1","hexamod:BurningTouch","hexamod:RadiantFlame","hexamod:NightmareStrike+1","hexamod:PhantomCloak","hexamod:SpectersWail","hexamod:VolcanoVisage+1","hexamod:VolcanoVisage+1","hexamod:EtherealExpedition+1","hexamod:GhostLash","hexamod:HeatCrush","hexamod:FlamesFromBeyond","hexamod:GhostLash","hexamod:Haunt+1","hexamod:SpectersWail+1","hexamod:VolcanoVisage","ReplayTheSpireMod:Splinters","hexamod:Rewind+1","hexamod:BurningTouch","hexamod:GhostLash+1","hexamod:GhostflameInferno+1","hexamod:Hexaguard","hexamod:InspiringFlames+1","hexamod:FourthSeal","hexamod:SoulSteal","hexamod:EmpoweredFlame+1","hexamod:NightmareGuise+1","hexamod:Firestarter+1","hexamod:GhostOfSpirePresent"],"relics":["hexamod:SpiritBrand","Hammer of Thor","Seething Fire","Anvil of the Gods","ReplayTheSpireMod:Shallot","Vajra","Lee\u0027s Waffle","SlaversCollar","downfall:HeartBlessingRed","Unceasing Top","Blue Doll","Bag of Preparation","Kunai","hexamod:TheBrokenSeal","conspire:Flyswatter","conspire:TopHat","hexamod:IceCube","downfall:HeartBlessingGreen","Incense Burner","Question Card","ReplayTheSpireMod:Ninjato","downfall:HeartBlessingBlue","Replay:Wax Seal","Thread and Needle","ClockworkSouvenir","theForsaken:Gavel"],"acts_visited":["Exordium","TheCity","TheBeyond"],"potions_floor_usage":[50],"damage_taken":[{"damage":0.0,"enemies":"Cultist","floor":2.0,"turns":3.0},{"damage":25.0,"enemies":"Lagavulin","floor":4.0,"turns":5.0},{"damage":0.0,"enemies":"2 Louse","floor":9.0,"turns":2.0},{"damage":23.0,"enemies":"3 Sentries","floor":10.0,"turns":7.0},{"damage":0.0,"enemies":"Small Slimes","floor":11.0,"turns":3.0},{"damage":2.0,"enemies":"downfall:FleeingMerchant","floor":13.0,"turns":4.0},{"damage":0.0,"enemies":"3 Louse","floor":14.0,"turns":3.0},{"damage":2.0,"enemies":"Exordium Wildlife","floor":15.0,"turns":4.0},{"damage":33.0,"enemies":"downfall:Watcher","floor":16.0,"turns":9.0},{"damage":10.0,"enemies":"HollowMod:Nosk","floor":19.0,"turns":7.0},{"damage":1.0,"enemies":"Chosen","floor":20.0,"turns":3.0},{"damage":31.0,"enemies":"3 Byrds","floor":21.0,"turns":5.0},{"damage":28.0,"enemies":"Book of Stabbing","floor":23.0,"turns":4.0},{"damage":20.0,"enemies":"Slavers","floor":25.0,"turns":3.0},{"damage":19.0,"enemies":"Centurion and Healer","floor":26.0,"turns":6.0},{"damage":26.0,"enemies":"Snake Plant","floor":28.0,"turns":4.0},{"damage":51.0,"enemies":"Cultist and Chosen","floor":29.0,"turns":7.0},{"damage":20.0,"enemies":"Centurion and Healer","floor":32.0,"turns":5.0},{"damage":55.0,"enemies":"downfall:Ironclad","floor":33.0,"turns":6.0},{"damage":51.0,"enemies":"Mind Bloom Boss Battle","floor":36.0,"turns":4.0},{"damage":0.0,"enemies":"R_Hoarder","floor":37.0,"turns":4.0},{"damage":6.0,"enemies":"3 Darklings","floor":39.0,"turns":4.0},{"damage":21.0,"enemies":"Reptomancer","floor":43.0,"turns":4.0},{"damage":0.0,"enemies":"downfall:FleeingMerchant","floor":45.0,"turns":4.0},{"damage":0.0,"enemies":"3 Shapes","floor":47.0,"turns":5.0},{"damage":0,"enemies":"3 Darklings","floor":48,"turns":4},{"damage":6,"enemies":"Maw","floor":49,"turns":5},{"damage":53,"enemies":"downfall:Silent","floor":50,"turns":8}],"seed_played":"-9053581161933046173","potions_obtained":[{"floor":10.0,"key":"hexamod:EctoCoolerPotion"},{"floor":16.0,"key":"Slimebound:ThreeZeroPotion"},{"floor":20.0,"key":"Fire Potion"},{"floor":21.0,"key":"Fire Potion"},{"floor":23.0,"key":"FearPotion"},{"floor":25.0,"key":"ColorlessPotion"},{"floor":26.0,"key":"Fire Potion"},{"floor":29.0,"key":"Elixir"},{"floor":38.0,"key":"downfall:CursedFountainPotion"},{"floor":48,"key":"EntropicBrew"}],"is_trial":false,"path_per_floor":["R","M","?","E","R","?","T","R","M","E","M","?","$","M","M","B",null,"R","E","M","M","R","E","T","E","M","R","M","M","?","?","M","B",null,"R","?","E","?","M","R","T","?","E","R","$","T","M","M","M","B",null],"character_chosen":"THE_SPIRIT","items_purchased":["Lee\u0027s Waffle","hexamod:PhantomCloak","Replay:Wax Seal","Thread and Needle","ClockworkSouvenir"],"campfire_rested":4,"item_purchase_floors":[13,13,45,45,45],"current_hp_per_floor":[77,77,77,52,52,87,87,87,87,64,64,64,94,94,92,59,94,94,91,94,70,94,66,66,53,41,69,50,80,80,80,60,5,104,104,53,53,53,47,78,78,78,57,101,101,101,101,101,95,42],"gold":73,"neow_bonus":"TEN_PERCENT_HP_BONUS","is_daily":false,"chose_seed":false,"campfire_upgraded":4,"win_rate":0.0,"timestamp":1608401392,"path_taken":["R","M","?","E","R","?","T","R","M","E","?","?","?","?","M","BOSS","R","E","M","M","R","E","T","E","M","R","M","M","?","?","M","BOSS","R","?","E","?","?","R","T","?","E","R","?","?","?","M","M","BOSS"],"items_purchased_type":["Relic","Card","Relic","Relic","Relic"],"build_version":"2020-12-13","purchased_purges":0,"victory":true,"max_hp_per_floor":[77,77,77,77,77,87,87,87,87,87,87,87,94,94,94,94,94,94,94,94,94,94,94,94,94,94,94,94,104,104,104,104,104,104,104,104,104,104,104,104,104,104,104,114,114,114,114,114,114,114],"card_choices":[{"not_picked":["hexamod:Hexaguard","hexamod:Haunt"],"picked":"hexamod:HauntingEcho","floor":2.0},{"not_picked":["hexamod:SpectersWail","hexamod:Hexaguard"],"picked":"hexamod:Firestarter","floor":4.0},{"not_picked":["hexamod:NightmareStrike","hexamod:NecessarySacrifice"],"picked":"hexamod:HauntingEcho","floor":9.0},{"not_picked":["hexamod:PhantomFireball","hexamod:BacktrackSmack"],"picked":"hexamod:BurningTouch","floor":10.0},{"not_picked":["hexamod:PhantomFireball","hexamod:RainOfEmbers"],"picked":"hexamod:RadiantFlame","floor":11.0},{"not_picked":["hexamod:Rewind","hexamod:GhostflameBarrier"],"picked":"hexamod:NightmareStrike","floor":13.0},{"not_picked":["hexamod:CatchUp","hexamod:NightmareGuise"],"picked":"hexamod:SpectersWail","floor":14.0},{"not_picked":["hexamod:InspiringFlames","hexamod:RadiantFlame"],"picked":"hexamod:FifthSeal","floor":15.0},{"not_picked":["hexamod:FourthSeal","hexamod:SecondSeal"],"picked":"hexamod:FirstSeal","floor":16.0},{"not_picked":["hexamod:TimeWarp","hexamod:WildfireWeapon"],"picked":"hexamod:VolcanoVisage","floor":16.0},{"not_picked":["hexamod:SecondSeal","hexamod:FirstSeal"],"picked":"hexamod:FourthSeal","floor":19.0},{"not_picked":["hexamod:SecondSeal","hexamod:GhostShield"],"picked":"hexamod:VolcanoVisage","floor":19.0},{"not_picked":["hexamod:NightmareGuise","hexamod:GhostLash"],"picked":"hexamod:EtherealExpedition","floor":20.0},{"not_picked":["hexamod:FirstSeal","hexamod:SecondSeal"],"picked":"hexamod:ThirdSeal","floor":21.0},{"not_picked":["hexamod:EtherealExpedition","hexamod:ShieldOfDarkness"],"picked":"hexamod:GhostLash","floor":21.0},{"not_picked":["hexamod:NightmareGuise","hexamod:AdvancingGuard+1"],"picked":"hexamod:SixthSeal","floor":23.0},{"not_picked":["hexamod:ShieldOfDarkness+1","hexamod:ThermalTransfer"],"picked":"hexamod:HeatCrush","floor":23.0},{"not_picked":["hexamod:NecessarySacrifice","hexamod:NightmareGuise"],"picked":"hexamod:FlamesFromBeyond","floor":25.0},{"not_picked":["hexamod:ShieldOfDarkness+1","hexamod:NightmareGuise"],"picked":"hexamod:GhostLash","floor":26.0},{"not_picked":["hexamod:NightmareGuise","hexamod:Rewind"],"picked":"hexamod:Haunt+1","floor":26.0},{"not_picked":["hexamod:FirstSeal","hexamod:FourthSeal"],"picked":"hexamod:SecondSeal","floor":28.0},{"not_picked":["hexamod:BacktrackSmack","hexamod:NightmareStrike+1"],"picked":"hexamod:SpectersWail+1","floor":28.0},{"not_picked":["hexamod:GhostOfSpireFuture","hexamod:FastForward"],"picked":"hexamod:VolcanoVisage","floor":29.0},{"not_picked":["hexamod:RainOfEmbers","hexamod:ShieldOfDarkness"],"picked":"hexamod:Rewind+1","floor":30.0},{"not_picked":["hexamod:BacktrackSmack+1","hexamod:RecurringNightmare+1"],"picked":"hexamod:BurningTouch","floor":30.0},{"not_picked":["hexamod:Again","hexamod:DynamicBlow"],"picked":"hexamod:GhostLash+1","floor":32.0},{"not_picked":["hexamod:TurnItUp","hexamod:WildfireWeapon"],"picked":"hexamod:GhostflameInferno","floor":33.0},{"not_picked":["hexamod:BurningTouch","hexamod:HauntingEcho+1"],"picked":"hexamod:Hexaguard","floor":36.0},{"not_picked":["hexamod:Haunt","hexamod:Hexaguard"],"picked":"hexamod:InspiringFlames+1","floor":37.0},{"not_picked":["hexamod:Firestarter","hexamod:GhostShield","hexamod:NightmareStrike+1"],"picked":"hexamod:FourthSeal","floor":39.0},{"not_picked":["hexamod:ThermalTransfer+1","hexamod:HauntingEcho+1","hexamod:InspiringFlames+1"],"picked":"hexamod:SoulSteal","floor":43.0},{"not_picked":["hexamod:CatchUp+1","hexamod:UnleashSpirits","hexamod:RetreatToShadows+1"],"picked":"hexamod:EmpoweredFlame+1","floor":45.0},{"not_picked":["hexamod:Hexaguard","hexamod:NightmareStrike","hexamod:ShieldOfDarkness"],"picked":"hexamod:NightmareGuise+1","floor":47.0},{"not_picked":["hexamod:Hexaguard+1","hexamod:GhostShield+1","hexamod:RecurringNightmare+1"],"picked":"hexamod:Firestarter+1","floor":48},{"not_picked":["hexamod:CatchUp","hexamod:ExtraCrispy","hexamod:Incineration+1"],"picked":"hexamod:GhostOfSpirePresent","floor":49}],"player_experience":462138,"relics_obtained":[{"floor":4.0,"key":"Quantum Egg"},{"floor":7.0,"key":"ReplayTheSpireMod:Shallot"},{"floor":10.0,"key":"Vajra"},{"floor":19.0,"key":"Unceasing Top"},{"floor":23.0,"key":"Blue Doll"},{"floor":24.0,"key":"Bag of Preparation"},{"floor":25.0,"key":"Kunai"},{"floor":30.0,"key":"conspire:Flyswatter"},{"floor":36.0,"key":"Incense Burner"},{"floor":37.0,"key":"Question Card"},{"floor":43.0,"key":"ReplayTheSpireMod:Ninjato"},{"floor":46.0,"key":"theForsaken:Gavel"}],"event_choices":[],"is_beta":false,"boss_relics":[{"not_picked":["construct:WeddingRing","Honey Jar"],"picked":"SlaversCollar"},{"not_picked":["Empty Cage","Replay:Ancient Bell"],"picked":"hexamod:IceCube"}],"items_purged_floors":[],"is_endless":false,"potions_floor_spawned":[9,10,11,16,20,25,26,29,39,43,47,48],"ascension_level":1}}