{"host":"u2grshebrc5rdzdn","time":1608407166,"event":{"mods":["AchievementEnabler","BaseMod","Minty Spire (QoL Compilation)","StSLib"],"gold_per_floor":[109,109,122,2,60,60,79,109,134,145,165,165,247,265,265,360,360,379,399,177,92,107,107,120,45,45,72,84,113,160,172,184,301,313,345,1374,1404,756,765,806,823,51,51,79,0,17,17,36,36,36],"floor_reached":51,"playtime":5307,"items_purged":["Strike_B","Normality","Normality"],"score":853,"play_id":"ebf0d4de-e38e-4a2e-8ae2-7a26798f8482","local_time":"20201219204606","is_ascension_mode":true,"campfire_choices":[{"data":"Zap","floor":6,"key":"SMITH"},{"data":"Sunder","floor":12,"key":"SMITH"},{"data":"Defragment","floor":15,"key":"SMITH"},{"data":"Electrodynamics","floor":23,"key":"SMITH"},{"data":"Go for the Eyes","floor":28,"key":"SMITH"},{"data":"Chill","floor":32,"key":"SMITH"},{"data":"Dualcast","floor":47,"key":"SMITH"},{"data":"Rainbow","floor":49,"key":"SMITH"}],"circlet_count":0,"master_deck":["Strike_B","Strike_B","Strike_B","Defend_B","Defend_B","Defend_B","Zap+1","Dualcast+1","Compile Driver","Glacier","Sunder+1","Defragment+1","Chill+1","Go for the Eyes+1","Electrodynamics+1","Rainbow+1","Compile Driver","Madness","Madness","Dramatic Entrance","Hologram+1","Loop+1","Mayhem+1","BootSequence+1","Storm+1"],"relics":["Cracked Core","Bag of Preparation","Oddly Smooth Stone","Incense Burner","Happy Flower","Odd Mushroom","Matryoshka","Runic Pyramid","ClockworkSouvenir","Boot","Dream Catcher","Emotion Chip","MawBank","CeramicFish","Coffee Dripper","TungstenRod","Frozen Egg 2","Akabeko","Mercury Hourglass","Chemical X","Strawberry","Ice Cream","Red Mask"],"acts_visited":["Exordium","TheCity","TheBeyond"],"potions_floor_usage":[8,33,50,50,50,50,50],"damage_taken":[{"damage":2,"enemies":"Jaw Worm","floor":1,"turns":3},{"damage":0,"enemies":"Small Slimes","floor":3,"turns":3},{"damage":1,"enemies":"2 Louse","floor":7,"turns":2},{"damage":13,"enemies":"Gremlin Nob","floor":8,"turns":4},{"damage":0,"enemies":"Looter","floor":10,"turns":3},{"damage":0,"enemies":"The Mushroom Lair","floor":11,"turns":3},{"damage":0,"enemies":"2 Fungi Beasts","floor":14,"turns":1},{"damage":19,"enemies":"Slime Boss","floor":16,"turns":9},{"damage":4,"enemies":"Chosen","floor":18,"turns":4},{"damage":0,"enemies":"Spheric Guardian","floor":19,"turns":3},{"damage":1,"enemies":"Chosen and Byrds","floor":22,"turns":4},{"damage":0,"enemies":"Cultist and Chosen","floor":24,"turns":5},{"damage":0,"enemies":"Gremlin Leader","floor":27,"turns":5},{"damage":0,"enemies":"3 Cultists","floor":29,"turns":3},{"damage":19,"enemies":"Slavers","floor":30,"turns":2},{"damage":45,"enemies":"Champ","floor":33,"turns":18},{"damage":0,"enemies":"3 Shapes","floor":35,"turns":1},{"damage":3,"enemies":"Reptomancer","floor":40,"turns":8},{"damage":0,"enemies":"Orb Walker","floor":41,"turns":3},{"damage":10,"enemies":"Spire Growth","floor":44,"turns":4},{"damage":0,"enemies":"Transient","floor":46,"turns":5},{"damage":0,"enemies":"Jaw Worm Horde","floor":48,"turns":2},{"damage":6,"enemies":"Donu and Deca","floor":50,"turns":7}],"seed_played":"-4453976959004267256","potions_obtained":[{"floor":7,"key":"Weak Potion"},{"floor":8,"key":"AttackPotion"},{"floor":11,"key":"Weak Potion"},{"floor":14,"key":"Ancient Potion"},{"floor":19,"key":"FearPotion"},{"floor":31,"key":"Energy Potion"},{"floor":35,"key":"EntropicBrew"},{"floor":46,"key":"DistilledChaos"}],"is_trial":false,"path_per_floor":["M","?","M","$","?","R","M","E","T","M","?","R","T","M","R","B",null,"M","M","$","?","M","R","M","?","T","E","R","M","E","?","R","B",null,"M","?","?","$","?","E","M","$","T","M","?","M","R","M","R","B",null],"character_chosen":"DEFECT","items_purchased":["Sunder","Defragment","ClockworkSouvenir","TungstenRod","Frozen Egg 2","Loop+1","Mercury Hourglass","Chemical X","Mayhem+1"],"campfire_rested":0,"item_purchase_floors":[4,4,20,38,38,42,42,42,42],"current_hp_per_floor":[73,66,66,66,66,66,65,52,52,52,52,52,52,52,52,33,75,71,71,71,71,70,70,70,70,70,70,70,70,51,51,51,6,75,75,75,66,66,66,63,63,63,70,60,60,60,60,60,60,54],"gold":36,"neow_bonus":"RANDOM_COMMON_RELIC","is_daily":false,"chose_seed":false,"campfire_upgraded":8,"win_rate":0.0,"timestamp":1608407166,"path_taken":["M","?","M","$","?","R","M","E","T","M","?","R","?","M","R","BOSS","M","M","$","?","M","R","M","?","T","E","R","M","E","?","R","BOSS","M","?","?","$","?","E","M","$","T","M","?","M","R","M","R","BOSS"],"items_purchased_type":["Card","Card","Relic","Relic","Relic","Card","Relic","Relic","Card"],"build_version":"2020-12-13","purchased_purges":3,"victory":true,"max_hp_per_floor":[75,75,75,75,75,75,75,75,75,75,75,75,75,75,75,75,75,75,75,75,75,75,75,75,75,75,75,75,75,75,75,75,75,75,75,75,75,75,75,75,75,75,82,82,82,82,82,82,82,82],"card_choices":[{"not_picked":["Stack","Loop"],"picked":"Compile Driver","floor":1},{"not_picked":["White Noise","Hello World"],"picked":"Glacier","floor":3},{"not_picked":["Aggregate","Gash","Double Energy"],"picked":"SKIP","floor":7},{"not_picked":["Aggregate","Reprogram"],"picked":"Chill","floor":8},{"not_picked":["Streamline","Force Field","Scrape"],"picked":"SKIP","floor":10},{"not_picked":["Barrage","Chaos"],"picked":"Go for the Eyes","floor":11},{"not_picked":["Reprogram","Glacier"],"picked":"Electrodynamics","floor":14},{"not_picked":["Machine Learning","Meteor Strike"],"picked":"Rainbow","floor":16},{"not_picked":["Beam Cell+1","Steam+1","FTL"],"picked":"SKIP","floor":18},{"not_picked":["Beam Cell","Redo+1","Stack+1"],"picked":"SKIP","floor":19},{"not_picked":["Coolheaded","Sweeping Beam+1"],"picked":"Compile Driver","floor":22},{"not_picked":["Beam Cell","Coolheaded+1","Sweeping Beam+1"],"picked":"SKIP","floor":24},{"not_picked":["Fission","Force Field","Darkness+1"],"picked":"SKIP","floor":27},{"not_picked":["Auto Shields","Redo","Ball Lightning"],"picked":"SKIP","floor":29},{"not_picked":["Reinforced Body","Conserve Battery","Aggregate"],"picked":"SKIP","floor":30},{"not_picked":["Tempest","Gash+1","Barrage+1"],"picked":"SKIP","floor":35},{"not_picked":["Discovery","Violence"],"picked":"Dramatic Entrance","floor":39},{"not_picked":["Capacitor+1","Go for the Eyes"],"picked":"Hologram+1","floor":40},{"not_picked":["Barrage","Sunder+1","Ball Lightning+1"],"picked":"SKIP","floor":41},{"not_picked":["Steam+1","Reprogram"],"picked":"BootSequence+1","floor":44},{"not_picked":["Turbo","Gash","Streamline+1"],"picked":"SKIP","floor":46},{"not_picked":["Redo+1","Genetic Algorithm"],"picked":"Storm+1","floor":48}],"player_experience":301219,"relics_obtained":[{"floor":8,"key":"Incense Burner"},{"floor":9,"key":"Happy Flower"},{"floor":11,"key":"Odd Mushroom"},{"floor":13,"key":"Matryoshka"},{"floor":26,"key":"Dream Catcher"},{"floor":26,"key":"Emotion Chip"},{"floor":27,"key":"MawBank"},{"floor":30,"key":"CeramicFish"},{"floor":40,"key":"Akabeko"},{"floor":43,"key":"Strawberry"},{"floor":43,"key":"Ice Cream"}],"event_choices":[{"damage_healed":0,"gold_gain":0,"player_choice":"Success","damage_taken":7,"relics_obtained":["Oddly Smooth Stone"],"max_hp_gain":0,"max_hp_loss":0,"event_name":"Scrap Ooze","floor":2,"gold_loss":0},{"damage_healed":0,"gold_gain":58,"player_choice":"Gained Gold","damage_taken":0,"max_hp_gain":0,"max_hp_loss":0,"event_name":"Golden Wing","floor":5,"gold_loss":0},{"damage_healed":0,"gold_gain":0,"player_choice":"Fought Mushrooms","damage_taken":0,"max_hp_gain":0,"max_hp_loss":0,"event_name":"Mushrooms","floor":11,"gold_loss":0},{"damage_healed":0,"gold_gain":0,"player_choice":"Obtained Relic","damage_taken":0,"relics_obtained":["Boot"],"max_hp_gain":0,"max_hp_loss":0,"event_name":"Addict","floor":21,"gold_loss":85},{"cards_removed":["Defend_B"],"damage_healed":0,"gold_gain":0,"player_choice":"Gave Gold","damage_taken":0,"max_hp_gain":0,"max_hp_loss":0,"event_name":"Beggar","floor":25,"gold_loss":75},{"damage_healed":0,"gold_gain":0,"player_choice":"Got Potions","damage_taken":0,"max_hp_gain":0,"max_hp_loss":0,"event_name":"Lab","floor":31,"gold_loss":0},{"damage_healed":0,"gold_gain":999,"player_choice":"Gold","damage_taken":0,"max_hp_gain":0,"max_hp_loss":0,"event_name":"MindBloom","floor":36,"gold_loss":0,"cards_obtained":["Normality","Normality"]},{"damage_healed":0,"gold_gain":0,"player_choice":"Embrace Madness","damage_taken":9,"max_hp_gain":0,"max_hp_loss":0,"event_name":"Winding Halls","floor":37,"gold_loss":0,"cards_obtained":["Madness","Madness"]},{"damage_healed":0,"gold_gain":0,"player_choice":"Memory 1","damage_taken":0,"max_hp_gain":0,"max_hp_loss":0,"event_name":"SensoryStone","floor":39,"gold_loss":0},{"damage_healed":0,"gold_gain":0,"player_choice":"Paid","damage_taken":0,"relics_obtained":["Red Mask"],"max_hp_gain":0,"max_hp_loss":0,"event_name":"Tomb of Lord Red Mask","floor":45,"gold_loss":79}],"is_beta":false,"boss_relics":[{"not_picked":["Fusion Hammer","Black Star"],"picked":"Runic Pyramid"},{"not_picked":["Sozu","Busted Crown"],"picked":"Coffee Dripper"}],"items_purged_floors":[20,38,42],"is_endless":false,"potions_floor_spawned":[7,8,11,14,19,22,29,35,41,46],"ascension_level":4}}