{"host":"0azimyi6n3ugndj4","time":1608420304,"event":{"mods":["BaseMod","Bestiary","Conspire","Curses Come First","Defuse TimeMaze Blight","Hyrulean Relics","Infinite Spire","Minty Spire (QoL Compilation)","Relic Sorter","Relic Stats","Replay The Spire","StSLib","SuperFastMode","Uncapped","¡¼?Úª?ø«¡½REMEMod"],"gold_per_floor":[144,219,219,249,5,5,95,95,95,131,218,275,311,392,392,392,392],"floor_reached":16,"playtime":292,"items_purged":["Eruption"],"score":315,"play_id":"46f4cf38-70e5-420d-8a96-4ede2864939f","local_time":"20201220082504","daily_mods":["Insanity","Chimera","Specialized","Vintage","ControlledChaos","Allstar","Diverse","Colorless Cards","Heirloom","Time Dilation","Binary","Elite Swarm","Lethality","Midas","Uncertain Future"],"is_ascension_mode":true,"campfire_choices":[{"floor":6,"key":"REST"},{"floor":8,"key":"REST"},{"floor":15,"key":"REST"}],"circlet_count":0,"master_deck":["Demon Form","Wraith Form v2","Echo Form","DevaForm","AscendersBane","Bash","Survivor","Zap","Strike_R","Strike_G","Strike_B","Defend_R","Defend_G","Defend_P","Poisoned Stab","Gash","EmptyFist","Dodge and Roll","CutThroughFate","Iron Wave","Inflame","Armaments","Ball Lightning","JustLucky","True Grit","Bane","Entrench","Rebound","EmptyBody","Steam","BootSequence","Sword Boomerang","Replay:Sssssssssshield","ReplayTheSpireMod:Strike From Hell","Toxin Wave","Prostrate","Rebound","Flash of Steel","Double Energy","Anger","Intimidate","Sanctity","Cleave","CutThroughFate","Deflect","Cloak And Dagger","FollowUp","ReplayTheSpireMod:System Scan","Conserve Battery","Cold Snap","Steam","REME_MusicOfDeath","Perfected Strike+1","Perfected Strike","PiercingWail","FollowUp","Bloodletting","FlurryOfBlows","BootSequence","Dagger Throw","Masterful Stab","BowlingBash","REME_MusicOfDeath","Finisher","Recycle","Recycle","Recycle","Recycle","Recycle","REME_MagicPocketWatch","ReplayTheSpireMod:Trickstab","REME_TheoryOfElimination","REME_TheoryOfElimination","Replay:Sssssssssstrike","Replay:BasicMightCard","The Bomb","REME_ACTH","Multi-Cast"],"relics":["Burning Blood","Frozen Eye","REME_ComplimentaryCards","Ginger","Bronze Scales","Strawberry","conspire:TreasureMap","zeldaRelics:CourageTriforce","Molten Egg 2","Magic Flower","Anchor","zeldaRelics:WisdomPiece"],"acts_visited":["Exordium"],"potions_floor_usage":[16,16],"damage_taken":[{"damage":0,"enemies":"Jaw Worm","floor":1,"turns":3},{"damage":34,"enemies":"Cultist","floor":4,"turns":6},{"damage":10,"enemies":"Gremlin Nob","floor":7,"turns":3},{"damage":9,"enemies":"Small Slimes","floor":10,"turns":3},{"damage":28,"enemies":"3 Sentries","floor":11,"turns":4},{"damage":0,"enemies":"Blue Slaver","floor":12,"turns":2},{"damage":19,"enemies":"3 Louse","floor":13,"turns":3},{"damage":35,"enemies":"Lagavulin","floor":14,"turns":6},{"damage":53,"enemies":"Fading Forest","floor":16,"turns":7}],"seed_played":"-6335700691172127961","potions_obtained":[{"floor":7,"key":"Languid Potion"},{"floor":11,"key":"Reflective Coating"},{"floor":12,"key":"Ancient Potion"}],"is_trial":true,"path_per_floor":["M","?","?","M","$","R","E","R","T","M","E","M","M","E","R","B"],"character_chosen":"IRONCLAD","items_purchased":["conspire:TreasureMap"],"campfire_rested":3,"item_purchase_floors":[5],"current_hp_per_floor":[74,63,63,42,42,66,62,82,82,79,57,63,53,27,51,0,0],"gold":392,"neow_bonus":"","is_daily":false,"chose_seed":false,"campfire_upgraded":0,"win_rate":0.0,"timestamp":1608420304,"path_taken":["M","?","?","M","$","R","E","R","T","M","E","?","M","E","R","BOSS"],"items_purchased_type":["Relic"],"build_version":"2020-12-13","purchased_purges":1,"victory":false,"max_hp_per_floor":[75,75,75,82,82,82,82,82,82,82,82,82,82,82,82,82,82],"relic_stats":{"counters":[9,37],"Bronze Scales":[69],"Magic Flower":[6],"Ginger":[0],"obtain_stats":[{"conspire:TreasureMap":5,"zeldaRelics:WisdomPiece":14,"Magic Flower":12,"Ginger":0,"Burning Blood":0,"zeldaRelics:CourageTriforce":11,"Frozen Eye":0,"Anchor":13,"Bronze Scales":1,"Strawberry":4,"Molten Egg 2":10,"zeldaRelics:CouragePiece":7,"REME_ComplimentaryCards":0},{"conspire:TreasureMap":2,"zeldaRelics:WisdomPiece":8,"Magic Flower":6,"Ginger":0,"Burning Blood":0,"zeldaRelics:CourageTriforce":5,"Frozen Eye":0,"Anchor":7,"Bronze Scales":1,"Strawberry":2,"Molten Egg 2":4,"zeldaRelics:CouragePiece":3,"REME_ComplimentaryCards":0},{"conspire:TreasureMap":9,"zeldaRelics:WisdomPiece":30,"Magic Flower":21,"Ginger":0,"Burning Blood":0,"zeldaRelics:CourageTriforce":19,"Frozen Eye":0,"Anchor":24,"Bronze Scales":3,"Strawberry":9,"Molten Egg 2":15,"zeldaRelics:CouragePiece":12,"REME_ComplimentaryCards":0}],"Burning Blood":54},"card_choices":[{"not_picked":["infinitespire:Neurotoxin"],"picked":"The Bomb","floor":7},{"not_picked":["ReplayTheSpireMod:From All Sides+1"],"picked":"REME_ACTH","floor":11},{"not_picked":["Grand Finale+1"],"picked":"Multi-Cast","floor":14}],"player_experience":1476140,"relics_obtained":[{"floor":1,"key":"Bronze Scales"},{"floor":4,"key":"Strawberry"},{"floor":7,"key":"zeldaRelics:CouragePiece"},{"floor":9,"key":"zeldaRelics:CouragePiece"},{"floor":10,"key":"Molten Egg 2"},{"floor":11,"key":"zeldaRelics:CouragePiece"},{"floor":12,"key":"Magic Flower"},{"floor":13,"key":"Anchor"},{"floor":14,"key":"zeldaRelics:WisdomPiece"}],"event_choices":[{"damage_healed":0,"gold_gain":75,"player_choice":"Gather Gold","damage_taken":11,"max_hp_gain":0,"max_hp_loss":0,"event_name":"World of Goop","floor":2,"gold_loss":0}],"is_beta":false,"boss_relics":[],"items_purged_floors":[5],"is_endless":false,"potions_floor_spawned":[7,11,12],"killed_by":"Fading Forest","ascension_level":20}}