{"host":"m6aaltr68g9tvoay","time":1608356890,"event":{"mods":["AchievementEnabler","BaseMod","Colored Map","Minty Spire (QoL Compilation)","StSLib"],"gold_per_floor":[114,114,124,124,143,168,168,198,198,198,212,212,245,263,263,263,263],"floor_reached":16,"playtime":646,"items_purged":[],"score":234,"play_id":"97c23fc6-9f5c-4ac7-b8a0-d0c5d4bc2e54","local_time":"20201218214810","is_ascension_mode":true,"campfire_choices":[{"floor":7,"key":"REST"},{"floor":10,"key":"REST"},{"floor":12,"key":"REST"},{"floor":15,"key":"REST"}],"circlet_count":0,"master_deck":["AscendersBane","Strike_G","Strike_G","Strike_G","Strike_G","Strike_G","Defend_G","Defend_G","Defend_G","Defend_G","Defend_G","Survivor","Neutralize+1","Flying Knee","Flechettes+1","Poisoned Stab","Bullet Time","Blade Dance","Distraction","Leg Sweep","Deadly Poison"],"relics":["Ring of the Snake","Centennial Puzzle","Ornamental Fan","Blood Vial","Letter Opener"],"acts_visited":["Exordium"],"potions_floor_usage":[11,16],"damage_taken":[{"damage":7,"enemies":"Small Slimes","floor":1,"turns":6},{"damage":1,"enemies":"Cultist","floor":3,"turns":4},{"damage":7,"enemies":"2 Louse","floor":5,"turns":4},{"damage":41,"enemies":"3 Sentries","floor":6,"turns":14},{"damage":24,"enemies":"Gremlin Nob","floor":8,"turns":4},{"damage":12,"enemies":"Gremlin Gang","floor":11,"turns":7},{"damage":28,"enemies":"3 Sentries","floor":13,"turns":10},{"damage":0,"enemies":"Large Slime","floor":14,"turns":4},{"damage":37,"enemies":"The Guardian","floor":16,"turns":9}],"seed_played":"4707704743793060825","potions_obtained":[{"floor":6,"key":"Dexterity Potion"},{"floor":14,"key":"DistilledChaos"}],"is_trial":false,"path_per_floor":["M","?","M","?","M","E","R","E","T","R","M","R","E","M","R","B"],"character_chosen":"THE_SILENT","items_purchased":[],"campfire_rested":4,"item_purchase_floors":[],"current_hp_per_floor":[58,58,57,57,50,9,30,6,6,27,17,38,12,14,35,0,0],"gold":263,"neow_bonus":"TEN_PERCENT_HP_BONUS","is_daily":false,"chose_seed":false,"campfire_upgraded":0,"win_rate":0.0,"timestamp":1608356890,"path_taken":["M","?","?","?","M","E","R","E","T","R","?","R","E","M","R","BOSS"],"items_purchased_type":[],"build_version":"2020-12-13","purchased_purges":0,"victory":false,"max_hp_per_floor":[72,72,72,72,72,72,72,72,72,72,72,72,72,72,72,72,72],"card_choices":[{"not_picked":["Blade Dance","Expertise"],"picked":"Flying Knee","floor":1},{"not_picked":["Poisoned Stab","Dash"],"picked":"Flechettes","floor":3},{"not_picked":["Choke","Reflex"],"picked":"Poisoned Stab","floor":5},{"not_picked":["Slice","Bane"],"picked":"Bullet Time","floor":6},{"not_picked":["Flying Knee","Deflect"],"picked":"Blade Dance","floor":8},{"not_picked":["Flechettes","Bane"],"picked":"Distraction","floor":11},{"not_picked":["Footwork","Tools of the Trade"],"picked":"Leg Sweep","floor":13},{"not_picked":["Prepared","Well Laid Plans"],"picked":"Deadly Poison","floor":14}],"player_experience":1258976,"relics_obtained":[{"floor":6,"key":"Centennial Puzzle"},{"floor":8,"key":"Ornamental Fan"},{"floor":9,"key":"Blood Vial"},{"floor":13,"key":"Letter Opener"}],"event_choices":[{"damage_healed":0,"gold_gain":0,"player_choice":"Upgraded","damage_taken":0,"max_hp_gain":0,"max_hp_loss":0,"event_name":"Upgrade Shrine","floor":2,"gold_loss":0,"cards_upgraded":["Neutralize"]},{"damage_healed":0,"gold_gain":0,"player_choice":"Forge","damage_taken":0,"max_hp_gain":0,"max_hp_loss":0,"event_name":"Accursed Blacksmith","floor":4,"gold_loss":0,"cards_upgraded":["Flechettes"]}],"is_beta":false,"boss_relics":[],"items_purged_floors":[],"is_endless":false,"potions_floor_spawned":[6,14],"killed_by":"The Guardian","ascension_level":19}}