{"host":"gp6kafy53r5vaktt","time":1608413090,"event":{"mods":["BaseMod","Colored Map","Highlight Path","Minty Spire (QoL Compilation)"],"gold_per_floor":[115,27,37,212,229,264,264,292,315,333,333,345,376,386,386,482,482,497,497,513,260,260,260,292,80,80,80,80],"floor_reached":27,"playtime":2183,"items_purged":["Strike_R","Defend_R"],"score":290,"play_id":"5e9da4a5-f2f2-4692-8cbb-780a07b5e374","local_time":"20201219232450","is_ascension_mode":true,"campfire_choices":[{"data":"Armaments","floor":7,"key":"SMITH"},{"data":"True Grit","floor":11,"key":"SMITH"},{"data":"Sentinel","floor":15,"key":"SMITH"},{"data":"Berserk","floor":23,"key":"SMITH"}],"circlet_count":0,"master_deck":["Strike_R","Strike_R","Strike_R","Defend_R","Defend_R","Defend_R","Bash","Armaments+1","Shrug It Off","Evolve","Body Slam","Iron Wave","True Grit+1","Flex","Sentinel+1","Uppercut","Shrug It Off","Berserk+1","Power Through","Rage","Pommel Strike","True Grit+1","Shrug It Off","Barricade","Sentinel+1","Headbutt"],"relics":["Runic Pyramid","Dream Catcher","Pen Nib","Tiny Chest","Empty Cage","Membership Card","Enchiridion","InkBottle","DollysMirror"],"acts_visited":["Exordium","TheCity"],"potions_floor_usage":[6,6,13,18],"damage_taken":[{"damage":0,"enemies":"Small Slimes","floor":1,"turns":3},{"damage":1,"enemies":"Jaw Worm","floor":3,"turns":6},{"damage":3,"enemies":"2 Louse","floor":5,"turns":4},{"damage":8,"enemies":"Gremlin Nob","floor":6,"turns":4},{"damage":11,"enemies":"3 Sentries","floor":8,"turns":10},{"damage":2,"enemies":"Exordium Wildlife","floor":10,"turns":6},{"damage":13,"enemies":"3 Louse","floor":12,"turns":4},{"damage":0,"enemies":"Lagavulin","floor":13,"turns":4},{"damage":11,"enemies":"Lots of Slimes","floor":14,"turns":6},{"damage":9,"enemies":"The Guardian","floor":16,"turns":14},{"damage":0,"enemies":"Spheric Guardian","floor":18,"turns":3},{"damage":0,"enemies":"Shell Parasite","floor":20,"turns":4},{"damage":22,"enemies":"Book of Stabbing","floor":24,"turns":8},{"damage":27,"enemies":"Slavers","floor":27,"turns":1}],"seed_played":"5754898657857376925","potions_obtained":[{"floor":3,"key":"SpeedPotion"},{"floor":5,"key":"ColorlessPotion"},{"floor":8,"key":"SteroidPotion"},{"floor":12,"key":"Ancient Potion"},{"floor":16,"key":"DistilledChaos"}],"is_trial":false,"path_per_floor":["M","$","M","?","M","E","R","E","T","M","R","M","E","M","R","B",null,"M","?","M","$","?","R","E","$","T","E"],"character_chosen":"IRONCLAD","items_purchased":["Shrug It Off","Evolve","Membership Card","Rage","Pommel Strike","Shrug It Off","Barricade","DollysMirror","Headbutt"],"campfire_rested":0,"item_purchase_floors":[2,2,21,21,21,25,25,25,25],"current_hp_per_floor":[80,80,79,79,76,68,68,57,57,55,55,42,42,31,31,22,80,80,65,65,65,49,49,27,27,27,0,0],"gold":80,"neow_bonus":"BOSS_RELIC","is_daily":false,"chose_seed":false,"campfire_upgraded":4,"win_rate":0.0,"timestamp":1608413090,"path_taken":["M","$","M","?","M","E","R","E","T","M","R","M","E","M","R","BOSS","M","?","M","$","?","R","E","$","T","E"],"items_purchased_type":["Card","Card","Relic","Card","Card","Card","Card","Relic","Card"],"build_version":"2020-12-13","purchased_purges":2,"victory":false,"max_hp_per_floor":[80,80,80,80,80,80,80,80,80,80,80,80,80,80,80,80,80,80,85,85,85,85,85,85,85,85,85,85],"card_choices":[{"not_picked":["Body Slam","Feel No Pain"],"picked":"Armaments","floor":1},{"not_picked":["Combust","Pummel"],"picked":"Body Slam","floor":3},{"not_picked":["Sword Boomerang","Flex"],"picked":"Iron Wave","floor":5},{"not_picked":["Sword Boomerang","Warcry","Armaments"],"picked":"SKIP","floor":6},{"not_picked":["Double Tap","Disarm"],"picked":"True Grit","floor":8},{"not_picked":["Sword Boomerang","Perfected Strike"],"picked":"Flex","floor":10},{"not_picked":["Pommel Strike","Shockwave"],"picked":"Sentinel","floor":12},{"not_picked":["Immolate","Anger"],"picked":"Uppercut","floor":13},{"not_picked":["Seeing Red","Blood for Blood"],"picked":"Shrug It Off","floor":14},{"not_picked":["Reaper","Brutality"],"picked":"Berserk","floor":16},{"not_picked":["Headbutt","Sword Boomerang+1","Twin Strike"],"picked":"SKIP","floor":18},{"not_picked":["Sword Boomerang","Twin Strike"],"picked":"Power Through","floor":20},{"not_picked":["Battle Trance","Combust"],"picked":"True Grit+1","floor":24}],"player_experience":68935,"relics_obtained":[{"floor":6,"key":"Dream Catcher"},{"floor":8,"key":"Pen Nib"},{"floor":13,"key":"Tiny Chest"},{"floor":22,"key":"Enchiridion"},{"floor":24,"key":"InkBottle"}],"event_choices":[{"damage_healed":0,"gold_gain":175,"player_choice":"AGREE","damage_taken":0,"max_hp_gain":0,"max_hp_loss":0,"event_name":"Liars Game","floor":4,"gold_loss":0,"cards_obtained":["Doubt"]},{"damage_healed":0,"gold_gain":0,"player_choice":"Shed Blood","damage_taken":20,"max_hp_gain":5,"max_hp_loss":0,"event_name":"Forgotten Altar","floor":19,"gold_loss":0},{"damage_healed":0,"gold_gain":0,"player_choice":"Obtained Book","damage_taken":16,"max_hp_gain":0,"max_hp_loss":0,"event_name":"Cursed Tome","floor":22,"gold_loss":0}],"is_beta":false,"boss_relics":[{"not_picked":["SacredBark","Ectoplasm"],"picked":"Empty Cage"}],"items_purged_floors":[21,25],"is_endless":false,"potions_floor_spawned":[3,5,8,12,16],"killed_by":"Slavers","ascension_level":1}}