{"host":"hoz3ngw650fbea07","time":1608410680,"event":{"mods":["AchievementEnabler","BaseMod","Better Altar","Better Match","Better Note","Better Sensory Stone","Better Skull","Better Third Choice","BetterRewards","CCEM","Colored Map","Downfall","GifTheSpireLib","Highlight Path","Infinite Spire","Minty Spire (QoL Compilation)","Permanent Neow","StSLib","Unceasing Turn Reminder","Waifu the Spire","everything is the same but u backflip on backflip","slay the spire mod where everything is the same but ironclad has a cowboy hat"],"gold_per_floor":[99,114,143,143,157,157,157,107,92,118,118,139,76,95,114,114,114],"floor_reached":16,"playtime":925,"items_purged":[],"score":113,"play_id":"1f82aef9-e28a-457c-836b-4bb307b63b55","local_time":"20201219134440","is_ascension_mode":true,"campfire_choices":[{"data":"Slimebound:Split","floor":1,"key":"SMITH"},{"data":"Slimebound:CorrosiveSpit","floor":8,"key":"SMITH"}],"circlet_count":0,"master_deck":["Slimebound:Strike_Slimebound","Slimebound:Strike_Slimebound","Slimebound:Strike_Slimebound","Slimebound:Tackle","Slimebound:Defend_Slimebound","Slimebound:Defend_Slimebound","Slimebound:Defend_Slimebound","Slimebound:Defend_Slimebound","Slimebound:Split+1","Slimebound:CorrosiveSpit+1","Slimebound:GoopSpray","Slimebound:GrowthPunch","Slimebound:LivingWall","Slimebound:Gluttony"],"relics":["Slimebound:AbsorbEndCombat","Ginger","Slimebound:GreedOozeRelic","downfall:BrokenWingStatue","TungstenRod","Du-Vu Doll","infinitespire:Magic Flask","Odd Mushroom"],"acts_visited":["Exordium"],"potions_floor_usage":[3,3,9,12,13,16,16],"damage_taken":[{"damage":19,"enemies":"Jaw Worm","floor":2,"turns":3},{"damage":26,"enemies":"3 Sentries","floor":3,"turns":5},{"damage":8,"enemies":"Small Slimes","floor":5,"turns":2},{"damage":6,"enemies":"downfall:FleeingMerchant","floor":9,"turns":4},{"damage":26,"enemies":"Gremlin Nob","floor":10,"turns":4},{"damage":30,"enemies":"The Mushroom Lair","floor":12,"turns":3},{"damage":9,"enemies":"downfall:FleeingMerchant","floor":13,"turns":4},{"damage":2,"enemies":"2 Louse","floor":14,"turns":2},{"damage":9,"enemies":"Exordium Thugs","floor":15,"turns":4},{"damage":45,"enemies":"downfall:Defect","floor":16,"turns":6}],"seed_played":"-9078223476553748549","potions_obtained":[{"floor":0,"key":"DistilledChaos"},{"floor":0,"key":"SkillPotion"},{"floor":0,"key":"BlessingOfTheForge"},{"floor":10,"key":"ColorlessPotion"},{"floor":12,"key":"Dexterity Potion"},{"floor":14,"key":"PowerPotion"}],"is_trial":false,"path_per_floor":["R","M","E","?","M","?","T","R","$","E","?","?","$","M","M","B"],"character_chosen":"SLIMEBOUND","items_purchased":["Slimebound:SlimedPotion"],"campfire_rested":0,"item_purchase_floors":[13],"current_hp_per_floor":[60,53,41,41,43,43,43,43,53,43,43,29,34,34,37,0,0],"gold":114,"neow_bonus":"THREE_SMALL_POTIONS","is_daily":false,"chose_seed":false,"campfire_upgraded":2,"win_rate":0.0,"timestamp":1608410680,"path_taken":["R","M","E","?","M","?","T","R","?","E","?","?","?","M","M","BOSS"],"items_purchased_type":["Potion"],"build_version":"2020-12-13","purchased_purges":0,"victory":false,"max_hp_per_floor":[60,60,60,60,60,60,60,60,60,60,60,60,60,60,60,60,60],"card_choices":[{"not_picked":["Slimebound:DivideAndConquer","Slimebound:ProtectTheBoss"],"picked":"Slimebound:GoopSpray","floor":2},{"not_picked":["Slimebound:SlimeSpikes","Slimebound:DivideAndConquer"],"picked":"Slimebound:GrowthPunch","floor":3},{"not_picked":["Slimebound:AcidTongue","Slimebound:ViciousTackle","Slimebound:Dissolve"],"picked":"SKIP","floor":5},{"not_picked":["Slimebound:LeechingTouch","Slimebound:Prepare","Slimebound:ViciousTackle"],"picked":"SKIP","floor":9},{"not_picked":["Slimebound:PressTheAttack","Slimebound:MegaLick"],"picked":"Slimebound:LivingWall","floor":10},{"not_picked":["Slimebound:DivideAndConquer","Slimebound:SlimeBarrage","Slimebound:SplitMire"],"picked":"SKIP","floor":13},{"not_picked":["Slimebound:LivingWall","Slimebound:AcidTongue","Slimebound:SlimeSpikes"],"picked":"SKIP","floor":14},{"not_picked":["Slimebound:RollThrough","Slimebound:GoopTackle"],"picked":"Slimebound:Gluttony","floor":15}],"player_experience":115542,"relics_obtained":[{"floor":3,"key":"Ginger"},{"floor":7,"key":"TungstenRod"},{"floor":10,"key":"Du-Vu Doll"},{"floor":11,"key":"infinitespire:Magic Flask"},{"floor":12,"key":"Odd Mushroom"}],"event_choices":[{"damage_healed":0,"gold_gain":0,"player_choice":"Fought Mushrooms","damage_taken":0,"max_hp_gain":0,"max_hp_loss":0,"event_name":"Mushrooms","floor":12,"gold_loss":0}],"is_beta":false,"boss_relics":[],"items_purged_floors":[],"is_endless":false,"potions_floor_spawned":[10,12,14],"killed_by":"downfall:Defect","ascension_level":1}}