{"host":"enfgzo6yn4zdbao9","time":1608422088,"event":{"mods":["AchievementEnabler","BaseMod","Colored Powertips","Minty Spire (QoL Compilation)","Relic Stats","StSLib","slay the spire mod where everything is the same but ironclad has a cowboy hat"],"gold_per_floor":[113,127,146,43,62,62,90,105,128,128,163,163,163,207,207,207,207],"floor_reached":16,"playtime":506,"items_purged":[],"score":218,"play_id":"78a7bb18-8d3f-43d6-a51a-943160f39499","local_time":"20201219155448","is_ascension_mode":true,"campfire_choices":[{"data":"MentalFortress","floor":6,"key":"SMITH"},{"data":"MentalFortress","floor":13,"key":"SMITH"},{"data":"Brilliance","floor":15,"key":"SMITH"}],"circlet_count":0,"master_deck":["AscendersBane","Strike_P","Strike_P","Strike_P","Strike_P","Defend_P","Defend_P","Defend_P","Defend_P","Eruption","Vigilance","MentalFortress+1","Brilliance+1","FollowUp","Adaptation","FearNoEvil","Crescendo","LikeWater","Prostrate","MentalFortress+1","Prostrate"],"relics":["Sozu","Toy Ornithopter","Happy Flower","Golden Idol","Ancient Tea Set","NlothsMask","Orichalcum"],"acts_visited":["Exordium"],"potions_floor_usage":[],"damage_taken":[{"damage":0,"enemies":"Cultist","floor":1,"turns":2},{"damage":0,"enemies":"2 Louse","floor":2,"turns":2},{"damage":0,"enemies":"Jaw Worm","floor":3,"turns":4},{"damage":0,"enemies":"Exordium Wildlife","floor":5,"turns":1},{"damage":0,"enemies":"Lagavulin","floor":7,"turns":5},{"damage":1,"enemies":"3 Louse","floor":8,"turns":3},{"damage":6,"enemies":"3 Sentries","floor":11,"turns":6},{"damage":16,"enemies":"Gremlin Nob","floor":14,"turns":4},{"damage":64,"enemies":"Slime Boss","floor":16,"turns":3}],"seed_played":"7097748647533355144","potions_obtained":[],"is_trial":false,"path_per_floor":["M","M","M","$","M","R","E","M","T","?","E","?","R","E","R","B"],"character_chosen":"WATCHER","items_purchased":["Adaptation","FearNoEvil"],"campfire_rested":0,"item_purchase_floors":[4,4],"current_hp_per_floor":[65,65,65,65,65,65,65,64,64,64,58,58,58,42,42,0,0],"gold":207,"neow_bonus":"BOSS_RELIC","is_daily":false,"chose_seed":false,"campfire_upgraded":3,"win_rate":0.0,"timestamp":1608422088,"path_taken":["M","?","M","?","M","R","E","M","T","?","E","?","R","E","R","BOSS"],"items_purchased_type":["Card","Card"],"build_version":"2020-12-13","purchased_purges":0,"victory":false,"max_hp_per_floor":[72,72,72,72,72,72,72,72,72,67,67,67,67,67,67,67,67],"relic_stats":{"Sozu":3,"Happy Flower":[4],"counters":[9,30],"Golden Idol":16,"Orichalcum":[6],"obtain_stats":[{"Sozu":0,"Happy Flower":9,"Golden Idol":10,"PureWater":0,"Orichalcum":14,"Ancient Tea Set":11,"Toy Ornithopter":7,"NlothsMask":12},{"Sozu":0,"Happy Flower":6,"Golden Idol":6,"PureWater":0,"Orichalcum":8,"Ancient Tea Set":7,"Toy Ornithopter":5,"NlothsMask":7},{"Sozu":0,"Happy Flower":17,"Golden Idol":17,"PureWater":0,"Orichalcum":27,"Ancient Tea Set":23,"Toy Ornithopter":14,"NlothsMask":23}],"Toy Ornithopter":0},"card_choices":[{"not_picked":["JustLucky","SashWhip"],"picked":"MentalFortress","floor":1},{"not_picked":["PathToVictory","Evaluate"],"picked":"Brilliance","floor":2},{"not_picked":["BowlingBash","Halt"],"picked":"FollowUp","floor":3},{"not_picked":["JustLucky","FollowUp"],"picked":"Crescendo","floor":5},{"not_picked":["FollowUp","FlurryOfBlows"],"picked":"LikeWater","floor":7},{"not_picked":["JustLucky","FlyingSleeves"],"picked":"Prostrate","floor":8},{"not_picked":["FollowUp","ReachHeaven"],"picked":"MentalFortress","floor":11},{"not_picked":["JustLucky","Protect"],"picked":"Prostrate","floor":14}],"player_experience":427759,"relics_obtained":[{"floor":7,"key":"Toy Ornithopter"},{"floor":9,"key":"Happy Flower"},{"floor":11,"key":"Ancient Tea Set"},{"floor":14,"key":"Orichalcum"}],"event_choices":[{"damage_healed":0,"gold_gain":0,"player_choice":"Lose Max HP","damage_taken":0,"relics_obtained":["Golden Idol"],"max_hp_gain":0,"max_hp_loss":5,"event_name":"Golden Idol","floor":10,"gold_loss":0},{"damage_healed":0,"gold_gain":0,"player_choice":"Trade","damage_taken":0,"relics_obtained":["NlothsMask"],"max_hp_gain":0,"max_hp_loss":0,"event_name":"FaceTrader","floor":12,"gold_loss":0}],"is_beta":false,"boss_relics":[],"items_purged_floors":[],"is_endless":false,"potions_floor_spawned":[3,5,7],"killed_by":"Slime Boss","ascension_level":10}}