{"host":"l99crexq2sc8megk","time":1608374529,"event":{"mods":["BaseMod","Hermit","Minty Spire (QoL Compilation)","Quick Restart","StSLib","The Cursed"],"gold_per_floor":[110,128,143,156,169,169,204,204,283,297,254,254,266,311,311,311,311],"floor_reached":16,"playtime":587,"items_purged":[],"score":236,"play_id":"3f3f53e5-b4d7-4057-a8c2-778c4db88caa","local_time":"20201219184209","is_ascension_mode":true,"campfire_choices":[{"data":"Bash","floor":6.0,"key":"SMITH"},{"floor":8.0,"key":"REST"},{"data":"Ghostly Armor","floor":12,"key":"SMITH"},{"data":"Shockwave","floor":15,"key":"SMITH"}],"circlet_count":0,"master_deck":["AscendersBane","Strike_R","Strike_R","Strike_R","Strike_R","Strike_R","Defend_R","Defend_R","Defend_R","Defend_R","Bash+1","Dropkick","Ghostly Armor+1","Shrug It Off","Shockwave+1","Cleave","Impervious"],"relics":["Burning Blood","Lantern","Bird Faced Urn","The Courier","Ice Cream"],"acts_visited":[],"potions_floor_usage":[14,14],"damage_taken":[{"damage":2.0,"enemies":"2 Louse","floor":1.0,"turns":3.0},{"damage":7.0,"enemies":"Small Slimes","floor":2.0,"turns":3.0},{"damage":14.0,"enemies":"Jaw Worm","floor":3.0,"turns":4.0},{"damage":5.0,"enemies":"Lots of Slimes","floor":4.0,"turns":8.0},{"damage":5.0,"enemies":"Large Slime","floor":5.0,"turns":7.0},{"damage":44.0,"enemies":"Gremlin Nob","floor":7.0,"turns":6.0},{"damage":15,"enemies":"3 Louse","floor":10,"turns":3},{"damage":8,"enemies":"Looter","floor":13,"turns":3},{"damage":0,"enemies":"Lagavulin","floor":14,"turns":5},{"damage":44,"enemies":"Slime Boss","floor":16,"turns":13}],"seed_played":"1785156953692871092","potions_obtained":[{"floor":2.0,"key":"Block Potion"},{"floor":7.0,"key":"ColorlessPotion"},{"floor":10,"key":"SpeedPotion"},{"floor":13,"key":"AttackPotion"}],"is_trial":false,"path_per_floor":["M","M","M","M","M","R","E","R","T","M","?","R","M","E","R","B"],"character_chosen":"IRONCLAD","items_purchased":[],"campfire_rested":1,"item_purchase_floors":[],"current_hp_per_floor":[72,71,63,64,65,65,27,49,49,40,40,40,38,46,46,2,2],"gold":311,"neow_bonus":"RANDOM_COMMON_RELIC","is_daily":false,"chose_seed":false,"campfire_upgraded":3,"win_rate":0.0,"timestamp":1608374529,"path_taken":["M","M","M","M","M","R","E","R","T","M","?","R","M","E","R","BOSS"],"items_purchased_type":[],"build_version":"2020-12-13","purchased_purges":0,"victory":false,"max_hp_per_floor":[75,75,75,75,75,75,75,75,75,75,75,75,75,75,75,75,75],"card_choices":[{"not_picked":["Pommel Strike","Body Slam"],"picked":"Dropkick","floor":1.0},{"not_picked":["Flex","Combust"],"picked":"Ghostly Armor","floor":2.0},{"not_picked":["Flex","Sword Boomerang"],"picked":"Shrug It Off","floor":3.0},{"not_picked":["Clothesline","Flex","Second Wind"],"picked":"SKIP","floor":4.0},{"not_picked":["Warcry","Wild Strike"],"picked":"Shockwave","floor":5.0},{"not_picked":["Sword Boomerang","Warcry"],"picked":"Cleave","floor":7.0},{"not_picked":["Carnage","Inflame","Anger"],"picked":"SKIP","floor":10},{"not_picked":["Perfected Strike","Sever Soul"],"picked":"Impervious","floor":13},{"not_picked":["Body Slam","Iron Wave","Wild Strike"],"picked":"SKIP","floor":14}],"player_experience":341828,"relics_obtained":[{"floor":7.0,"key":"Bird Faced Urn"},{"floor":9.0,"key":"The Courier"},{"floor":14,"key":"Ice Cream"}],"event_choices":[{"damage_healed":0,"gold_gain":0,"player_choice":"Left Gold","damage_taken":0,"max_hp_gain":0,"max_hp_loss":0,"event_name":"World of Goop","floor":11,"gold_loss":43}],"is_beta":false,"boss_relics":[],"items_purged_floors":[],"is_endless":false,"potions_floor_spawned":[2,7,10,13],"killed_by":"Slime Boss","ascension_level":14}}