{"host":"msepye59htvs4aw4","time":1608406191,"event":{"mods":["BaseMod","Colored Map","DeckTracker","Highlight Path","Minty Spire (QoL Compilation)","Shop Mod","StSLib","SuperFastMode"],"gold_per_floor":[136,170,135,135,24,24,60,113,168,168,205,225,264,276,276,350,350,364,379,379,379,389,389,389],"floor_reached":23,"playtime":4464,"items_purged":[],"score":341,"play_id":"f952d58f-b350-4803-bdfb-f52bfb84ab2d","local_time":"20201219202951","is_ascension_mode":true,"campfire_choices":[{"data":"Bouncing Flask","floor":6,"key":"SMITH"},{"floor":10,"key":"REST"},{"floor":15,"key":"REST"}],"circlet_count":0,"master_deck":["AscendersBane","Strike_G","Strike_G","Strike_G+1","Strike_G","Strike_G","Defend_G","Defend_G","Defend_G","Defend_G","Defend_G","Survivor","Neutralize+1","HandOfGreed","Dash","Bouncing Flask+1","Footwork","Deadly Poison","PiercingWail","Bouncing Flask","Footwork","Dagger Spray","Corpse Explosion","PiercingWail","Bouncing Flask+1","Footwork"],"relics":["Ring of the Snake","GremlinMask","Whetstone","Omamori","Philosopher\u0027s Stone","MutagenicStrength"],"acts_visited":["Exordium","TheCity"],"potions_floor_usage":[8,13,16,23,23],"damage_taken":[{"damage":2,"enemies":"Jaw Worm","floor":1,"turns":4},{"damage":4,"enemies":"Small Slimes","floor":2,"turns":4},{"damage":0,"enemies":"Cultist","floor":7,"turns":4},{"damage":24,"enemies":"3 Sentries","floor":8,"turns":11},{"damage":0,"enemies":"Blue Slaver","floor":11,"turns":4},{"damage":2,"enemies":"Looter","floor":12,"turns":3},{"damage":27,"enemies":"Gremlin Gang","floor":13,"turns":4},{"damage":1,"enemies":"2 Fungi Beasts","floor":14,"turns":4},{"damage":29,"enemies":"The Guardian","floor":16,"turns":9},{"damage":12,"enemies":"Chosen","floor":18,"turns":6},{"damage":22,"enemies":"2 Thieves","floor":19,"turns":4},{"damage":13,"enemies":"Shelled Parasite and Fungi","floor":22,"turns":4},{"damage":9,"enemies":"Gremlin Leader","floor":23,"turns":7}],"seed_played":"-5730485532092702496","potions_obtained":[{"floor":2,"key":"Regen Potion"},{"floor":8,"key":"AttackPotion"},{"floor":14,"key":"PowerPotion"},{"floor":19,"key":"Swift Potion"},{"floor":22,"key":"SkillPotion"}],"is_trial":false,"path_per_floor":["M","M","?","?","$","R","M","E","T","R","M","M","M","M","R","B",null,"M","M","?","?","M","E"],"character_chosen":"THE_SILENT","items_purchased":["Bouncing Flask","Footwork"],"campfire_rested":2,"item_purchase_floors":[5,5],"current_hp_per_floor":[42,38,54,54,54,54,54,45,45,64,64,62,35,34,53,24,56,44,22,22,22,9,0,0],"gold":389,"neow_bonus":"RANDOM_COLORLESS_2","is_daily":false,"chose_seed":false,"campfire_upgraded":1,"win_rate":0.0,"timestamp":1608406191,"path_taken":["M","M","?","?","$","R","M","E","T","R","M","M","?","M","R","BOSS","M","M","?","?","?","E"],"items_purchased_type":["Card","Card"],"build_version":"2020-12-13","purchased_purges":0,"victory":false,"max_hp_per_floor":[66,66,66,66,66,66,66,66,66,66,66,66,66,66,66,66,66,66,66,66,66,66,66,66],"card_choices":[{"not_picked":["Chrysalis","Secret Weapon"],"picked":"HandOfGreed","floor":0},{"not_picked":["Outmaneuver","Infinite Blades","Eviscerate"],"picked":"SKIP","floor":1},{"not_picked":["Dagger Spray","Flying Knee"],"picked":"Dash","floor":2},{"not_picked":["Prepared","Escape Plan"],"picked":"Deadly Poison","floor":7},{"not_picked":["Underhanded Strike","Masterful Stab","Deflect"],"picked":"SKIP","floor":8},{"not_picked":["Reflex","Distraction"],"picked":"PiercingWail","floor":11},{"not_picked":["Quick Slash","Finisher"],"picked":"Bouncing Flask","floor":12},{"not_picked":["Backflip","Quick Slash"],"picked":"Footwork","floor":13},{"not_picked":["Dodge and Roll","Skewer"],"picked":"Dagger Spray","floor":14},{"not_picked":["Die Die Die","Grand Finale"],"picked":"Corpse Explosion","floor":16},{"not_picked":["Masterful Stab","Distraction"],"picked":"PiercingWail","floor":18},{"not_picked":["Poisoned Stab+1","Choke"],"picked":"Bouncing Flask+1","floor":19},{"not_picked":["Cloak And Dagger","Blade Dance","Concentrate"],"picked":"SKIP","floor":22}],"player_experience":1601810,"relics_obtained":[{"floor":8,"key":"Whetstone"},{"floor":9,"key":"Omamori"}],"event_choices":[{"damage_healed":16,"gold_gain":0,"player_choice":"Healed","damage_taken":0,"max_hp_gain":0,"max_hp_loss":0,"event_name":"The Cleric","floor":3,"gold_loss":35},{"damage_healed":0,"gold_gain":0,"player_choice":"Trade","damage_taken":0,"relics_obtained":["GremlinMask"],"max_hp_gain":0,"max_hp_loss":0,"event_name":"FaceTrader","floor":4,"gold_loss":0},{"damage_healed":0,"gold_gain":0,"player_choice":"Inject Mutagens","damage_taken":0,"relics_obtained":["MutagenicStrength"],"max_hp_gain":0,"max_hp_loss":0,"event_name":"Drug Dealer","floor":20,"gold_loss":0},{"damage_healed":0,"gold_gain":0,"player_choice":"Copied","damage_taken":0,"max_hp_gain":0,"max_hp_loss":0,"event_name":"Duplicator","floor":21,"gold_loss":0,"cards_obtained":["Footwork"]}],"is_beta":false,"boss_relics":[{"not_picked":["WristBlade","Black Star"],"picked":"Philosopher\u0027s Stone"}],"items_purged_floors":[],"is_endless":false,"potions_floor_spawned":[2,8,14,19,22],"killed_by":"Gremlin Leader","ascension_level":15}}