{"host":"81h68oe4mr04pk3r","time":1608359175,"event":{"mods":["Act Like it!","Aspiration","BaseMod","BetterRewards","Colored Map","Colored Powertips","Conspire","Downfall","Hermit","Hubris","Infinite Spire","Jorbs\u0027s Wanderer Trilogy","Koishi","Lobotomy","LobotomyExtend","Marisa????????","Minty Spire (QoL Compilation)","Quick Restart","Reimu??????","Remilia??????","Replay The Spire","StSLib","The Bug Knight","The Construct","The Cursed","The Disciple","The Servant 0.9.4"],"gold_per_floor":[99,111,111,141,141,141,191,191,191,218,218,230,6,19,31,31,31],"floor_reached":16,"playtime":680,"items_purged":[],"score":108,"play_id":"a8e1af26-8b1f-496a-a99c-8638c8a82972","local_time":"20201218222615","is_ascension_mode":false,"campfire_choices":[{"data":"Slimebound:Split","floor":1,"key":"SMITH"},{"data":"Slimebound:CorrosiveSpit","floor":5,"key":"SMITH"},{"floor":9,"key":"RECALL"}],"circlet_count":0,"master_deck":["Slimebound:Strike_Slimebound","Slimebound:Strike_Slimebound","Slimebound:Strike_Slimebound","Slimebound:Tackle","Slimebound:Defend_Slimebound","Slimebound:Defend_Slimebound","Slimebound:Defend_Slimebound","Slimebound:Defend_Slimebound","Slimebound:Split+1","Slimebound:CorrosiveSpit+1","Slimebound:SplitMire","Slimebound:SplitAcid","Slimebound:SlimeSlap","Slimebound:ItLooksTasty","Slimebound:PressTheAttack","Slimebound:LeechingTouch","Flash of Steel","Slimebound:LeadByExample","Slimebound:SlimeSpikes","Slimebound:SamplingLick"],"relics":["Slimebound:AbsorbEndCombat","LetterFromLob","downfall:BrokenWingStatue","Oddly Smooth Stone","ReplayTheSpireMod:Lightbulb"],"acts_visited":["Exordium"],"potions_floor_usage":[],"damage_taken":[{"damage":19,"enemies":"conspire:RoseBush","floor":2,"turns":2},{"damage":31,"enemies":"Lagavulin","floor":4,"turns":5},{"damage":36,"enemies":"3 Sentries","floor":10,"turns":5},{"damage":15,"enemies":"Small Slimes","floor":12,"turns":3},{"damage":30,"enemies":"downfall:FleeingMerchant","floor":13,"turns":4},{"damage":11,"enemies":"2 Louse","floor":14,"turns":2},{"damage":25,"enemies":"Red Slaver","floor":15,"turns":3},{"damage":99,"enemies":"downfall:Defect","floor":16,"turns":6}],"seed_played":"2194367883774867038","potions_obtained":[{"floor":4,"key":"LifebloodPotion"},{"floor":14,"key":"PowerPotion"}],"is_trial":false,"path_per_floor":["R","M","?","E","R","?","T","M","R","E","?","M","$","M","M","B"],"character_chosen":"SLIMEBOUND","items_purchased":["Slimebound:LeechingTouch","Flash of Steel","Slimebound:LeadByExample"],"campfire_rested":0,"item_purchase_floors":[13,13,13],"current_hp_per_floor":[66,59,59,60,60,60,60,60,60,48,66,63,64,57,52,0,0],"gold":31,"neow_bonus":"TEN_PERCENT_HP_BONUS","is_daily":false,"chose_seed":false,"campfire_upgraded":2,"win_rate":0.0,"timestamp":1608359175,"path_taken":["R","M","?","E","R","?","T","M","R","E","?","M","$","M","M","BOSS"],"items_purchased_type":["Card","Card","Card"],"build_version":"2020-12-13","purchased_purges":0,"victory":false,"max_hp_per_floor":[66,66,66,66,66,66,66,66,66,66,66,66,66,66,66,66,66],"card_choices":[{"not_picked":["Slimebound:PressTheAttack","Slimebound:HauntingLick"],"picked":"Slimebound:SplitMire","floor":2},{"not_picked":["Slimebound:SamplingLick","Slimebound:ViciousTackle"],"picked":"Slimebound:SplitAcid","floor":4},{"not_picked":["Slimebound:SlimeSpikes","Slimebound:SamplingLick"],"picked":"Slimebound:SlimeSlap","floor":10},{"not_picked":["Slimebound:SplitBruiser","Slimebound:SplitLeeching"],"picked":"Slimebound:ItLooksTasty","floor":12},{"not_picked":["Slimebound:SplitAcid","Slimebound:RollThrough"],"picked":"Slimebound:PressTheAttack","floor":13},{"not_picked":["Slimebound:Prepare","Slimebound:SlimeTap"],"picked":"Slimebound:SlimeSpikes","floor":14},{"not_picked":["Slimebound:LivingWall","Slimebound:GrowthPunch"],"picked":"Slimebound:SamplingLick","floor":15}],"player_experience":111208,"relics_obtained":[{"floor":2,"key":"LetterFromLob"},{"floor":4,"key":"Oddly Smooth Stone"},{"floor":10,"key":"ReplayTheSpireMod:Lightbulb"}],"event_choices":[],"is_beta":false,"boss_relics":[],"items_purged_floors":[],"is_endless":false,"potions_floor_spawned":[4,14],"killed_by":"downfall:Defect","ascension_level":0}}