{"host":"y3c04fpfin1l2e6u","time":1608361678,"event":{"mods":["Act Like it!","BaseMod","Better-Laid Plans","Challenge The Spire","Googly Eyes","Hallownest","Lobotomy","Minty Spire (QoL Compilation)","Permanent Neow","Quick Restart","Relic Stats","Spicy Shops","StSLib","SuperFastMode","TestMod","The Bug Knight","篝火指南"],"gold_per_floor":[116,134,134,134,14,14,25,25,101,117,117,0,16,16,16,16,16],"floor_reached":16,"playtime":854,"items_purged":[],"score":90,"play_id":"17404ff7-fe1b-46da-8869-bbf7a5f0f3a4","local_time":"20201219150758","is_ascension_mode":false,"campfire_choices":[{"data":"HollowMod:NewGlowingWomb","floor":6,"key":"SMITH"},{"data":"HollowMod:Grubsong","floor":11,"key":"SMITH"},{"floor":15,"key":"REST"}],"circlet_count":0,"master_deck":["HollowMod:NailStrikeStart","HollowMod:NailStrikeStart","HollowMod:NailStrikeStart","HollowMod:NailStrikeStart","HollowMod:QuickDashStart","HollowMod:QuickDashStart","HollowMod:QuickDashStart","HollowMod:QuickDashStart","HollowMod:FocusHealStart+1","HollowMod:PogoStrike+1","testmod-Automaton+1","VoidDream","HollowMod:VengefulVoid","Laetitia","HollowMod:GoodIntentions","HollowMod:NewGlowingWomb+1","UniverseFragment","HollowMod:CornifersMapStart","Writhe","OSAHOGD","HollowMod:Grubsong+1","WallGazer","HollowMod:GreatSlash"],"relics":["HollowMod:VesselMask","CogitoBucket","Juzu Bracelet","The Courier","Hallownest:BankAccountRelic"],"acts_visited":["Hallownest:Greenpath"],"potions_floor_usage":[],"damage_taken":[{"damage":1,"enemies":"Hallownest:monsterHuskWarrior","floor":1,"turns":4},{"damage":6,"enemies":"2_ Uuma","floor":2,"turns":4},{"damage":15,"enemies":"Hallownest:monsterHuskGuard","floor":7,"turns":5},{"damage":10,"enemies":"Hallownest:MossCreep_and_Mosskin","floor":10,"turns":7},{"damage":16,"enemies":"Hallownest:monsterAspidMother","floor":13,"turns":8},{"damage":80,"enemies":"Hallownest:BossBrokenVessel","floor":16,"turns":19}],"seed_played":"7968287979653363160","potions_obtained":[{"floor":1,"key":"SkillPotion"},{"floor":2,"key":"testmod-TestPotion"},{"floor":7,"key":"Block Potion"},{"floor":13,"key":"SkillPotion"}],"is_trial":false,"path_per_floor":["M","M","?","?","$","R","M","?","T","M","R","?","M","?","R","B"],"character_chosen":"THE_BUGKNIGHT","items_purchased":["HollowMod:NewGlowingWomb"],"campfire_rested":1,"item_purchase_floors":[5],"current_hp_per_floor":[75,69,69,69,69,69,54,63,63,53,53,53,43,43,68,0,0],"gold":16,"neow_bonus":"","is_daily":false,"chose_seed":false,"campfire_upgraded":2,"win_rate":0.0,"timestamp":1608361678,"path_taken":["M","M","?","?","$","R","M","?","T","M","R","?","M","?","R","BOSS"],"items_purchased_type":["Card"],"build_version":"2020-12-13","purchased_purges":0,"victory":false,"max_hp_per_floor":[75,75,75,75,75,75,75,84,84,84,84,84,84,84,84,84,84],"relic_stats":{"counters":[6,47],"Juzu Bracelet":0,"obtain_stats":[{"CogitoBucket":0,"testmod-TestBox":0,"Hallownest:BankAccountRelic":12,"HollowMod:VesselMask":0,"The Courier":9,"Juzu Bracelet":4},{"CogitoBucket":0,"testmod-TestBox":0,"Hallownest:BankAccountRelic":4,"HollowMod:VesselMask":0,"The Courier":3,"Juzu Bracelet":2},{"CogitoBucket":0,"testmod-TestBox":0,"Hallownest:BankAccountRelic":20,"HollowMod:VesselMask":0,"The Courier":13,"Juzu Bracelet":8}]},"card_choices":[{"not_picked":["OldLady","Yin"],"picked":"VoidDream","floor":1},{"not_picked":["HollowMod:HowlingWraiths","HollowMod:InfectedAttack"],"picked":"HollowMod:VengefulVoid","floor":1},{"not_picked":["BeautyBeast","Scorched"],"picked":"Laetitia","floor":2},{"not_picked":["HollowMod:DescendingDark","HollowMod:CycloneSlash"],"picked":"HollowMod:GoodIntentions","floor":2},{"not_picked":["WallGazer","Murderer","MHz"],"picked":"Singing Bowl","floor":7},{"not_picked":["OldLady","Scorched"],"picked":"UniverseFragment","floor":7},{"not_picked":["HollowMod:HornetsHelp","HollowMod:RecoilStrike"],"picked":"HollowMod:CornifersMapStart","floor":7},{"not_picked":["Bloodbath","ShyLook"],"picked":"OSAHOGD","floor":10},{"not_picked":["HollowMod:HeavyBlow","HollowMod:SoulShaman"],"picked":"HollowMod:Grubsong","floor":10},{"not_picked":["Wellcheers","OldLady"],"picked":"WallGazer","floor":13},{"not_picked":["HollowMod:HowlingWraiths","HollowMod:MonomonsArchive"],"picked":"HollowMod:GreatSlash","floor":13}],"player_experience":43251,"relics_obtained":[{"floor":9,"key":"The Courier"}],"event_choices":[{"damage_healed":0,"gold_gain":0,"player_choice":"Swap Relic","damage_taken":0,"relics_obtained":["Juzu Bracelet"],"max_hp_gain":0,"max_hp_loss":0,"event_name":"?自己的盒子","floor":4,"relics_lost":["testmod-TestBox"],"gold_loss":0}],"is_beta":false,"boss_relics":[],"items_purged_floors":[],"is_endless":false,"potions_floor_spawned":[1,2,7,13],"killed_by":"Hallownest:BossBrokenVessel","ascension_level":0}}