{"host":"q87smtchbkq9l0at","time":1608370260,"event":{"mods":["BaseMod","Colored Map","Colored Powertips","Minty Spire (QoL Compilation)","Quick Restart","StSLib","SuperFastMode"],"gold_per_floor":[117,67,85,105,124,124,135,165,188,202,202,237,237,237,237,334,334,345,345,345,5,5,5,16,27,27,59,59,88,47,70,70,70,70],"floor_reached":33,"playtime":1050,"items_purged":[],"score":352,"play_id":"0a3c12b0-60de-4e26-a2b5-ffdf51f9f3cb","local_time":"20201219173100","is_ascension_mode":true,"campfire_choices":[{"data":"Perfected Strike","floor":6.0,"key":"SMITH"},{"data":"Impervious","floor":15,"key":"SMITH"},{"data":"Armaments","floor":23,"key":"SMITH"},{"floor":32,"key":"RECALL"}],"circlet_count":0,"master_deck":["Strike_R","Strike_R","Strike_R","Strike_R","Strike_R","Bash","Perfected Strike+1","Wild Strike","Disarm","Rage","Impervious+1","Armaments+1","Double Tap","Twin Strike","Swift Strike","Pommel Strike+1","Pommel Strike","Shockwave+1"],"relics":["Burning Blood","Juzu Bracelet","PreservedInsect","Anchor","Akabeko","Runic Dome","Shuriken","Smiling Mask","CeramicFish"],"acts_visited":["Exordium","TheCity"],"potions_floor_usage":[16,16,25,27,33,33],"damage_taken":[{"damage":5.0,"enemies":"Jaw Worm","floor":1.0,"turns":5.0},{"damage":0.0,"enemies":"2 Louse","floor":3.0,"turns":2.0},{"damage":1.0,"enemies":"Cultist","floor":4.0,"turns":3.0},{"damage":11.0,"enemies":"Looter","floor":5.0,"turns":3.0},{"damage":11.0,"enemies":"Red Slaver","floor":7.0,"turns":2.0},{"damage":4,"enemies":"2 Fungi Beasts","floor":10,"turns":3},{"damage":0,"enemies":"Gremlin Nob","floor":12,"turns":2},{"damage":57,"enemies":"The Guardian","floor":16,"turns":10},{"damage":0,"enemies":"Chosen","floor":18,"turns":3},{"damage":14,"enemies":"Shell Parasite","floor":24,"turns":3},{"damage":18,"enemies":"Shelled Parasite and Fungi","floor":25,"turns":4},{"damage":14,"enemies":"Slavers","floor":27,"turns":3},{"damage":0,"enemies":"Book of Stabbing","floor":29,"turns":3},{"damage":12,"enemies":"Cultist and Chosen","floor":31,"turns":5},{"damage":62,"enemies":"Automaton","floor":33,"turns":8}],"seed_played":"6595723035494272368","potions_obtained":[{"floor":3.0,"key":"BloodPotion"},{"floor":4.0,"key":"SkillPotion"},{"floor":10,"key":"Fire Potion"},{"floor":18,"key":"Ancient Potion"},{"floor":24,"key":"Energy Potion"},{"floor":25,"key":"GamblersBrew"}],"is_trial":false,"path_per_floor":["M","?","M","M","M","R","M","?","T","M","T","E","$","?","R","B",null,"M","?","?","$","?","R","M","M","T","E","?","E","$","M","R","B"],"character_chosen":"IRONCLAD","items_purchased":["Swift Strike","Shuriken","Pommel Strike"],"campfire_rested":0,"item_purchase_floors":[21,21,30],"current_hp_per_floor":[88,88,88,88,83,83,78,78,78,80,80,86,86,86,86,52,88,88,88,88,88,88,88,80,68,68,60,60,66,66,60,60,0,0],"gold":70,"neow_bonus":"TEN_PERCENT_HP_BONUS","is_daily":false,"chose_seed":false,"campfire_upgraded":3,"win_rate":0.0,"timestamp":1608370260,"path_taken":["M","?","M","M","M","R","M","?","T","M","?","E","$","?","R","BOSS","M","?","?","$","?","R","M","M","T","E","?","E","$","M","R","BOSS"],"items_purchased_type":["Card","Relic","Card"],"build_version":"2020-12-13","purchased_purges":0,"victory":false,"max_hp_per_floor":[88,88,88,88,88,88,88,88,88,88,88,88,88,88,88,88,88,88,88,88,88,88,88,88,88,88,88,88,88,88,88,88,88,88],"card_choices":[{"not_picked":["Twin Strike","Thunderclap"],"picked":"Perfected Strike","floor":1.0},{"not_picked":["Iron Wave","Whirlwind"],"picked":"Wild Strike","floor":3.0},{"not_picked":["Bloodletting","Dark Embrace"],"picked":"Disarm","floor":4.0},{"not_picked":["Armaments","Dropkick","Fire Breathing"],"picked":"SKIP","floor":5.0},{"not_picked":["Dark Embrace","Bloodletting"],"picked":"Rage","floor":7.0},{"not_picked":["Inflame","Hemokinesis","Anger"],"picked":"SKIP","floor":10},{"not_picked":["Clothesline","Combust"],"picked":"Impervious","floor":12},{"not_picked":["Berserk","Limit Break"],"picked":"Double Tap","floor":16},{"not_picked":["Carnage","Warcry+1","Sentinel"],"picked":"SKIP","floor":18},{"not_picked":["Thunderclap","Perfected Strike"],"picked":"Pommel Strike+1","floor":24},{"not_picked":["Twin Strike","Second Wind"],"picked":"Brutality","floor":25},{"not_picked":["Sword Boomerang+1","Pummel","Cleave"],"picked":"SKIP","floor":27},{"not_picked":["Rage","Havoc","Heavy Blade"],"picked":"SKIP","floor":29},{"not_picked":["Armaments+1","Sever Soul+1"],"picked":"Shockwave+1","floor":31}],"player_experience":42973,"relics_obtained":[{"floor":9.0,"key":"PreservedInsect"},{"floor":11,"key":"Anchor"},{"floor":12,"key":"Akabeko"},{"floor":27,"key":"Smiling Mask"},{"floor":29,"key":"CeramicFish"}],"event_choices":[{"cards_removed":["Defend_R"],"damage_healed":0.0,"max_hp_gain":0.0,"max_hp_loss":0.0,"gold_gain":0.0,"event_name":"The Cleric","player_choice":"Card Removal","floor":2.0,"gold_loss":50.0,"damage_taken":0.0},{"damage_healed":0.0,"max_hp_gain":0.0,"max_hp_loss":0.0,"gold_gain":30.0,"event_name":"Dead Adventurer","player_choice":"Searched \u00273\u0027 times","floor":8.0,"gold_loss":0.0,"damage_taken":0.0,"relics_obtained":["Juzu Bracelet"]},{"damage_healed":0,"gold_gain":0,"cards_transformed":["Defend_R"],"player_choice":"Change","damage_taken":0,"max_hp_gain":0,"max_hp_loss":0,"event_name":"Living Wall","floor":14,"gold_loss":0,"cards_obtained":["Armaments"]},{"cards_removed":["Defend_R"],"damage_healed":0,"gold_gain":0,"player_choice":"Offered Basic","damage_taken":0,"max_hp_gain":0,"max_hp_loss":0,"event_name":"Bonfire Elementals","floor":19,"gold_loss":0},{"damage_healed":0,"gold_gain":0,"player_choice":"Read","damage_taken":0,"max_hp_gain":0,"max_hp_loss":0,"event_name":"The Library","floor":20,"gold_loss":0,"cards_obtained":["Twin Strike"]},{"cards_removed":["Defend_R"],"damage_healed":0,"gold_gain":0,"player_choice":"Purged","damage_taken":0,"max_hp_gain":0,"max_hp_loss":0,"event_name":"Purifier","floor":22,"gold_loss":0},{"cards_removed":["Brutality"],"damage_healed":0,"gold_gain":0,"player_choice":"Elegance","damage_taken":0,"max_hp_gain":0,"max_hp_loss":0,"event_name":"Back to Basics","floor":28,"gold_loss":0}],"is_beta":false,"boss_relics":[{"not_picked":["SacredBark","Cursed Key"],"picked":"Runic Dome"}],"items_purged_floors":[],"is_endless":false,"potions_floor_spawned":[3,4,10,12,18,24,25],"killed_by":"Automaton","ascension_level":1}}