{"host":"esx1hwjnbftf3eqj","time":1608348474,"event":{"mods":["BaseMod","Colored Map","Minty Spire (QoL Compilation)","StSLib","The Jungle"],"gold_per_floor":[119,135,135,135,85,85,114,114,140,169,17,17,73,92,92,193,193,204,204,14,26,37,37,37,37],"floor_reached":24,"playtime":1681,"items_purged":[],"score":242,"play_id":"4a12afdc-3eda-46c2-a5b5-bc4f2777c548","local_time":"20201218192754","is_ascension_mode":true,"campfire_choices":[{"data":"Neutralize","floor":6,"key":"SMITH"},{"data":"Noxious Fumes","floor":8,"key":"SMITH"},{"floor":12,"key":"REST"},{"floor":15,"key":"REST"},{"data":"Footwork","floor":23,"key":"SMITH"}],"circlet_count":0,"master_deck":["Strike_G","Strike_G","Strike_G","Defend_G","Defend_G","Defend_G+1","Survivor","Neutralize+1","Reflex","Noxious Fumes+1","PiercingWail","Slice+1","Cloak And Dagger","Malaise","Noxious Fumes+1","Noxious Fumes","Footwork+1","Doppelganger","Backflip","Accuracy"],"relics":["Ring of the Snake","Girya","Nunchaku","Molten Egg 2","DollysMirror","Happy Flower","WristBlade","Bag of Preparation"],"acts_visited":["Exordium","Exordium"],"potions_floor_usage":[7,13],"damage_taken":[{"damage":0,"enemies":"Jaw Worm","floor":1,"turns":6},{"damage":1,"enemies":"Small Slimes","floor":2,"turns":5},{"damage":8,"enemies":"Gremlin Nob","floor":7,"turns":4},{"damage":17,"enemies":"3 Sentries","floor":10,"turns":9},{"damage":6,"enemies":"Gremlin Nob","floor":13,"turns":5},{"damage":0,"enemies":"2 Louse","floor":14,"turns":3},{"damage":25,"enemies":"The Guardian","floor":16,"turns":9},{"damage":6,"enemies":"theJungle:MUSHROOMGANG","floor":18,"turns":5},{"damage":8,"enemies":"theJungle:GiantWrat","floor":21,"turns":5},{"damage":44,"enemies":"theJungle:2_Snecko_Cultists","floor":22,"turns":5},{"damage":14,"enemies":"theJungle:2_Flameangoes","floor":24,"turns":5}],"seed_played":"-2519219519780949935","potions_obtained":[{"floor":1,"key":"Energy Potion"},{"floor":2,"key":"Fire Potion"},{"floor":13,"key":"SteroidPotion"},{"floor":22,"key":"Explosive Potion"}],"is_trial":false,"path_per_floor":["M","M","?","?","?","R","E","R","T","E","$","R","?","M","R","B",null,"M","?","$","M","M","R","M"],"character_chosen":"THE_SILENT","items_purchased":["DollysMirror","Bag of Preparation","Accuracy"],"campfire_rested":2,"item_purchase_floors":[11,20,20],"current_hp_per_floor":[49,48,34,27,27,27,19,19,19,2,2,23,17,17,38,13,70,64,66,66,58,14,14,0,0],"gold":37,"neow_bonus":"TRANSFORM_TWO_CARDS","is_daily":false,"chose_seed":false,"campfire_upgraded":3,"win_rate":0.0,"timestamp":1608348474,"path_taken":["M","M","?","?","?","R","E","R","T","E","?","R","?","M","R","BOSS","M","?","$","M","M","R","M"],"items_purchased_type":["Relic","Relic","Card"],"build_version":"2020-12-13","purchased_purges":0,"victory":false,"max_hp_per_floor":[70,70,70,70,70,70,70,70,70,70,70,70,70,70,70,70,70,70,70,70,70,70,70,70,70],"card_choices":[{"not_picked":["Heel Hook","Concentrate"],"picked":"PiercingWail","floor":1},{"not_picked":["Poisoned Stab","Setup"],"picked":"Slice","floor":2},{"not_picked":["Slice","Acrobatics"],"picked":"Cloak And Dagger","floor":7},{"not_picked":["Backflip","Deflect"],"picked":"Malaise","floor":10},{"not_picked":["Bane+1","Tactician"],"picked":"Noxious Fumes","floor":13},{"not_picked":["All Out Attack+1","Quick Slash+1"],"picked":"Footwork","floor":14},{"not_picked":["Wraith Form v2","After Image"],"picked":"Doppelganger","floor":16},{"not_picked":["Caltrops","Reflex"],"picked":"Backflip","floor":18},{"not_picked":["Outmaneuver","Underhanded Strike+1","Riddle With Holes+1"],"picked":"SKIP","floor":21},{"not_picked":["Skewer+1","Bane+1","Endless Agony+1"],"picked":"SKIP","floor":22}],"player_experience":477028,"relics_obtained":[{"floor":7,"key":"Girya"},{"floor":9,"key":"Nunchaku"},{"floor":10,"key":"Molten Egg 2"},{"floor":13,"key":"Happy Flower"}],"event_choices":[{"damage_healed":0,"gold_gain":0,"player_choice":"Entered Light","damage_taken":14,"max_hp_gain":0,"max_hp_loss":0,"event_name":"Shining Light","floor":3,"gold_loss":0,"cards_upgraded":["Defend_G","Slice"]},{"cards_removed":["Strike_G"],"damage_healed":0,"gold_gain":0,"player_choice":"Card Removal","damage_taken":7,"max_hp_gain":0,"max_hp_loss":0,"event_name":"Golden Wing","floor":4,"gold_loss":0},{"cards_removed":["Defend_G"],"damage_healed":0,"gold_gain":0,"player_choice":"Card Removal","damage_taken":0,"max_hp_gain":0,"max_hp_loss":0,"event_name":"The Cleric","floor":5,"gold_loss":50},{"damage_healed":0,"gold_gain":30,"player_choice":"Searched \u00272\u0027 times","damage_taken":0,"max_hp_gain":0,"max_hp_loss":0,"event_name":"Dead Adventurer","floor":13,"gold_loss":0}],"is_beta":false,"boss_relics":[{"not_picked":["Philosopher\u0027s Stone","Runic Pyramid"],"picked":"WristBlade"}],"items_purged_floors":[],"is_endless":false,"potions_floor_spawned":[1,2,13,22],"killed_by":"theJungle:2_Flameangoes","ascension_level":4}}