{"host":"utqe55yv0jihe4d6","time":1608403786,"event":{"mods":["2.2 Compatiblity","AchievementEnabler","BaseMod","Block Reminder","Colored Map","Colored Powertips","Minty Spire (QoL Compilation)","Quick Restart","Rare Cards Sparkle","Relic Stats","SuperFastMode"],"gold_per_floor":[20,20,20,45,63,63,104,123,123,159,159,195,195,220,220,316,316,331,351,276,276,32,32,73,91,143,56,56,90,90,110,110,206,206,225,241,302,302,302,340,361,394,419,439,439,478,503,523,523,523,523,523,523,20,58,58],"floor_reached":57,"playtime":3923,"items_purged":["Pain","Shame"],"score":3150,"play_id":"7c0a2432-6db4-4c96-b41c-9293db8f1375","local_time":"20201219134946","is_ascension_mode":true,"campfire_choices":[{"data":"Apotheosis","floor":6.0,"key":"SMITH"},{"floor":11.0,"key":"REST"},{"floor":15.0,"key":"REST"},{"floor":23.0,"key":"REST"},{"floor":28.0,"key":"REST"},{"data":"Malaise","floor":32.0,"key":"SMITH"},{"floor":49.0,"key":"RECALL"},{"data":"Adrenaline","floor":53.0,"key":"SMITH"}],"circlet_count":0,"master_deck":["AscendersBane","Defend_G","Defend_G","Defend_G","Defend_G","Defend_G","Survivor","Neutralize","Apotheosis+1","Blade Dance","Footwork","Prepared","Dagger Spray","Deadly Poison","Bouncing Flask","Leg Sweep","Wraith Form v2+1","Well Laid Plans+1","Footwork+1","PiercingWail","Dodge and Roll","Acrobatics","Malaise+1","Wraith Form v2+1","Backflip+1","Well Laid Plans+1","After Image+1","Dodge and Roll+1","Caltrops+1","Backflip","PiercingWail","Adrenaline+1","Sucker Punch","Well Laid Plans+1","Poisoned Stab"],"relics":["Ring of the Snake","Golden Idol","Bag of Marbles","Frozen Egg 2","Pocketwatch","Strawberry","InkBottle","Sozu","WarpedTongs","OrangePellets","Orichalcum","Prayer Wheel","Cursed Key","FossilizedHelix","Mercury Hourglass","Meat on the Bone","Sundial","Kunai","Tough Bandages"],"acts_visited":["Exordium","TheCity","TheBeyond","TheEnding"],"potions_floor_usage":[],"damage_taken":[{"damage":1.0,"enemies":"Jaw Worm","floor":1.0,"turns":4.0},{"damage":0.0,"enemies":"2 Louse","floor":4.0,"turns":4.0},{"damage":0.0,"enemies":"Cultist","floor":5.0,"turns":4.0},{"damage":24.0,"enemies":"Lagavulin","floor":7.0,"turns":9.0},{"damage":0.0,"enemies":"2 Fungi Beasts","floor":8.0,"turns":4.0},{"damage":9.0,"enemies":"3 Sentries","floor":10.0,"turns":8.0},{"damage":35.0,"enemies":"Gremlin Nob","floor":12.0,"turns":4.0},{"damage":0.0,"enemies":"Large Slime","floor":14.0,"turns":4.0},{"damage":0.0,"enemies":"The Guardian","floor":16.0,"turns":9.0},{"damage":12.0,"enemies":"Shell Parasite","floor":18.0,"turns":5.0},{"damage":0.0,"enemies":"Spheric Guardian","floor":19.0,"turns":3.0},{"damage":13.0,"enemies":"Gremlin Leader","floor":24.0,"turns":9.0},{"damage":0.0,"enemies":"Snecko","floor":25.0,"turns":5.0},{"damage":9.0,"enemies":"Book of Stabbing","floor":29.0,"turns":8.0},{"damage":0.0,"enemies":"Centurion and Healer","floor":31.0,"turns":9.0},{"damage":0.0,"enemies":"Automaton","floor":33.0,"turns":13.0},{"damage":0.0,"enemies":"3 Darklings","floor":35.0,"turns":7.0},{"damage":0.0,"enemies":"3 Shapes","floor":36.0,"turns":9.0},{"damage":0.0,"enemies":"2 Orb Walkers","floor":37.0,"turns":7.0},{"damage":0.0,"enemies":"Reptomancer","floor":40.0,"turns":9.0},{"damage":0.0,"enemies":"Spire Growth","floor":41.0,"turns":7.0},{"damage":0.0,"enemies":"Giant Head","floor":42.0,"turns":11.0},{"damage":0.0,"enemies":"Maw","floor":44.0,"turns":8.0},{"damage":0.0,"enemies":"Nemesis","floor":46.0,"turns":11.0},{"damage":0.0,"enemies":"Jaw Worm Horde","floor":47.0,"turns":7.0},{"damage":0.0,"enemies":"Spire Growth","floor":48.0,"turns":8.0},{"damage":5.0,"enemies":"Time Eater","floor":50.0,"turns":19.0},{"damage":1.0,"enemies":"Awakened One","floor":51.0,"turns":23.0},{"damage":0,"enemies":"Shield and Spear","floor":55,"turns":11},{"damage":6,"enemies":"The Heart","floor":56,"turns":15}],"seed_played":"-7097072323185637351","potions_obtained":[{"floor":4.0,"key":"Energy Potion"},{"floor":5.0,"key":"EntropicBrew"},{"floor":12.0,"key":"Swift Potion"},{"floor":16.0,"key":"SpeedPotion"}],"is_trial":false,"path_per_floor":["M","?","?","M","M","R","E","M","T","E","R","E","T","M","R","B",null,"M","M","?","?","$","R","E","M","T","$","R","E","?","M","R","B",null,"M","M","?","?","?","E","M","E","T","M","?","E","M","M","R","B","B",null,"R","$","E","B",null],"character_chosen":"THE_SILENT","items_purchased":["OrangePellets","Footwork+1","Sucker Punch","Kunai","Well Laid Plans+1"],"campfire_rested":4,"item_purchase_floors":[22,27,54,54,54],"current_hp_per_floor":[58,58,51,51,51,51,27,27,27,18,36,8,8,8,28,28,57,45,45,45,45,45,65,52,52,52,52,67,58,58,58,58,58,65,65,65,65,65,65,65,65,65,65,65,65,65,65,65,65,60,59,65,65,65,65,59],"gold":58,"neow_bonus":"RANDOM_COLORLESS_2","is_daily":false,"chose_seed":false,"campfire_upgraded":3,"win_rate":0.0,"timestamp":1608403786,"path_taken":["M","?","?","M","M","R","E","M","T","E","R","E","?","?","R","BOSS","M","M","?","?","$","R","E","M","T","?","R","E","?","M","R","BOSS","M","?","?","?","?","E","M","E","T","M","?","E","?","?","R","BOSS","BOSS","R","$","E","BOSS"],"items_purchased_type":["Relic","Card","Card","Relic","Card"],"build_version":"2020-12-13","purchased_purges":2,"victory":true,"max_hp_per_floor":[66,60,60,60,60,60,60,60,60,60,60,67,67,67,67,67,67,67,67,67,67,67,67,67,67,67,67,67,67,67,67,67,67,67,67,67,67,67,67,67,67,67,67,67,67,67,67,67,67,67,67,67,67,67,67,67],"relic_stats":{"counters":[30,254],"Golden Idol":241,"Orichalcum":[60],"Cursed Key":1,"WarpedTongs":[43],"Mercury Hourglass":[353],"Sozu":6,"OrangePellets":[49],"Tough Bandages":[15],"Sundial":[16],"Prayer Wheel":7,"Kunai":[12],"obtain_stats":[{"Golden Idol":2,"Frozen Egg 2":9,"Orichalcum":26,"Cursed Key":34,"WarpedTongs":21,"Mercury Hourglass":40,"Sozu":17,"OrangePellets":22,"Tough Bandages":55,"Sundial":46,"Strawberry":12,"Prayer Wheel":29,"Bag of Marbles":7,"Kunai":54,"InkBottle":13,"FossilizedHelix":37,"Ring of the Snake":0,"Pocketwatch":10,"Meat on the Bone":42},{"Golden Idol":1,"Frozen Egg 2":5,"Orichalcum":13,"Cursed Key":16,"WarpedTongs":11,"Mercury Hourglass":20,"Sozu":9,"OrangePellets":11,"Tough Bandages":29,"Sundial":24,"Strawberry":7,"Prayer Wheel":14,"Bag of Marbles":4,"Kunai":28,"InkBottle":7,"FossilizedHelix":19,"Ring of the Snake":0,"Pocketwatch":6,"Meat on the Bone":22},{"Golden Idol":4,"Frozen Egg 2":25,"Orichalcum":72,"Cursed Key":102,"WarpedTongs":58,"Mercury Hourglass":134,"Sozu":50,"OrangePellets":58,"Tough Bandages":239,"Sundial":171,"Strawberry":37,"Prayer Wheel":80,"Bag of Marbles":21,"Kunai":228,"InkBottle":37,"FossilizedHelix":125,"Ring of the Snake":0,"Pocketwatch":33,"Meat on the Bone":152}],"InkBottle":[97],"Ring of the Snake":[60],"Pocketwatch":[188],"Meat on the Bone":0},"card_choices":[{"not_picked":["Chrysalis","Violence"],"picked":"Apotheosis","floor":0.0},{"not_picked":["Choke","Catalyst","Outmaneuver"],"picked":"SKIP","floor":1.0},{"not_picked":["Dagger Spray","Flechettes"],"picked":"Blade Dance","floor":4.0},{"not_picked":["Deadly Poison","Prepared"],"picked":"Footwork","floor":5.0},{"not_picked":["Riddle With Holes","Underhanded Strike"],"picked":"Prepared","floor":7.0},{"not_picked":["Flying Knee","Envenom"],"picked":"Dagger Spray","floor":8.0},{"not_picked":["Masterful Stab","Poisoned Stab"],"picked":"Deadly Poison","floor":10.0},{"not_picked":["Infinite Blades+1","Dagger Throw"],"picked":"Bouncing Flask","floor":12.0},{"not_picked":["Dagger Spray","PiercingWail"],"picked":"Leg Sweep","floor":14.0},{"not_picked":["Storm of Steel","Phantasmal Killer"],"picked":"Wraith Form v2+1","floor":16.0},{"not_picked":["Masterful Stab","Dagger Spray+1"],"picked":"Well Laid Plans+1","floor":18.0},{"not_picked":["Blade Dance","Prepared","Dodge and Roll"],"picked":"SKIP","floor":19.0},{"not_picked":["Dagger Spray","Concentrate","Quick Slash"],"picked":"SKIP","floor":24.0},{"not_picked":["All Out Attack","Escape Plan","Acrobatics"],"picked":"SKIP","floor":25.0},{"not_picked":["Slice","Underhanded Strike"],"picked":"PiercingWail","floor":29.0},{"not_picked":["Underhanded Strike","Dagger Throw"],"picked":"Acrobatics","floor":31.0},{"not_picked":["Bane","Cloak And Dagger"],"picked":"Malaise","floor":31.0},{"not_picked":["Phantasmal Killer","Glass Knife"],"picked":"Wraith Form v2+1","floor":33.0},{"not_picked":["Bane+1","Cloak And Dagger+1"],"picked":"Backflip+1","floor":35.0},{"not_picked":["Underhanded Strike","Predator+1"],"picked":"Well Laid Plans+1","floor":35.0},{"not_picked":["Flying Knee+1","Cloak And Dagger+1","Sucker Punch"],"picked":"SKIP","floor":36.0},{"not_picked":["Predator","Backstab+1","Heel Hook+1"],"picked":"SKIP","floor":36.0},{"not_picked":["Slice","Acrobatics"],"picked":"After Image+1","floor":40.0},{"not_picked":["Venomology","Quick Slash+1"],"picked":"Dodge and Roll+1","floor":41.0},{"not_picked":["PiercingWail","Bane","Heel Hook+1"],"picked":"SKIP","floor":41.0},{"not_picked":["Distraction","PiercingWail"],"picked":"Caltrops+1","floor":42.0},{"not_picked":["Deadly Poison+1","PiercingWail"],"picked":"Backflip","floor":44.0},{"not_picked":["Dodge and Roll","Quick Slash","Underhanded Strike"],"picked":"SKIP","floor":44.0},{"not_picked":["Expertise","Concentrate","Heel Hook"],"picked":"SKIP","floor":46.0},{"not_picked":["Well Laid Plans+1","Terror+1"],"picked":"Adrenaline","floor":47.0},{"not_picked":["Dagger Spray","Slice+1","Blade Dance"],"picked":"SKIP","floor":47.0},{"not_picked":["Tactician","Flechettes","Blade Dance"],"picked":"SKIP","floor":48.0},{"not_picked":["Blade Dance","Concentrate+1","Cloak And Dagger"],"picked":"SKIP","floor":48.0},{"not_picked":["Quick Slash","Sucker Punch"],"picked":"Poisoned Stab","floor":55}],"player_experience":2808377,"relics_obtained":[{"floor":7.0,"key":"Bag of Marbles"},{"floor":9.0,"key":"Frozen Egg 2"},{"floor":10.0,"key":"Pocketwatch"},{"floor":12.0,"key":"Strawberry"},{"floor":13.0,"key":"InkBottle"},{"floor":26.0,"key":"Orichalcum"},{"floor":29.0,"key":"Prayer Wheel"},{"floor":37.0,"key":"FossilizedHelix"},{"floor":40.0,"key":"Mercury Hourglass"},{"floor":42.0,"key":"Meat on the Bone"},{"floor":46.0,"key":"Sundial"},{"floor":55,"key":"Tough Bandages"}],"event_choices":[{"damage_healed":0.0,"max_hp_gain":0.0,"max_hp_loss":6.0,"gold_gain":0.0,"event_name":"Golden Idol","player_choice":"Lose Max HP","floor":2.0,"gold_loss":0.0,"damage_taken":0.0,"relics_obtained":["Golden Idol"]},{"cards_removed":["Strike_G"],"damage_healed":0.0,"max_hp_gain":0.0,"max_hp_loss":0.0,"gold_gain":0.0,"event_name":"Golden Wing","player_choice":"Card Removal","floor":3.0,"gold_loss":0.0,"damage_taken":7.0},{"cards_removed":["Strike_G"],"damage_healed":0.0,"max_hp_gain":0.0,"max_hp_loss":0.0,"gold_gain":0.0,"event_name":"Beggar","player_choice":"Gave Gold","floor":20.0,"gold_loss":75.0,"damage_taken":0.0},{"damage_healed":0.0,"max_hp_gain":0.0,"max_hp_loss":0.0,"gold_gain":0.0,"event_name":"Accursed Blacksmith","player_choice":"Rummage","floor":21.0,"gold_loss":0.0,"damage_taken":0.0,"relics_obtained":["WarpedTongs"],"cards_obtained":["Pain"]},{"damage_healed":0.0,"max_hp_gain":0.0,"max_hp_loss":0.0,"gold_gain":0.0,"cards_transformed":["Strike_G"],"event_name":"Transmorgrifier","player_choice":"Transformed","floor":30.0,"gold_loss":0.0,"damage_taken":0.0,"cards_obtained":["Dodge and Roll"]},{"damage_healed":0.0,"max_hp_gain":0.0,"max_hp_loss":0.0,"gold_gain":0.0,"event_name":"Mysterious Sphere","player_choice":"Fight","floor":37.0,"gold_loss":0.0,"damage_taken":0.0},{"damage_healed":0.0,"max_hp_gain":0.0,"max_hp_loss":0.0,"gold_gain":0.0,"event_name":"Tomb of Lord Red Mask","player_choice":"Ignored","floor":38.0,"gold_loss":0.0,"damage_taken":0.0},{"cards_removed":["Strike_G"],"damage_healed":0.0,"max_hp_gain":0.0,"max_hp_loss":0.0,"gold_gain":0.0,"event_name":"Falling","player_choice":"Removed Attack","floor":39.0,"gold_loss":0.0,"damage_taken":0.0},{"damage_healed":0.0,"max_hp_gain":0.0,"max_hp_loss":0.0,"gold_gain":0.0,"cards_transformed":["Strike_G"],"event_name":"Transmorgrifier","player_choice":"Transformed","floor":45.0,"gold_loss":0.0,"damage_taken":0.0,"cards_obtained":["PiercingWail"]}],"is_beta":false,"boss_relics":[{"not_picked":["Runic Dome","Tiny House"],"picked":"Sozu"},{"not_picked":["WristBlade","Empty Cage"],"picked":"Cursed Key"}],"items_purged_floors":[22,54],"is_endless":false,"potions_floor_spawned":[4,5,12,16,18,29,35,37,46,47],"ascension_level":20}}