{"host":"opr81hzsdc1gmhxe","time":1608342342,"event":{"mods":["BaseMod","BetterRewards","Colored Map","Colored Powertips","Downfall","Friendly Minions","Minty Spire (QoL Compilation)","Replay The Spire","StSLib"],"gold_per_floor":[119,139,210,285,300,319,319,319,319,333,137,153,153,187,187,288,288,303,319,331,3,20,20,46,58,70,95,127,396,333,345,357,470,532,554,566,597,627,655,667,699,711,723,645,249,260,260,272,272,272],"floor_reached":51,"playtime":2822,"items_purged":["Strike_R"],"score":898,"play_id":"fee92657-f7d1-440d-8fb0-fd141abcd5f0","local_time":"20201218204542","is_ascension_mode":false,"campfire_choices":[{"data":"Whirlwind","floor":7,"key":"SMITH"},{"data":"Flex","floor":13,"key":"SMITH"},{"data":"Bash","floor":15,"key":"SMITH"},{"data":"Seeing Red","floor":23,"key":"SMITH"},{"data":"Replay:Many Hands","floor":25,"key":"SMITH"},{"floor":32,"key":"REST"},{"data":"Rupture","floor":40,"key":"SMITH"},{"data":"expansioncontent:QuickStudy","floor":42,"key":"SMITH"},{"data":"Apotheosis","floor":47,"key":"SMITH"},{"floor":49,"key":"REST"}],"circlet_count":0,"master_deck":["Strike_R","Strike_R","Defend_R","Defend_R","Defend_R","Defend_R","Bash+1","Bludgeon","Searing Blow","Whirlwind+1","Intimidate","Flex+1","Seeing Red+1","Replay:Many Hands+1","CurseOfTheBell","Inflame+1","expansioncontent:QuickStudy+1","ReplayTheSpireMod:Stacked+1","Shockwave+1","Replay:Undeath\u0027s Touch","Inflame+1","Eclipse+1","expansioncontent:DarkVoid+1","Panache","Infernal Blade+1","Rupture+1","Heavy Blade+1","Apotheosis+1"],"relics":["Burning Blood","Mummified Hand","Gremlin Food","ReplayTheSpireMod:TigerMarble","Tiny Chest","Calling Bell","King of Hearts","Matryoshka","Pocketwatch","Lee\u0027s Waffle","MawBank","Replay:Baseball","Replay:Bottled Flurry","Gambling Chip","Tiny House","Red Skull","Lantern"],"acts_visited":["Exordium","TheCity","TheBeyond"],"potions_floor_usage":[10,20,27,33,33,33,50,50],"damage_taken":[{"damage":5,"enemies":"Small Slimes","floor":1,"turns":3},{"damage":11,"enemies":"2 Louse","floor":2,"turns":3},{"damage":11,"enemies":"Jaw Worm","floor":5,"turns":2},{"damage":6,"enemies":"Red Slaver","floor":6,"turns":4},{"damage":0,"enemies":"Gremlin Gang","floor":10,"turns":1},{"damage":0,"enemies":"3 Louse","floor":12,"turns":3},{"damage":21,"enemies":"Lagavulin","floor":14,"turns":5},{"damage":20,"enemies":"Slime Boss","floor":16,"turns":8},{"damage":27,"enemies":"Spheric Guardian","floor":18,"turns":5},{"damage":23,"enemies":"Shell Parasite","floor":19,"turns":3},{"damage":23,"enemies":"Centurion and Healer","floor":20,"turns":6},{"damage":15,"enemies":"Snecko","floor":22,"turns":4},{"damage":29,"enemies":"Gremlin Leader","floor":24,"turns":5},{"damage":10,"enemies":"Snake Plant","floor":27,"turns":4},{"damage":6,"enemies":"Cultist and Chosen","floor":28,"turns":4},{"damage":23,"enemies":"Pondfish","floor":33,"turns":9},{"damage":14,"enemies":"3 Shapes","floor":35,"turns":3},{"damage":6,"enemies":"3 Darklings","floor":37,"turns":3},{"damage":42,"enemies":"Sphere and 2 Shapes","floor":38,"turns":5},{"damage":14,"enemies":"Maw","floor":39,"turns":7},{"damage":0,"enemies":"3 Darklings","floor":41,"turns":1},{"damage":15,"enemies":"Sphere and 2 Shapes","floor":46,"turns":4},{"damage":30,"enemies":"Writhing Mass","floor":48,"turns":3},{"damage":50,"enemies":"Awakened One","floor":50,"turns":6}],"seed_played":"41162993820526999","potions_obtained":[{"floor":1,"key":"Dexterity Potion"},{"floor":2,"key":"SkillPotion"},{"floor":5,"key":"Toxic Potion"},{"floor":16,"key":"champ:CounterPotion"},{"floor":19,"key":"ColorlessPotion"},{"floor":22,"key":"BloodPotion"},{"floor":27,"key":"Languid Potion"},{"floor":33,"key":"Milkshake"},{"floor":34,"key":"SpeedPotion"},{"floor":35,"key":"FairyPotion"}],"is_trial":false,"path_per_floor":["M","M","?","?","M","M","R","?","T","M","$","M","R","E","R","B",null,"M","M","M","$","M","R","E","R","T","M","M","?","?","T","R","B",null,"M","?","M","M","M","R","M","R","T","?","$","M","R","M","R","B",null],"character_chosen":"IRONCLAD","items_purchased":["Flex","ReplayTheSpireMod:TigerMarble","Lee\u0027s Waffle","expansioncontent:QuickStudy","Lantern","Apotheosis"],"campfire_rested":2,"item_purchase_floors":[11,11,21,21,45,45],"current_hp_per_floor":[80,75,75,64,59,59,59,59,59,65,65,71,71,56,56,42,80,59,42,25,87,78,78,64,64,64,60,63,27,27,27,54,55,95,90,85,85,49,49,49,55,55,55,55,55,46,46,22,50,30],"gold":272,"neow_bonus":"ONE_RANDOM_RARE_CARD","is_daily":false,"chose_seed":false,"campfire_upgraded":8,"win_rate":0.0,"timestamp":1608342342,"path_taken":["M","M","?","?","M","M","R","?","T","?","$","M","R","E","R","BOSS","M","M","M","$","?","R","E","R","T","M","M","?","?","?","R","BOSS","M","?","M","M","M","R","M","R","T","?","$","M","R","?","R","BOSS"],"items_purchased_type":["Card","Relic","Relic","Card","Relic","Card"],"build_version":"2020-12-13","purchased_purges":1,"victory":true,"max_hp_per_floor":[80,80,80,80,80,80,80,80,80,80,80,80,80,80,80,80,80,80,80,80,87,87,87,87,87,87,87,90,90,90,90,90,90,95,95,95,95,95,95,95,95,95,95,95,95,95,95,95,95,95],"card_choices":[{"not_picked":["ReplayTheSpireMod:LeadingStrike","Sword Boomerang"],"picked":"Searing Blow","floor":1},{"not_picked":["Wild Strike","Anger"],"picked":"Whirlwind","floor":2},{"not_picked":["Armaments","Twin Strike","Shrug It Off"],"picked":"SKIP","floor":5},{"not_picked":["Clothesline","Sentinel"],"picked":"Intimidate","floor":6},{"not_picked":["Hemokinesis","ReplayReversal","Sentinel"],"picked":"SKIP","floor":10},{"not_picked":["Headbutt","Dropkick","Perfected Strike"],"picked":"SKIP","floor":12},{"not_picked":["Pummel","Sentinel"],"picked":"Seeing Red","floor":14},{"not_picked":["Fiend Fire","Impervious"],"picked":"Replay:Many Hands","floor":16},{"not_picked":["Carnage","Shrug It Off","Sword Boomerang"],"picked":"SKIP","floor":18},{"not_picked":["Headbutt","Armaments","Anger"],"picked":"SKIP","floor":19},{"not_picked":["Life Link","Evolve+1"],"picked":"Inflame+1","floor":20},{"not_picked":["Flame Barrier","Headbutt"],"picked":"ReplayTheSpireMod:Stacked","floor":22},{"not_picked":["Iron Wave+1","Shrug It Off+1"],"picked":"Shockwave+1","floor":24},{"not_picked":["Defy Death+1","Heavy Blade"],"picked":"Replay:Undeath\u0027s Touch","floor":27},{"not_picked":["Iron Wave","Disarm"],"picked":"Inflame+1","floor":28},{"not_picked":["Bludgeon","Juggernaut"],"picked":"Eclipse","floor":33},{"not_picked":["Entrench+1","Replay:Undeath\u0027s Touch","Sword Boomerang"],"picked":"SKIP","floor":35},{"not_picked":["Blind","expansioncontent:ManipulateTime"],"picked":"expansioncontent:DarkVoid","floor":36},{"not_picked":["Mayhem","expansioncontent:SlimeTackle"],"picked":"Panache","floor":36},{"not_picked":["Headbutt","True Grit","Whirlwind"],"picked":"SKIP","floor":37},{"not_picked":["Flex","Clash+1"],"picked":"Infernal Blade+1","floor":38},{"not_picked":["Twin Strike","Anger+1"],"picked":"Rupture","floor":39},{"not_picked":["Pummel+1","Clash"],"picked":"Heavy Blade+1","floor":41},{"not_picked":["ReplayTheSpireMod:Stacked","Spot Weakness","Sword Boomerang+1"],"picked":"SKIP","floor":46},{"not_picked":["Rupture+1","Clothesline","Sword Boomerang+1"],"picked":"SKIP","floor":48}],"player_experience":425988,"relics_obtained":[{"floor":9,"key":"Gremlin Food"},{"floor":14,"key":"Tiny Chest"},{"floor":17,"key":"King of Hearts"},{"floor":17,"key":"Matryoshka"},{"floor":17,"key":"Pocketwatch"},{"floor":24,"key":"MawBank"},{"floor":26,"key":"Replay:Baseball"},{"floor":26,"key":"Replay:Bottled Flurry"},{"floor":31,"key":"Gambling Chip"},{"floor":43,"key":"Red Skull"}],"event_choices":[{"damage_healed":0,"gold_gain":71,"player_choice":"Gained Gold","damage_taken":0,"max_hp_gain":0,"max_hp_loss":0,"event_name":"Golden Wing","floor":3,"gold_loss":0},{"damage_healed":0,"gold_gain":75,"player_choice":"Gather Gold","damage_taken":11,"max_hp_gain":0,"max_hp_loss":0,"event_name":"World of Goop","floor":4,"gold_loss":0},{"damage_healed":0,"gold_gain":0,"player_choice":"Gave Potion","damage_taken":0,"relics_obtained":["Mummified Hand"],"max_hp_gain":0,"max_hp_loss":0,"event_name":"WeMeetAgain","floor":8,"gold_loss":0},{"cards_removed":["Strike_R"],"damage_healed":0,"gold_gain":0,"player_choice":"Gave Gold","damage_taken":0,"max_hp_gain":0,"max_hp_loss":0,"event_name":"Beggar","floor":30,"gold_loss":75},{"damage_healed":0,"gold_gain":0,"player_choice":"Memory 2","damage_taken":5,"max_hp_gain":0,"max_hp_loss":0,"event_name":"SensoryStone","floor":36,"gold_loss":0},{"cards_removed":["Strike_R"],"damage_healed":0,"gold_gain":0,"player_choice":"Upgrade and Remove","damage_taken":0,"max_hp_gain":0,"max_hp_loss":0,"event_name":"Designer","floor":44,"gold_loss":90,"cards_upgraded":["Eclipse"]}],"is_beta":false,"boss_relics":[{"not_picked":["ChewingGum","Astrolabe"],"picked":"Calling Bell"},{"not_picked":["Pandora\u0027s Box","Electric Blood"],"picked":"Tiny House"}],"items_purged_floors":[45],"is_endless":false,"potions_floor_spawned":[1,2,5,16,19,22,24,27,33,35,46,48],"ascension_level":0}}