{"host":"llpusn9usp8rznkj","time":1608354348,"event":{"mods":["2.2 Compatiblity","BaseMod","Colored Map","Colored Powertips","Conspire","Downfall","Hubris","Minty Spire (QoL Compilation)","Rare Cards Sparkle","Replay The Spire","StSLib","The Cursed"],"gold_per_floor":[109,109,109,34,34,34,66,78,155,155,172,192,192,222,222,222,222],"floor_reached":16,"playtime":441,"items_purged":[],"score":266,"play_id":"3ca2033b-af6d-4388-9bf9-4c6293eacabb","local_time":"20201219000548","is_ascension_mode":true,"campfire_choices":[{"floor":6,"key":"RECALL"},{"data":"Uppercut","floor":10,"key":"SMITH"},{"data":"Whirlwind","floor":15,"key":"SMITH"}],"circlet_count":0,"master_deck":["AscendersBane","Strike_R","Strike_R","Strike_R","Defend_R","Defend_R","Defend_R","Defend_R","Bash+1","Warcry+1","True Grit+1","Whirlwind+1","Uppercut+1","Pommel Strike","Feed+1"],"relics":["Burning Blood","NeowsBlessing","Golden Egg","Self Forming Clay","Replay:Bottled Steam","ReplayFunnel"],"acts_visited":["Exordium"],"potions_floor_usage":[11,14],"damage_taken":[{"damage":0.0,"enemies":"Jaw Worm","floor":1.0,"turns":1.0},{"damage":0,"enemies":"Gremlin Nob","floor":7,"turns":1},{"damage":0,"enemies":"2 Louse","floor":8,"turns":1},{"damage":0,"enemies":"Small Slimes","floor":11,"turns":2},{"damage":11,"enemies":"Exordium Thugs","floor":12,"turns":4},{"damage":22,"enemies":"Lagavulin","floor":14,"turns":5},{"damage":57,"enemies":"The Guardian","floor":16,"turns":15}],"seed_played":"-5156697510616072689","potions_obtained":[{"floor":7,"key":"LifebloodPotion"},{"floor":12,"key":"AttackPotion"}],"is_trial":false,"path_per_floor":["M","?","?","?","?","R","E","M","T","R","M","M","?","E","R","B"],"character_chosen":"IRONCLAD","items_purchased":[],"campfire_rested":0,"item_purchase_floors":[],"current_hp_per_floor":[74,74,74,74,74,74,75,75,75,75,75,70,65,53,53,0,0],"gold":222,"neow_bonus":"THREE_ENEMY_KILL","is_daily":false,"chose_seed":false,"campfire_upgraded":2,"win_rate":0.0,"timestamp":1608354348,"path_taken":["M","?","?","?","?","R","E","M","T","R","M","?","?","E","R","BOSS"],"items_purchased_type":[],"build_version":"2020-12-13","purchased_purges":0,"victory":false,"max_hp_per_floor":[75,75,75,75,75,75,75,75,75,75,75,75,75,79,79,79,79],"card_choices":[{"not_picked":["Clash","Iron Wave"],"picked":"Warcry","floor":1.0},{"not_picked":["Havoc","Twin Strike"],"picked":"Whirlwind","floor":7},{"not_picked":["Armaments","Clothesline"],"picked":"Uppercut","floor":8},{"not_picked":["Sword Boomerang","Perfected Strike"],"picked":"Pommel Strike","floor":11},{"not_picked":["hubris:ReadiedAction","Shrug It Off"],"picked":"Feed","floor":12},{"not_picked":["conspire:Purge","Defy Death","ReplayTheSpireMod:Limb From Limb"],"picked":"SKIP","floor":14}],"player_experience":1089970,"relics_obtained":[{"floor":7,"key":"Golden Egg"},{"floor":9,"key":"Self Forming Clay"},{"floor":14,"key":"ReplayFunnel"}],"event_choices":[{"cards_removed":["Strike_R"],"damage_healed":0,"gold_gain":0,"player_choice":"Card Removal","damage_taken":0,"max_hp_gain":0,"max_hp_loss":0,"event_name":"The Cleric","floor":4,"gold_loss":75},{"damage_healed":0,"gold_gain":0,"player_choice":"Upgraded","damage_taken":0,"max_hp_gain":0,"max_hp_loss":0,"event_name":"Upgrade Shrine","floor":5,"gold_loss":0,"cards_upgraded":["Warcry"]},{"damage_healed":0,"gold_gain":0,"player_choice":"Success","damage_taken":5,"relics_obtained":["Replay:Bottled Steam"],"max_hp_gain":0,"max_hp_loss":0,"event_name":"Scrap Ooze","floor":13,"gold_loss":0}],"is_beta":false,"boss_relics":[],"items_purged_floors":[],"is_endless":false,"potions_floor_spawned":[7,12],"killed_by":"The Guardian","ascension_level":20}}