{"host":"4amcrcg6ktw8dbzk","time":1608390877,"event":{"mods":["ATMod(°¢èªMod)","BaseMod","Dota2Spire","Minty Spire (QoL Compilation)","MostiFishMod","Spicy Shops","StSLib","Waifu the Spire"],"gold_per_floor":[115,115,40,52,66,94,94,123,123,133,145,168,168,183,183,280,280,290,389,0,0,0,32,32,32,32,61,61,75,75,106,106,201,201,219,219,219,235,253,282,297,326,326,353,402,402,421,448,448,448,448,448,76,107,107],"floor_reached":56,"playtime":1758,"items_purged":["MostiFishMod:Neptune","Strike_P","Strike_P","Strike_P"],"score":2322,"play_id":"bbeeeb93-cbe3-4a35-88a5-fc3bdafdddc3","local_time":"20201219231437","is_ascension_mode":true,"campfire_choices":[{"data":"Adaptation","floor":7.0,"key":"SMITH"},{"data":"Tantrum","floor":13.0,"key":"SMITH"},{"data":"Fasting2","floor":15.0,"key":"SMITH"},{"data":"AT_MachinaRedman","floor":24,"key":"SMITH"},{"data":"Fasting2","floor":32,"key":"SMITH"},{"floor":49,"key":"RECALL"},{"data":"MostiFishMod:Adaptation","floor":52,"key":"SMITH"}],"circlet_count":0,"master_deck":["AscendersBane","Strike_P","Defend_P","Defend_P","Defend_P","Defend_P","Eruption","Vigilance","MostiFishMod:TheEndOfMoonlight","MostiFishMod:SparklingWater","MostiFishMod:FantasySummer","MostiFishMod:NightSea","AT_IrregularMenstruation","Tantrum+1","Crescendo","EmptyMind","Adaptation+1","AT_MachinaRedman+1","BowlingBash","Fasting2+1","Consecrate","Fasting2+1","Wallop+1","Tantrum","MostiFishMod:StarOceanP","ClearTheMind+1","FollowUp+1","InnerPeace","MostiFishMod:Adaptation+1","Panacea","MostiFishMod:Speedup","Wireheading+1"],"relics":["PureWater","DaveBox","AT_ATBox","MoonlightInvasionPlan","Question Card","Dota2Spire:ShadowBlade","Dota2Spire:Desolator","Dream Catcher","ImportantClient","ExusiaiGun","OrangePellets","Orichalcum","PreservedInsect","AT_Manta","Bronze Scales","Dota2Spire:RefresherOrb","AT_SunfireAegis","Mummified Hand","Dota2Spire:BlackKingBar","White Beast Statue","Dead Branch","Strawberry","Happy Flower","Sundial"],"acts_visited":["Exordium","TheCity","TheBeyond","TheEnding"],"potions_floor_usage":[],"damage_taken":[{"damage":5.0,"enemies":"Small Slimes","floor":1.0,"turns":2.0},{"damage":0.0,"enemies":"Cultist","floor":4.0,"turns":2.0},{"damage":0.0,"enemies":"Jaw Worm","floor":5.0,"turns":3.0},{"damage":0.0,"enemies":"Gremlin Nob","floor":6.0,"turns":2.0},{"damage":0.0,"enemies":"3 Sentries","floor":8.0,"turns":3.0},{"damage":0.0,"enemies":"3 Louse","floor":10.0,"turns":2.0},{"damage":0.0,"enemies":"Exordium Wildlife","floor":11.0,"turns":1.0},{"damage":0.0,"enemies":"Large Slime","floor":14.0,"turns":2.0},{"damage":0.0,"enemies":"Slime Boss","floor":16.0,"turns":3.0},{"damage":3.0,"enemies":"3 Byrds","floor":18.0,"turns":2.0},{"damage":0,"enemies":"Slavers","floor":23,"turns":1},{"damage":1,"enemies":"Book of Stabbing","floor":27,"turns":2},{"damage":0,"enemies":"2 Thieves","floor":29,"turns":1},{"damage":8,"enemies":"Slavers","floor":31,"turns":2},{"damage":6,"enemies":"Champ","floor":33,"turns":2},{"damage":0,"enemies":"3 Shapes","floor":35,"turns":3},{"damage":0,"enemies":"3 Darklings","floor":38,"turns":2},{"damage":0,"enemies":"Writhing Mass","floor":39,"turns":1},{"damage":0,"enemies":"Nemesis","floor":40,"turns":1},{"damage":0,"enemies":"Spire Growth","floor":41,"turns":1},{"damage":0,"enemies":"Reptomancer","floor":42,"turns":1},{"damage":0,"enemies":"Nemesis","floor":44,"turns":1},{"damage":0,"enemies":"2 Orb Walkers","floor":45,"turns":1},{"damage":0,"enemies":"Transient","floor":47,"turns":4},{"damage":0,"enemies":"Giant Head","floor":48,"turns":1},{"damage":11,"enemies":"Awakened One","floor":50,"turns":3},{"damage":4,"enemies":"Shield and Spear","floor":54,"turns":3},{"damage":21,"enemies":"The Heart","floor":55,"turns":3}],"seed_played":"227418618357163349","potions_obtained":[{"floor":1.0,"key":"Weak Potion"},{"floor":8.0,"key":"LiquidMemories"},{"floor":11.0,"key":"Block Potion"},{"floor":14.0,"key":"SteroidPotion"},{"floor":29,"key":"DuplicationPotion"}],"is_trial":false,"path_per_floor":["M","?","$","M","M","E","R","E","T","M","M","T","R","M","R","B",null,"M","?","$","?","$","E","R","$","T","E","?","M","?","E","R","B",null,"M","?","?","M","M","E","M","E","T","E","?","?","M","E","R","B",null,"R","$","E","B",null],"character_chosen":"WATCHER","items_purchased":["OrangePellets","Fasting2","Happy Flower"],"campfire_rested":0,"item_purchase_floors":[20,20,53],"current_hp_per_floor":[67,67,67,67,67,67,67,67,67,67,67,67,67,67,67,67,76,73,73,73,73,73,73,73,73,73,72,57,57,57,49,49,43,74,74,74,74,74,74,74,74,74,74,74,74,74,74,81,81,70,86,86,86,87,66],"gold":107,"neow_bonus":"TEN_PERCENT_HP_BONUS","is_daily":false,"chose_seed":false,"campfire_upgraded":6,"win_rate":0.0,"timestamp":1608390877,"path_taken":["M","?","$","M","M","E","R","E","T","M","?","?","R","M","R","BOSS","M","?","$","?","?","E","R","$","T","E","?","?","?","E","R","BOSS","M","?","?","M","M","E","?","E","T","E","?","?","M","E","R","BOSS","R","$","E","BOSS"],"items_purchased_type":["Relic","Card","Relic"],"build_version":"2020-12-13","purchased_purges":4,"victory":true,"max_hp_per_floor":[79,79,79,79,79,79,79,79,79,79,79,79,79,79,79,79,79,79,79,79,79,79,79,79,79,79,79,84,84,84,84,84,84,84,84,84,84,84,84,84,84,84,84,84,84,84,84,91,91,91,91,91,91,91,91],"card_choices":[{"not_picked":["BattleHymn","EmptyFist"],"picked":"Tantrum","floor":1.0},{"not_picked":["LikeWater","JustLucky","ThirdEye"],"picked":"Crescendo","floor":4.0},{"not_picked":["CutThroughFate","ClearTheMind","BowlingBash"],"picked":"EmptyMind","floor":5.0},{"not_picked":["CutThroughFate","SignatureMove","AT_OneInchPunch"],"picked":"Adaptation","floor":6.0},{"not_picked":["FlyingSleeves","SashWhip","CarveReality","Halt"],"picked":"SKIP","floor":8.0},{"not_picked":["FollowUp","Wireheading","FlurryOfBlows"],"picked":"AT_MachinaRedman","floor":10.0},{"not_picked":["SashWhip","AT_RealFormLess","SignatureMove"],"picked":"BowlingBash","floor":11.0},{"not_picked":["Evaluate","JustLucky","Pray"],"picked":"Fasting2","floor":14.0},{"not_picked":["MostiFishMod:OutWit","MostiFishMod:Minus","ConjureBlade"],"picked":"MostiFishMod:PathToVictory","floor":16.0},{"not_picked":["WreathOfFlame","Sanctity","SashWhip"],"picked":"Consecrate","floor":18.0},{"not_picked":["AT_OneInchPunch","EmptyFist","ThirdEye","FearNoEvil"],"picked":"SKIP","floor":23},{"not_picked":["JustLucky","BattleHymn","DeceiveReality"],"picked":"Wallop+1","floor":27},{"not_picked":["FlyingSleeves+1","CutThroughFate","Crescendo","CrushJoints"],"picked":"SKIP","floor":29},{"not_picked":["Crescendo","FlurryOfBlows+1","ThirdEye"],"picked":"Tantrum","floor":31},{"not_picked":["MostiFishMod:StarHerder","Scrawl","Devotion"],"picked":"MostiFishMod:StarOceanP","floor":33},{"not_picked":["Consecrate+1","FlurryOfBlows+1","Vengeance+1","ThirdEye"],"picked":"SKIP","floor":35},{"not_picked":["Conclude+1","Consecrate","EmptyBody+1"],"picked":"ClearTheMind+1","floor":38},{"not_picked":["Consecrate+1","FlurryOfBlows","ReachHeaven+1","MostiFishMod:Pointsdynamics"],"picked":"SKIP","floor":39},{"not_picked":["Meditate","EmptyBody","MostiFishMod:Pointsdynamics","CutThroughFate+1"],"picked":"SKIP","floor":40},{"not_picked":["FlyingSleeves+1","EmptyFist+1","JustLucky","AT_RealFormLess"],"picked":"SKIP","floor":41},{"not_picked":["Halt","FlyingSleeves+1","Weave+1"],"picked":"FollowUp+1","floor":42},{"not_picked":["EmptyFist","Conclude+1","BattleHymn+1"],"picked":"InnerPeace","floor":44},{"not_picked":["Conclude+1","CrushJoints+1","Vengeance+1"],"picked":"MostiFishMod:Adaptation","floor":45},{"not_picked":["Dark Shackles","Mind Blast","MostiFishMod:ElfcollectionBox"],"picked":"Panacea","floor":46},{"not_picked":["Crescendo","PathToVictory","Conclude+1"],"picked":"MostiFishMod:Speedup","floor":47},{"not_picked":["CrushJoints","FlyingSleeves","Weave","EmptyFist+1"],"picked":"SKIP","floor":48},{"not_picked":["ClearTheMind+1","JustLucky+1","AT_MachinaRedman"],"picked":"Wireheading+1","floor":54}],"player_experience":285228,"relics_obtained":[{"floor":1.0,"key":"Question Card"},{"floor":6.0,"key":"Dota2Spire:ShadowBlade"},{"floor":8.0,"key":"Dota2Spire:Desolator"},{"floor":12.0,"key":"Dream Catcher"},{"floor":16.0,"key":"ImportantClient"},{"floor":23,"key":"Orichalcum"},{"floor":26,"key":"PreservedInsect"},{"floor":27,"key":"AT_Manta"},{"floor":31,"key":"Bronze Scales"},{"floor":40,"key":"AT_SunfireAegis"},{"floor":42,"key":"Mummified Hand"},{"floor":43,"key":"Dota2Spire:BlackKingBar"},{"floor":44,"key":"White Beast Statue"},{"floor":45,"key":"Dead Branch"},{"floor":48,"key":"Strawberry"},{"floor":54,"key":"Sundial"}],"event_choices":[{"damage_healed":0.0,"max_hp_gain":0.0,"max_hp_loss":0.0,"gold_gain":0.0,"event_name":"The Woman in Blue","player_choice":"Bought 0 Potions","floor":2.0,"gold_loss":0.0,"damage_taken":0.0},{"damage_healed":0.0,"max_hp_gain":0.0,"max_hp_loss":0.0,"gold_gain":99.0,"event_name":"Nest","player_choice":"Stole From Cult","floor":19.0,"gold_loss":0.0,"damage_taken":0.0},{"damage_healed":0,"gold_gain":0,"player_choice":"Shed Blood","damage_taken":20,"max_hp_gain":5,"max_hp_loss":0,"event_name":"Forgotten Altar","floor":28,"gold_loss":0},{"damage_healed":0,"gold_gain":0,"player_choice":"Ignored","damage_taken":0,"max_hp_gain":0,"max_hp_loss":0,"event_name":"Cursed Tome","floor":30,"gold_loss":0},{"cards_removed":["MostiFishMod:PathToVictory"],"damage_healed":0,"gold_gain":0,"player_choice":"Removed Skill","damage_taken":0,"max_hp_gain":0,"max_hp_loss":0,"event_name":"Falling","floor":36,"gold_loss":0},{"damage_healed":0,"gold_gain":0,"player_choice":"Ignored","damage_taken":0,"max_hp_gain":0,"max_hp_loss":0,"event_name":"SecretPortal","floor":37,"gold_loss":0},{"damage_healed":0,"gold_gain":0,"player_choice":"Fight","damage_taken":0,"max_hp_gain":0,"max_hp_loss":0,"event_name":"Mysterious Sphere","floor":45,"gold_loss":0},{"damage_healed":0,"gold_gain":0,"player_choice":"Memory 1","damage_taken":0,"max_hp_gain":0,"max_hp_loss":0,"event_name":"SensoryStone","floor":46,"gold_loss":0}],"is_beta":false,"boss_relics":[{"not_picked":["TakeMeEscape","BirthdayGift-Tetrahedron"],"picked":"ExusiaiGun"},{"not_picked":["Snecko Eye","FixedStarFall"],"picked":"Dota2Spire:RefresherOrb"}],"items_purged_floors":[3,20,53,53],"is_endless":false,"potions_floor_spawned":[1,8,11,14,29,31,33,39,41,42,45,47,48,54],"ascension_level":10}}