{"host":"2qv44oxt58ptq59r","time":1608391368,"event":{"mods":["AchievementEnabler","BaseMod","Colored Powertips","Highlight Path","Minty Spire (QoL Compilation)","Permanent Neow","StSLib"],"gold_per_floor":[118,38,113,127,77,108,20,48,117,151,2,2,2,13,13,118,118,130,45,59,75,95,95,20,20,20,38,38,38,70,81,81,81,81],"floor_reached":33,"playtime":6702,"items_purged":["Strike_R"],"score":283,"play_id":"afda5066-5251-4216-832c-d39e1f11af74","local_time":"20201219152248","is_ascension_mode":false,"campfire_choices":[{"floor":13.0,"key":"REST"},{"floor":15.0,"key":"REST"},{"floor":23,"key":"REST"},{"floor":25,"key":"REST"},{"data":"Uppercut","floor":29,"key":"SMITH"},{"floor":32,"key":"REST"}],"circlet_count":0,"master_deck":["Strike_R","Strike_R","Strike_R","Defend_R","Defend_R","Defend_R","Defend_R","Bash+1","Inflame","Whirlwind","Cleave","Metallicize","Rage","Heavy Blade","Uppercut+1","Heavy Blade","Demon Form","Headbutt+1","Thunderclap","Body Slam","Sword Boomerang+1","Seeing Red","Thunderclap+1"],"relics":["Burning Blood","Nunchaku","Orichalcum","Blue Candle","Self Forming Clay","Pear","Molten Egg 2","MutagenicStrength","The Courier"],"acts_visited":["Exordium","TheCity"],"potions_floor_usage":[27,27,27,33],"damage_taken":[{"damage":1.0,"enemies":"Cultist","floor":1.0,"turns":4.0},{"damage":0.0,"enemies":"Small Slimes","floor":4.0,"turns":2.0},{"damage":31.0,"enemies":"Lagavulin","floor":6.0,"turns":6.0},{"damage":21.0,"enemies":"3 Sentries","floor":8.0,"turns":8.0},{"damage":26.0,"enemies":"Lagavulin","floor":10.0,"turns":7.0},{"damage":0.0,"enemies":"2 Louse","floor":14.0,"turns":3.0},{"damage":35.0,"enemies":"Slime Boss","floor":16.0,"turns":11.0},{"damage":15.0,"enemies":"Shell Parasite","floor":18.0,"turns":8.0},{"damage":9,"enemies":"3 Byrds","floor":20,"turns":6},{"damage":23,"enemies":"Centurion and Healer","floor":21,"turns":6},{"damage":28,"enemies":"Cultist and Chosen","floor":22,"turns":7},{"damage":15,"enemies":"Snake Plant","floor":27,"turns":4},{"damage":29,"enemies":"Book of Stabbing","floor":30,"turns":5},{"damage":18,"enemies":"Snecko","floor":31,"turns":5},{"damage":80,"enemies":"Collector","floor":33,"turns":7}],"seed_played":"6571466798668303011","potions_obtained":[{"floor":1.0,"key":"PowerPotion"},{"floor":8.0,"key":"Fire Potion"},{"floor":22,"key":"SkillPotion"},{"floor":27,"key":"Swift Potion"},{"floor":30,"key":"SteroidPotion"}],"is_trial":false,"path_per_floor":["M","$","?","M","?","E","$","E","T","E","$","?","R","M","R","B",null,"M","?","M","M","M","R","$","R","T","M","?","R","E","M","R","B"],"character_chosen":"IRONCLAD","items_purchased":["Whirlwind","Rage","Heavy Blade","EntropicBrew","SpeedPotion"],"campfire_rested":5,"item_purchase_floors":[2,7,7,11,11],"current_hp_per_floor":[80,80,69,75,75,50,50,35,35,15,15,8,32,38,62,33,80,71,81,78,61,39,66,66,90,90,81,81,81,58,46,73,0,0],"gold":81,"neow_bonus":"UPGRADE_CARD","is_daily":false,"chose_seed":false,"campfire_upgraded":1,"win_rate":0.0,"timestamp":1608391368,"path_taken":["M","$","?","M","?","E","$","E","T","E","$","?","R","M","R","BOSS","M","?","M","M","M","R","$","R","T","M","?","R","E","M","R","BOSS"],"items_purchased_type":["Card","Card","Card","Potion","Potion"],"build_version":"2020-12-13","purchased_purges":1,"victory":false,"max_hp_per_floor":[80,80,80,80,80,80,80,80,80,80,80,80,80,80,80,80,80,80,90,90,90,90,90,90,90,90,90,90,90,90,90,90,90,90],"card_choices":[{"not_picked":["Thunderclap","Wild Strike"],"picked":"Inflame","floor":1.0},{"not_picked":["Flex","Anger"],"picked":"Cleave","floor":4.0},{"not_picked":["Havoc","Inflame"],"picked":"Metallicize","floor":6.0},{"not_picked":["Flame Barrier","Blood for Blood"],"picked":"Uppercut","floor":8.0},{"not_picked":["Iron Wave","Havoc","Rupture"],"picked":"SKIP","floor":10.0},{"not_picked":["Anger","Clash"],"picked":"Heavy Blade","floor":14.0},{"not_picked":["Barricade","Offering"],"picked":"Demon Form","floor":16.0},{"not_picked":["Warcry","Body Slam"],"picked":"Headbutt+1","floor":18.0},{"not_picked":["Havoc+1","Fiend Fire","Clash"],"picked":"SKIP","floor":20},{"not_picked":["True Grit+1","Sentinel"],"picked":"Thunderclap","floor":21},{"not_picked":["Clash","Feel No Pain"],"picked":"Body Slam","floor":22},{"not_picked":["Twin Strike+1","Armaments"],"picked":"Sword Boomerang+1","floor":27},{"not_picked":["Rupture+1","Intimidate"],"picked":"Seeing Red","floor":30},{"not_picked":["Cleave+1","Berserk"],"picked":"Thunderclap+1","floor":31}],"player_experience":4944542,"relics_obtained":[{"floor":6.0,"key":"Nunchaku"},{"floor":8.0,"key":"Orichalcum"},{"floor":10.0,"key":"Blue Candle"},{"floor":26,"key":"Molten Egg 2"},{"floor":30,"key":"The Courier"}],"event_choices":[{"damage_healed":0.0,"max_hp_gain":0.0,"max_hp_loss":0.0,"gold_gain":75.0,"event_name":"World of Goop","player_choice":"Gather Gold","floor":3.0,"gold_loss":0.0,"damage_taken":11.0},{"cards_removed":["Strike_R"],"damage_healed":0.0,"max_hp_gain":0.0,"max_hp_loss":0.0,"gold_gain":0.0,"event_name":"The Cleric","player_choice":"Card Removal","floor":5.0,"gold_loss":50.0,"damage_taken":0.0},{"damage_healed":0.0,"max_hp_gain":0.0,"max_hp_loss":0.0,"gold_gain":0.0,"event_name":"Scrap Ooze","player_choice":"Success","floor":12.0,"gold_loss":0.0,"damage_taken":7.0,"relics_obtained":["Self Forming Clay"]},{"damage_healed":0.0,"max_hp_gain":0.0,"max_hp_loss":0.0,"gold_gain":0.0,"event_name":"Addict","player_choice":"Obtained Relic","floor":19.0,"gold_loss":85.0,"damage_taken":0.0,"relics_obtained":["Pear"]},{"damage_healed":0,"gold_gain":0,"player_choice":"Inject Mutagens","damage_taken":0,"relics_obtained":["MutagenicStrength"],"max_hp_gain":0,"max_hp_loss":0,"event_name":"Drug Dealer","floor":28,"gold_loss":0}],"is_beta":false,"boss_relics":[{"not_picked":["Philosopher\u0027s Stone","Snecko Eye","Sozu"]}],"items_purged_floors":[24],"is_endless":false,"potions_floor_spawned":[1,8,22,27,30],"killed_by":"Collector","ascension_level":0}}