{"host":"o0q01dgb4z8zpo6o","time":1608345614,"event":{"mods":["BaseMod","GifTheSpireLib","Minty Spire (QoL Compilation)","Relic Stats","StSLib"],"gold_per_floor":[112,194,211,224,237,237,270,290,342,342,362,388,406,423,423,496,496,507,55,0,0],"floor_reached":20,"playtime":927,"items_purged":["Strike_B"],"score":329,"play_id":"9588d96e-7a45-4da2-b2fd-2a838422022f","local_time":"20201218184014","is_ascension_mode":true,"campfire_choices":[{"data":"Fusion","floor":6,"key":"SMITH"},{"floor":10,"key":"REST"},{"floor":15,"key":"REST"}],"circlet_count":0,"master_deck":["AscendersBane","Strike_B","Strike_B","Strike_B","Defend_B","Defend_B","Defend_B","Defend_B","Zap","Dualcast","Doom and Gloom","Leap","Fusion+1","Tempest","Thunder Strike","Glacier","BootSequence","Electrodynamics","Defragment","Capacitor","Recycle","Ball Lightning","Aggregate","Seek"],"relics":["Cracked Core","NeowsBlessing","Question Card","Unceasing Top","Toy Ornithopter","Blue Candle","Runic Pyramid","PreservedInsect","Orrery"],"acts_visited":["Exordium","TheCity"],"potions_floor_usage":[7,7,12,13,16,18],"damage_taken":[{"damage":0,"enemies":"Cultist","floor":1,"turns":1},{"damage":0,"enemies":"2 Louse","floor":3,"turns":1},{"damage":0,"enemies":"Small Slimes","floor":4,"turns":1},{"damage":10,"enemies":"Gremlin Gang","floor":5,"turns":3},{"damage":31,"enemies":"3 Sentries","floor":7,"turns":6},{"damage":7,"enemies":"Blue Slaver","floor":8,"turns":4},{"damage":6,"enemies":"Looter","floor":11,"turns":3},{"damage":14,"enemies":"Gremlin Nob","floor":12,"turns":4},{"damage":0,"enemies":"Exordium Wildlife","floor":13,"turns":3},{"damage":5,"enemies":"Blue Slaver","floor":14,"turns":4},{"damage":26,"enemies":"Hexaghost","floor":16,"turns":13},{"damage":43,"enemies":"3 Byrds","floor":18,"turns":5},{"damage":25,"enemies":"2 Thieves","floor":20,"turns":2}],"seed_played":"-3003019551189619030","potions_obtained":[{"floor":4,"key":"EntropicBrew"},{"floor":7,"key":"SpeedPotion"},{"floor":8,"key":"Block Potion"},{"floor":12,"key":"Fire Potion"},{"floor":13,"key":"DistilledChaos"}],"is_trial":false,"path_per_floor":["M","T","M","M","M","R","E","M","T","R","M","E","M","M","R","B",null,"M","$","M"],"character_chosen":"DEFECT","items_purchased":["Defragment","PreservedInsect","Orrery"],"campfire_rested":2,"item_purchase_floors":[19,19,19],"current_hp_per_floor":[64,64,64,64,54,54,23,16,16,37,31,22,27,22,43,22,59,21,21,0,0],"gold":0,"neow_bonus":"THREE_ENEMY_KILL","is_daily":false,"chose_seed":false,"campfire_upgraded":1,"win_rate":0.0,"timestamp":1608345614,"path_taken":["M","?","M","M","M","R","E","M","T","R","M","E","M","?","R","BOSS","M","$","M"],"items_purchased_type":["Card","Relic","Relic"],"build_version":"2020-12-13","purchased_purges":1,"victory":false,"max_hp_per_floor":[71,71,71,71,71,71,71,71,71,71,71,71,71,71,71,71,71,71,71,71,71],"relic_stats":{"counters":[13,50],"Blue Candle":[1],"PreservedInsect":0,"Question Card":16,"obtain_stats":[{"NeowsBlessing":0,"Blue Candle":12,"Orrery":19,"PreservedInsect":19,"Cracked Core":0,"Question Card":2,"Unceasing Top":7,"Toy Ornithopter":9,"Runic Pyramid":17},{"NeowsBlessing":0,"Blue Candle":8,"Orrery":12,"PreservedInsect":12,"Cracked Core":0,"Question Card":1,"Unceasing Top":5,"Toy Ornithopter":6,"Runic Pyramid":11},{"NeowsBlessing":0,"Blue Candle":23,"Orrery":48,"PreservedInsect":48,"Cracked Core":0,"Question Card":1,"Unceasing Top":12,"Toy Ornithopter":16,"Runic Pyramid":43}],"Unceasing Top":[1],"Toy Ornithopter":20},"card_choices":[{"not_picked":["Redo","Scrape"],"picked":"Doom and Gloom","floor":1},{"not_picked":["Reprogram","Streamline","Compile Driver"],"picked":"Leap","floor":3},{"not_picked":["Gash","Barrage","Force Field"],"picked":"Fusion","floor":4},{"not_picked":["Stack","Rip and Tear","Redo","Undo"],"picked":"SKIP","floor":5},{"not_picked":["Force Field","Rebound","Gash"],"picked":"Tempest","floor":7},{"not_picked":["Leap","Stack","Conserve Battery"],"picked":"Thunder Strike","floor":8},{"not_picked":["Rip and Tear","Go for the Eyes","Rebound"],"picked":"Glacier","floor":11},{"not_picked":["Lockon","Cold Snap","Recycle","Chill"],"picked":"SKIP","floor":12},{"not_picked":["BootSequence","Consume","Steam","Sweeping Beam"],"picked":"SKIP","floor":13},{"not_picked":["Force Field","Heatsinks","Stack"],"picked":"BootSequence","floor":14},{"not_picked":["All For One","Seek","Amplify"],"picked":"Electrodynamics","floor":16},{"not_picked":["Streamline+1","Redo","Turbo","Darkness"],"picked":"SKIP","floor":18},{"not_picked":["Hyperbeam","Loop","Chaos"],"picked":"Capacitor","floor":19},{"not_picked":["Streamline","Rebound","Ball Lightning"],"picked":"Recycle","floor":19},{"not_picked":["Leap","Sunder","Hologram"],"picked":"Ball Lightning","floor":19},{"not_picked":["Beam Cell","BootSequence","Hello World"],"picked":"Aggregate","floor":19},{"not_picked":["Barrage","Coolheaded","Hologram"],"picked":"Seek","floor":19}],"player_experience":1013536,"relics_obtained":[{"floor":2,"key":"Question Card"},{"floor":7,"key":"Unceasing Top"},{"floor":9,"key":"Toy Ornithopter"},{"floor":12,"key":"Blue Candle"}],"event_choices":[],"is_beta":false,"boss_relics":[{"not_picked":["SacredBark","Fusion Hammer"],"picked":"Runic Pyramid"}],"items_purged_floors":[19],"is_endless":false,"potions_floor_spawned":[4,7,8,11,12,13],"killed_by":"2 Thieves","ascension_level":15}}