{"host":"4amcrcg6ktw8dbzk","time":1608357305,"event":{"mods":["ATMod(°¢èªMod)","BaseMod","Dota2Spire","Minty Spire (QoL Compilation)","MostiFishMod","Spicy Shops","StSLib","Waifu the Spire"],"gold_per_floor":[119,119,135,147,107,107,107,107],"floor_reached":7,"playtime":357,"items_purged":[],"score":82,"play_id":"7b183e46-16e0-45ef-ba12-985ed35c849a","local_time":"20201219135505","is_ascension_mode":true,"campfire_choices":[{"data":"Body Slam","floor":6,"key":"SMITH"}],"circlet_count":0,"master_deck":["AscendersBane","Strike_R","Strike_R","Strike_R","Strike_R","Defend_R","Defend_R","Defend_R","Defend_R","Bash","AT_CaressingTears","MostiFishMod:Mania","Reckless Charge","Burning Pact","Shrug It Off","Body Slam+1"],"relics":["Burning Blood","DaveBox","AT_ATBox","DianDianMeat","Question Card"],"acts_visited":["Exordium"],"potions_floor_usage":[],"damage_taken":[{"damage":10,"enemies":"Small Slimes","floor":1,"turns":4},{"damage":19,"enemies":"Jaw Worm","floor":3,"turns":5},{"damage":12,"enemies":"Cultist","floor":4,"turns":4},{"damage":7,"enemies":"Looter","floor":5,"turns":4},{"damage":61,"enemies":"Lagavulin","floor":7,"turns":8}],"seed_played":"-5155791242309338308","potions_obtained":[{"floor":1,"key":"Dota2Spire:Clarity"}],"is_trial":false,"path_per_floor":["M","?","M","M","M","R","E"],"character_chosen":"IRONCLAD","items_purchased":[],"campfire_rested":0,"item_purchase_floors":[],"current_hp_per_floor":[67,60,51,49,53,53,0,0],"gold":107,"neow_bonus":"ONE_RANDOM_RARE_CARD","is_daily":false,"chose_seed":false,"campfire_upgraded":1,"win_rate":0.0,"timestamp":1608357305,"path_taken":["M","?","M","M","M","R","E"],"items_purchased_type":[],"build_version":"2020-12-13","purchased_purges":0,"victory":false,"max_hp_per_floor":[78,78,81,85,90,90,90,90],"card_choices":[{"not_picked":["Havoc","Sword Boomerang"],"picked":"Reckless Charge","floor":1},{"not_picked":["True Grit","Headbutt","Clothesline"],"picked":"Burning Pact","floor":3},{"not_picked":["Iron Wave","AT_GerminateFire","True Grit"],"picked":"Shrug It Off","floor":4},{"not_picked":["Anger","MostiFishMod:404NotFound","Whirlwind"],"picked":"Body Slam","floor":5}],"player_experience":275302,"relics_obtained":[{"floor":1,"key":"Question Card"}],"event_choices":[{"cards_removed":["Strike_R"],"damage_healed":0,"gold_gain":0,"player_choice":"Card Removal","damage_taken":7,"max_hp_gain":0,"max_hp_loss":0,"event_name":"Golden Wing","floor":2,"gold_loss":0}],"is_beta":false,"boss_relics":[],"items_purged_floors":[],"is_endless":false,"potions_floor_spawned":[1],"killed_by":"Lagavulin","ascension_level":20}}