{"host":"bux1pdxjwq4dkad9","time":1608367795,"event":{"mods":["ATMod(阿瑾Mod)","BaseMod","Colored Map","Minty Spire (QoL Compilation)","MostiFishMod","Quick Restart","Robot Space Explorer","StSLib","SuperFastMode","TestMod","【遗物Mod】简单游戏"],"gold_per_floor":[114,114,129,50,50,75,75,102,102,115,130,163,176,211,211,290,290,300,300,319,38,57,90,90,124,170,187,216,216,616,650,650,727,727,746,760,760,772,772,806,817,854,863,903,340,340,380,397,397,397,397,397,397,67,94,94],"floor_reached":57,"playtime":1539,"items_purged":["Strike_R","Shame","Strike_R+1"],"score":4231,"play_id":"e4df7275-cbf7-49e5-8510-97fd7d8ff6b7","local_time":"20201219164955","is_ascension_mode":true,"campfire_choices":[{"data":"Burning Pact","floor":7.0,"key":"SMITH"},{"data":"MostiFishMod:NeverNightCountry","floor":15.0,"key":"SMITH"},{"floor":24.0,"key":"RECALL"},{"floor":29,"key":"REST"},{"floor":32,"key":"REST"},{"data":"Dark Embrace","floor":46,"key":"SMITH"},{"floor":49,"key":"REST"},{"floor":53,"key":"REST"}],"circlet_count":0,"master_deck":["AscendersBane","Strike_R+1","Strike_R+1","Strike_R+1","Defend_R+1","Defend_R+1","Defend_R+1","Defend_R+1","Bash+1","AT_WindFlip+1","Flame Barrier+1","Burning Pact+1","AT_ShrugMaster+1","AT_BodySlamDance+1","Shockwave+1","Shrug It Off+1","Entrench+1","MostiFishMod:#F4004+1","testmod-Arrangement+1","Pommel Strike+1","Impervious+1","Dark Embrace+1","Juggernaut+1"],"relics":["Burning Blood","AT_ATBox","testmod-TestBox","EasyMod:Easy_2","testmod-BlackFramedGlasses","DSteel32","AT_SeraphEmbrace","Question Card","Meat on the Bone","Bottled Lightning","StrikeDummy","Pantograph","ImportantClient","testmod-EnergyCheck","Shuriken","AT_BellowingDragoncrestRing","War Paint","testmod-LifeArmor","Akabeko","BionicSphere","Cursed Key","Gremlin Horn","CeramicFish","Blue Candle","Blood Vial","testmod-Justice","AT_BellDemon","Paper Frog","testmod-IndustrialRevolution","Sundial","Bottled Flame"],"acts_visited":["Exordium","TheCity","TheBeyond","TheEnding"],"potions_floor_usage":[45,56],"damage_taken":[{"damage":2.0,"enemies":"Jaw Worm","floor":1.0,"turns":6.0},{"damage":1.0,"enemies":"Cultist","floor":3.0,"turns":7.0},{"damage":0.0,"enemies":"Lagavulin","floor":6.0,"turns":5.0},{"damage":0.0,"enemies":"3 Sentries","floor":8.0,"turns":7.0},{"damage":14.0,"enemies":"2 Louse","floor":10.0,"turns":4.0},{"damage":0.0,"enemies":"Exordium Wildlife","floor":11.0,"turns":4.0},{"damage":0.0,"enemies":"Lagavulin","floor":12.0,"turns":4.0},{"damage":0.0,"enemies":"Blue Slaver","floor":13.0,"turns":5.0},{"damage":0.0,"enemies":"3 Sentries","floor":14.0,"turns":4.0},{"damage":0.0,"enemies":"Slime Boss","floor":16.0,"turns":6.0},{"damage":0.0,"enemies":"Spheric Guardian","floor":18.0,"turns":3.0},{"damage":0.0,"enemies":"2 Thieves","floor":20.0,"turns":3.0},{"damage":0.0,"enemies":"Cultist and Chosen","floor":22.0,"turns":2.0},{"damage":0.0,"enemies":"Slavers","floor":23.0,"turns":3.0},{"damage":0.0,"enemies":"Book of Stabbing","floor":25.0,"turns":3.0},{"damage":0,"enemies":"Centurion and Healer","floor":27,"turns":3},{"damage":0,"enemies":"Slavers","floor":28,"turns":1},{"damage":0,"enemies":"Gremlin Leader","floor":31,"turns":2},{"damage":0,"enemies":"Automaton","floor":33,"turns":2},{"damage":0,"enemies":"3 Darklings","floor":35,"turns":2},{"damage":0,"enemies":"Orb Walker","floor":36,"turns":2},{"damage":0,"enemies":"3 Darklings","floor":38,"turns":2},{"damage":0,"enemies":"Reptomancer","floor":40,"turns":1},{"damage":0,"enemies":"4 Shapes","floor":41,"turns":1},{"damage":0,"enemies":"Giant Head","floor":42,"turns":3},{"damage":0,"enemies":"Reptomancer","floor":44,"turns":2},{"damage":0,"enemies":"Nemesis","floor":47,"turns":5},{"damage":0,"enemies":"Jaw Worm Horde","floor":48,"turns":2},{"damage":0,"enemies":"Time Eater","floor":50,"turns":1},{"damage":0,"enemies":"Donu and Deca","floor":51,"turns":4},{"damage":0,"enemies":"Shield and Spear","floor":55,"turns":2},{"damage":0,"enemies":"The Heart","floor":56,"turns":6}],"seed_played":"-5916518625273448894","potions_obtained":[{"floor":1.0,"key":"Fire Potion"},{"floor":3.0,"key":"Block Potion"},{"floor":47,"key":"Fire Potion"}],"is_trial":false,"path_per_floor":["M","?","M","$","?","E","R","E","T","M","M","E","M","E","R","B",null,"M","?","M","$","M","E","R","E","T","M","E","R","?","E","R","B",null,"M","M","?","M","?","E","M","E","T","E","$","R","E","M","R","B","B",null,"R","$","E","B",null],"character_chosen":"IRONCLAD","items_purchased":["AT_ShrugMaster","Shuriken","testmod-Justice","testmod-SpacePotion","DistilledChaos","AT_BellDemon","Sundial"],"campfire_rested":4,"item_purchase_floors":[4,21,45,45,45,45,54],"current_hp_per_floor":[75,64,75,75,75,75,75,75,75,69,75,75,75,75,75,140,140,140,140,140,140,140,140,140,140,140,140,140,140,140,140,140,140,140,140,140,133,133,123,130,133,133,133,133,133,133,133,133,133,133,133,133,133,133,133,229],"gold":94,"neow_bonus":"RANDOM_COMMON_RELIC","is_daily":false,"chose_seed":false,"campfire_upgraded":3,"win_rate":0.0,"timestamp":1608367795,"path_taken":["M","?","M","?","?","E","R","E","T","M","?","E","M","E","R","BOSS","M","?","M","$","M","E","R","E","T","M","E","R","?","E","R","BOSS","M","M","?","M","?","E","M","E","T","E","$","R","E","M","R","BOSS","BOSS","R","$","E","BOSS"],"items_purchased_type":["Card","Relic","Relic","Potion","Potion","Relic","Relic"],"build_version":"2020-12-13","purchased_purges":3,"victory":true,"max_hp_per_floor":[75,75,75,75,75,75,75,75,75,75,75,75,75,75,75,140,140,140,140,140,140,140,140,140,140,140,140,140,140,140,140,140,140,140,140,140,133,133,133,133,133,133,133,133,133,133,133,133,133,133,133,133,133,133,133,229],"card_choices":[{"not_picked":["Bloodletting","Cleave"],"picked":"Flame Barrier","floor":1.0},{"not_picked":["AT_IchimonjiDouble","Headbutt","Shockwave"],"picked":"Burning Pact","floor":3.0},{"not_picked":["Havoc","MostiFishMod:WingOfPhoenix","Pommel Strike","Clothesline"],"picked":"SKIP","floor":6.0},{"not_picked":["Whirlwind","Thunderclap","Burning Pact"],"picked":"AT_BodySlamDance","floor":8.0},{"not_picked":["Perfected Strike","Clash","Wild Strike","Uppercut"],"picked":"SKIP","floor":10.0},{"not_picked":["Headbutt","Ghostly Armor","Perfected Strike"],"picked":"Shockwave","floor":11.0},{"not_picked":["Combust","Fire Breathing","Pommel Strike","Bludgeon"],"picked":"SKIP","floor":12.0},{"not_picked":["Armaments","Twin Strike","Headbutt"],"picked":"Shrug It Off","floor":13.0},{"not_picked":["Disarm","MostiFishMod:DarkDeal","Immolate"],"picked":"MostiFishMod:NeverNightCountry","floor":14.0},{"not_picked":["Berserk","MostiFishMod:UniRed","MostiFishMod:CullingBlade"],"picked":"MostiFishMod:NeverNightCountry","floor":16.0},{"not_picked":["Sword Boomerang","Battle Trance","Clothesline","Warcry"],"picked":"SKIP","floor":18.0},{"not_picked":["Clash","Battle Trance+1","Anger","Warcry"],"picked":"SKIP","floor":20.0},{"not_picked":["Clothesline+1","Iron Wave","Sever Soul","AT_GerminateFire"],"picked":"SKIP","floor":22.0},{"not_picked":["Combust","Flex","Wild Strike","Headbutt"],"picked":"SKIP","floor":23.0},{"not_picked":["Shockwave","MostiFishMod:CullingBlade","Perfected Strike"],"picked":"Entrench","floor":25},{"not_picked":["Ghostly Armor+1","Twin Strike","Shrug It Off+1","Warcry"],"picked":"SKIP","floor":27},{"not_picked":["Spot Weakness","Clash","Wild Strike","Rampage"],"picked":"SKIP","floor":28},{"not_picked":["Rampage","Cleave","Havoc","Sever Soul"],"picked":"SKIP","floor":31},{"not_picked":["MostiFishMod:Mania","Corruption","MostiFishMod:FlyOverUtopia"],"picked":"MostiFishMod:#F4004","floor":33},{"not_picked":["Uppercut","AT_IchimonjiDouble","Perfected Strike","Pummel"],"picked":"SKIP","floor":35},{"not_picked":["Carnage","Twin Strike","Flex","Thunderclap"],"picked":"SKIP","floor":36},{"not_picked":["Flame Barrier","Shockwave","Havoc","Dual Wield+1"],"picked":"SKIP","floor":38},{"not_picked":["AT_PowerWithin","Secret Weapon","testmod-Collector"],"picked":"testmod-Arrangement","floor":39},{"not_picked":["Battle Trance","Havoc","Corruption","Pommel Strike"],"picked":"SKIP","floor":40},{"not_picked":["Sword Boomerang+1","Twin Strike","Sever Soul"],"picked":"Pommel Strike","floor":41},{"not_picked":["Hemokinesis","Infernal Blade","Cleave"],"picked":"Impervious","floor":42},{"not_picked":["Disarm+1","Pummel+1","AT_CaressingTears+1"],"picked":"Dark Embrace","floor":44},{"not_picked":["Wild Strike","Perfected Strike+1","Double Tap"],"picked":"Juggernaut","floor":47},{"not_picked":["Iron Wave","Havoc+1","Clash","AT_IchimonjiDouble+1"],"picked":"SKIP","floor":48},{"not_picked":["Shockwave","Iron Wave","Reaper","Sword Boomerang"],"picked":"SKIP","floor":55}],"player_experience":2347858,"relics_obtained":[{"floor":1.0,"key":"Question Card"},{"floor":6.0,"key":"Meat on the Bone"},{"floor":8.0,"key":"Bottled Lightning"},{"floor":12.0,"key":"StrikeDummy"},{"floor":14.0,"key":"Pantograph"},{"floor":16.0,"key":"ImportantClient"},{"floor":23.0,"key":"AT_BellowingDragoncrestRing"},{"floor":25,"key":"War Paint"},{"floor":26,"key":"testmod-LifeArmor"},{"floor":28,"key":"Akabeko"},{"floor":31,"key":"BionicSphere"},{"floor":40,"key":"Gremlin Horn"},{"floor":42,"key":"CeramicFish"},{"floor":43,"key":"Blue Candle"},{"floor":44,"key":"Blood Vial"},{"floor":47,"key":"Paper Frog"},{"floor":48,"key":"testmod-IndustrialRevolution"},{"floor":55,"key":"Bottled Flame"}],"event_choices":[{"damage_healed":0.0,"max_hp_gain":0.0,"max_hp_loss":0.0,"gold_gain":0.0,"event_name":"Wheel of Change","player_choice":"Damaged","floor":2.0,"gold_loss":0.0,"damage_taken":11.0},{"damage_healed":0.0,"max_hp_gain":0.0,"max_hp_loss":0.0,"gold_gain":0.0,"event_name":"给自己的盒子","player_choice":"Swap Relic","floor":5.0,"relics_lost":["NeowsBlessing"],"gold_loss":0.0,"damage_taken":0.0,"relics_obtained":["NeowsBlessing"]},{"damage_healed":0.0,"max_hp_gain":0.0,"max_hp_loss":0.0,"gold_gain":0.0,"event_name":"Vampires","player_choice":"Ignored","floor":19.0,"gold_loss":0.0,"damage_taken":0.0},{"damage_healed":0,"gold_gain":400,"player_choice":"Sell","damage_taken":0,"max_hp_gain":0,"max_hp_loss":0,"event_name":"恩洛斯的盘子","floor":30,"relics_lost":["DaveBox"],"gold_loss":0},{"damage_healed":0,"gold_gain":0,"player_choice":"Max HP","damage_taken":0,"max_hp_gain":0,"max_hp_loss":7,"event_name":"Winding Halls","floor":37,"gold_loss":0},{"damage_healed":0,"gold_gain":0,"player_choice":"Memory 3","damage_taken":10,"max_hp_gain":0,"max_hp_loss":0,"event_name":"SensoryStone","floor":39,"gold_loss":0}],"is_beta":false,"boss_relics":[{"not_picked":["Astrolabe","testmod-Nine"],"picked":"testmod-EnergyCheck"},{"not_picked":["EE1DDrone","OneHitWonderSystem"],"picked":"Cursed Key"}],"items_purged_floors":[21,45,54],"is_endless":false,"potions_floor_spawned":[1,3,12,16,22,27,28,31,33,35,40,42,47],"ascension_level":20}}