{"host":"rjx4accq0ysw8w2o","time":1608378184,"event":{"mods":["AchievementEnabler","BaseMod","Block Reminder","Colored Map","Colored Powertips","DeckTracker","Highlight Path","Minty Spire (QoL Compilation)","Quick Restart","Rare Cards Sparkle"],"gold_per_floor":[15,15,27,27,46,46,59,59,59,59,59,49,69,83,83,179,179,193,292,292,217,127,127,159,173,173,185,185,185],"floor_reached":28,"playtime":2262,"items_purged":["Strike_G"],"score":268,"play_id":"cc5c65ec-8476-4cc4-a7c0-04ed581d7c6e","local_time":"20201219124304","is_ascension_mode":true,"campfire_choices":[{"data":"Bane","floor":6.0,"key":"SMITH"},{"data":"Neutralize","floor":8.0,"key":"SMITH"},{"floor":15.0,"key":"REST"},{"data":"Corpse Explosion","floor":23.0,"key":"SMITH"}],"circlet_count":0,"master_deck":["Strike_G","Strike_G","Strike_G","Strike_G+1","Defend_G","Defend_G","Defend_G","Defend_G","Survivor","Neutralize+1","Deadly Poison+1","Bane+1","Flying Knee","Crippling Poison","PiercingWail","Corpse Explosion+1","Bouncing Flask"],"relics":["Ring of the Snake","Ginger","Sundial","SacredBark","White Beast Statue"],"acts_visited":["Exordium","TheCity"],"potions_floor_usage":[27],"damage_taken":[{"damage":0.0,"enemies":"Cultist","floor":1.0,"turns":5.0},{"damage":0.0,"enemies":"Jaw Worm","floor":3.0,"turns":4.0},{"damage":5.0,"enemies":"Small Slimes","floor":5.0,"turns":3.0},{"damage":0.0,"enemies":"Blue Slaver","floor":7.0,"turns":3.0},{"damage":7.0,"enemies":"Exordium Thugs","floor":12.0,"turns":4.0},{"damage":3.0,"enemies":"Lots of Slimes","floor":13.0,"turns":4.0},{"damage":5.0,"enemies":"3 Louse","floor":14.0,"turns":3.0},{"damage":35.0,"enemies":"The Guardian","floor":16.0,"turns":9.0},{"damage":0.0,"enemies":"3 Byrds","floor":18.0,"turns":3.0},{"damage":40.0,"enemies":"Gremlin Leader","floor":24.0,"turns":9.0},{"damage":2,"enemies":"Chosen","floor":25,"turns":4},{"damage":12,"enemies":"Snecko","floor":27,"turns":5},{"damage":19,"enemies":"Centurion and Healer","floor":28,"turns":3}],"seed_played":"2715249711910941087","potions_obtained":[{"floor":1.0,"key":"LiquidBronze"},{"floor":5.0,"key":"Block Potion"},{"floor":13.0,"key":"Energy Potion"},{"floor":14.0,"key":"Poison Potion"},{"floor":18.0,"key":"SkillPotion"},{"floor":25,"key":"ColorlessPotion"},{"floor":27,"key":"Ancient Potion"}],"is_trial":false,"path_per_floor":["M","$","M","?","M","R","M","R","T","$","$","M","M","M","R","B",null,"M","?","?","$","?","R","E","M","T","M","M"],"character_chosen":"THE_SILENT","items_purchased":[],"campfire_rested":1,"item_purchase_floors":[],"current_hp_per_floor":[70,70,70,70,65,65,65,65,65,65,65,58,55,50,70,35,70,70,70,70,70,70,70,30,28,28,16,0,0],"gold":185,"neow_bonus":"ONE_RARE_RELIC","is_daily":false,"chose_seed":false,"campfire_upgraded":3,"win_rate":0.0,"timestamp":1608378184,"path_taken":["M","?","?","?","M","R","M","R","T","?","$","M","M","M","R","BOSS","M","?","?","$","?","R","E","?","T","M","M"],"items_purchased_type":[],"build_version":"2020-12-13","purchased_purges":1,"victory":false,"max_hp_per_floor":[70,70,70,70,70,70,70,70,70,70,70,70,70,70,70,70,70,70,70,70,70,70,70,70,70,70,70,70,70],"card_choices":[{"not_picked":["Endless Agony","Eviscerate"],"picked":"Deadly Poison","floor":1.0},{"not_picked":["Predator","Dagger Spray"],"picked":"Bane","floor":3.0},{"not_picked":["Footwork","Flechettes"],"picked":"Flying Knee","floor":5.0},{"not_picked":["PiercingWail","Backflip","Expertise"],"picked":"SKIP","floor":7.0},{"not_picked":["Terror","Finisher"],"picked":"Crippling Poison","floor":12.0},{"not_picked":["Slice","Dagger Throw"],"picked":"PiercingWail","floor":13.0},{"not_picked":["Quick Slash","Prepared","Flying Knee"],"picked":"SKIP","floor":14.0},{"not_picked":["Adrenaline","Envenom"],"picked":"Corpse Explosion","floor":16.0},{"not_picked":["Underhanded Strike","Caltrops+1","Dash"],"picked":"SKIP","floor":18.0},{"not_picked":["PiercingWail","Bane"],"picked":"Bouncing Flask","floor":24.0},{"not_picked":["Eviscerate","Acrobatics","Terror"],"picked":"SKIP","floor":25},{"not_picked":["All Out Attack","Dodge and Roll","Terror+1"],"picked":"SKIP","floor":27}],"player_experience":73943,"relics_obtained":[{"floor":9.0,"key":"Sundial"},{"floor":24.0,"key":"White Beast Statue"}],"event_choices":[{"damage_healed":0.0,"max_hp_gain":0.0,"max_hp_loss":0.0,"gold_gain":0.0,"event_name":"Accursed Blacksmith","player_choice":"Forge","floor":4.0,"gold_loss":0.0,"damage_taken":0.0,"cards_upgraded":["Deadly Poison"]},{"damage_healed":0.0,"max_hp_gain":0.0,"max_hp_loss":0.0,"gold_gain":99.0,"event_name":"Nest","player_choice":"Stole From Cult","floor":19.0,"gold_loss":0.0,"damage_taken":0.0},{"damage_healed":0.0,"max_hp_gain":0.0,"max_hp_loss":0.0,"gold_gain":0.0,"event_name":"Vampires","player_choice":"Ignored","floor":20.0,"gold_loss":0.0,"damage_taken":0.0},{"cards_removed":["Defend_G"],"damage_healed":0.0,"max_hp_gain":0.0,"max_hp_loss":0.0,"gold_gain":0.0,"event_name":"Designer","player_choice":"Upgrade and Remove","floor":22.0,"gold_loss":90.0,"damage_taken":0.0,"cards_upgraded":["Strike_G"]}],"is_beta":false,"boss_relics":[{"not_picked":["Cursed Key","SlaversCollar"],"picked":"SacredBark"}],"items_purged_floors":[21],"is_endless":false,"potions_floor_spawned":[1,5,13,14,18,25,27],"killed_by":"Centurion and Healer","ascension_level":1}}