{"host":"28n9ap9ld4q00rvk","time":1608350862,"event":{"mods":["BaseMod","Minty Spire (QoL Compilation)"],"gold_per_floor":[110,124,124,1370,1388,1388,1416,1428,1428,1439,387,404,420,7978,7978,8079,8079,8090,7065,7078,6111,6123,6157,6176,6176,6176,6136,6155,6172,6197,6211,6211,6312,6312,6332,5770,5789,5098,5117,5150,5150,5180,5226,5226,5240,5240,5259,5259,5259,5259],"floor_reached":51,"playtime":4058,"items_purged":["Clothesline","Rupture"],"score":1154,"play_id":"716edf4a-abd6-4f23-9383-ef58004aec01","local_time":"20201219120742","is_ascension_mode":true,"campfire_choices":[{"data":"Anger","floor":6,"key":"SMITH"},{"data":"Limit Break","floor":15,"key":"SMITH"},{"data":"Limit Break","floor":32,"key":"SMITH"},{"data":"Demon Form","floor":46,"key":"SMITH"},{"data":"Whirlwind","floor":49,"key":"SMITH"}],"circlet_count":0,"master_deck":["Strike_R+1","Strike_R+1","Strike_R+1","Strike_R+1","Strike_R+1","Defend_R+1","Defend_R+1","Defend_R+1","Defend_R+1","Bash","Body Slam","Anger+1","Thunderclap","Perfected Strike","Pommel Strike","Demon Form+1","Intimidate+1","Magnetism","Limit Break+1","Dual Wield+1","Deep Breath","Dropkick","Whirlwind+1","Inflame","Uppercut","Dropkick","Magnetism","Limit Break+1","Infernal Blade+1","Transmutation","Thunderclap","Enlightenment+1","Magnetism","Shrug It Off+1","Pommel Strike+1","Feed","Perfected Strike","Barricade","Anger","Impervious+1","Thunderclap+1","Bloodletting+1","Rage+1","Inflame+1","Spot Weakness+1","Flex+1"],"relics":["Burning Blood","Sundial","Ice Cream","HandDrill","Question Card","Oddly Smooth Stone","Vajra","Sling","MealTicket","Coffee Dripper","Magic Flower","InkBottle","Frozen Eye","ClockworkSouvenir","Toxic Egg 2","Paper Frog","Gremlin Horn","Pen Nib","CaptainsWheel","Black Star","Lee\u0027s Waffle","War Paint","Regal Pillow","Medical Kit","Bottled Lightning","Meat on the Bone","Bag of Preparation","Boot","Mercury Hourglass","Self Forming Clay","Dream Catcher","FossilizedHelix"],"acts_visited":["Exordium","TheCity","TheBeyond"],"potions_floor_usage":[16,33,50],"damage_taken":[{"damage":0,"enemies":"Cultist","floor":1,"turns":3},{"damage":0,"enemies":"Jaw Worm","floor":2,"turns":2},{"damage":0,"enemies":"Small Slimes","floor":4,"turns":2},{"damage":5,"enemies":"Looter","floor":5,"turns":2},{"damage":11,"enemies":"Gremlin Nob","floor":7,"turns":3},{"damage":10,"enemies":"Lots of Slimes","floor":8,"turns":3},{"damage":5,"enemies":"Exordium Thugs","floor":10,"turns":3},{"damage":0,"enemies":"Looter","floor":12,"turns":2},{"damage":9,"enemies":"Blue Slaver","floor":13,"turns":3},{"damage":0,"enemies":"Slime Boss","floor":16,"turns":3},{"damage":4,"enemies":"Shell Parasite","floor":18,"turns":2},{"damage":4,"enemies":"Chosen","floor":20,"turns":3},{"damage":12,"enemies":"3 Cultists","floor":22,"turns":3},{"damage":0,"enemies":"Book of Stabbing","floor":23,"turns":1},{"damage":36,"enemies":"Cultist and Chosen","floor":24,"turns":7},{"damage":48,"enemies":"Centurion and Healer","floor":28,"turns":9},{"damage":16,"enemies":"Shelled Parasite and Fungi","floor":29,"turns":3},{"damage":9,"enemies":"Gremlin Leader","floor":30,"turns":6},{"damage":0,"enemies":"Cultist and Chosen","floor":31,"turns":2},{"damage":0,"enemies":"Collector","floor":33,"turns":4},{"damage":125,"enemies":"3 Darklings","floor":35,"turns":11},{"damage":1,"enemies":"Orb Walker","floor":37,"turns":2},{"damage":8,"enemies":"3 Darklings","floor":39,"turns":5},{"damage":18,"enemies":"Reptomancer","floor":40,"turns":2},{"damage":12,"enemies":"Nemesis","floor":42,"turns":5},{"damage":0,"enemies":"Writhing Mass","floor":45,"turns":2},{"damage":8,"enemies":"Jaw Worm Horde","floor":47,"turns":5},{"damage":0,"enemies":"Time Eater","floor":50,"turns":3}],"seed_played":"-6924647080426102767","potions_obtained":[{"floor":4,"key":"DistilledChaos"},{"floor":10,"key":"Swift Potion"},{"floor":13,"key":"SneckoOil"},{"floor":16,"key":"Energy Potion"},{"floor":39,"key":"ElixirPotion"}],"is_trial":false,"path_per_floor":["M","M","?","M","M","R","E","M","T","M","$","M","M","$","R","B",null,"M","$","M","$","M","E","M","?","T","?","M","M","E","M","R","B",null,"M","$","M","$","M","E","?","E","T","?","M","R","M","T","R","B",null],"character_chosen":"IRONCLAD","items_purchased":["Magnetism","Limit Break","Dual Wield","HandDrill","Question Card","Oddly Smooth Stone","Clothesline","Deep Breath","Vajra","Sling","MealTicket","Inflame","Uppercut","Dropkick","Magnetism","Magic Flower","InkBottle","Transmutation","Rupture","Thunderclap","Frozen Eye","ClockworkSouvenir","Toxic Egg 2","Paper Frog","Enlightenment+1","Magnetism","Shrug It Off+1","Lee\u0027s Waffle","War Paint","Regal Pillow","Medical Kit","Bottled Lightning","Meat on the Bone","Rage+1"],"campfire_rested":0,"item_purchase_floors":[11,11,11,11,11,11,11,11,14,14,14,14,14,14,14,19,19,19,19,19,19,21,21,21,21,21,21,36,36,36,38,38,38,38],"current_hp_per_floor":[150,150,155,155,155,155,150,146,146,147,147,153,150,150,150,155,155,155,155,155,155,152,155,133,133,133,133,161,159,159,167,167,170,170,170,177,177,177,180,176,174,176,176,176,180,180,183,183,183,183],"gold":5259,"neow_bonus":"TEN_PERCENT_HP_BONUS","is_daily":false,"chose_seed":false,"campfire_upgraded":5,"win_rate":0.0,"timestamp":1608350862,"path_taken":["M","?","?","M","M","R","E","M","T","M","$","M","M","$","R","BOSS","M","$","M","$","M","E","M","?","T","?","M","M","E","M","R","BOSS","M","?","M","$","?","E","?","E","T","?","M","R","M","?","R","BOSS"],"items_purchased_type":["Card","Card","Card","Relic","Relic","Relic","Card","Card","Relic","Relic","Relic","Card","Card","Card","Card","Relic","Relic","Card","Card","Card","Relic","Relic","Relic","Relic","Card","Card","Card","Relic","Relic","Relic","Relic","Relic","Relic","Card"],"build_version":"2020-12-13","purchased_purges":2,"victory":true,"max_hp_per_floor":[150,150,155,155,155,155,155,155,155,155,155,155,155,155,155,155,155,155,155,155,155,155,155,158,158,158,158,161,164,164,167,167,170,170,170,177,177,177,180,183,174,177,177,177,180,180,183,183,183,183],"card_choices":[{"not_picked":["Clash","Evolve"],"picked":"Body Slam","floor":1},{"not_picked":["Shockwave","Body Slam"],"picked":"Anger","floor":2},{"not_picked":["Pommel Strike","Rampage"],"picked":"Thunderclap","floor":4},{"not_picked":["Thunderclap","Body Slam"],"picked":"Perfected Strike","floor":5},{"not_picked":["Warcry","Heavy Blade"],"picked":"Pommel Strike","floor":7},{"not_picked":["Carnage","Anger"],"picked":"Demon Form","floor":8},{"not_picked":["Warcry","Sword Boomerang"],"picked":"Intimidate","floor":10},{"not_picked":["Iron Wave","Thunderclap","Wild Strike"],"picked":"Dropkick","floor":12},{"not_picked":["Pommel Strike","Reckless Charge","Flame Barrier"],"picked":"Whirlwind","floor":13},{"not_picked":["Berserk","Juggernaut","Demon Form"],"picked":"Limit Break","floor":16},{"not_picked":["Thunderclap","Heavy Blade","Wild Strike+1"],"picked":"Infernal Blade","floor":18},{"not_picked":["Shockwave","Burning Pact","Wild Strike","Thunderclap"],"picked":"SKIP","floor":20},{"not_picked":["Second Wind+1","Shrug It Off+1","Warcry+1"],"picked":"Pommel Strike","floor":22},{"not_picked":["Twin Strike+1","Heavy Blade","Armaments+1"],"picked":"Feed","floor":23},{"not_picked":["Thunderclap","Sword Boomerang","Disarm+1","Warcry+1"],"picked":"SKIP","floor":24},{"not_picked":["Combust","Spot Weakness+1","Clothesline"],"picked":"Perfected Strike","floor":28},{"not_picked":["Headbutt","Clothesline","Twin Strike"],"picked":"Barricade","floor":29},{"not_picked":["Iron Wave","Armaments+1","Clash+1","Twin Strike"],"picked":"SKIP","floor":30},{"not_picked":["Evolve","Dropkick","Intimidate+1"],"picked":"Anger","floor":31},{"not_picked":["Brutality","Fiend Fire","Corruption"],"picked":"Impervious+1","floor":33},{"not_picked":["Clothesline","Sever Soul","Power Through+1"],"picked":"Thunderclap+1","floor":35},{"not_picked":["Iron Wave","Second Wind+1","True Grit+1"],"picked":"Bloodletting+1","floor":37},{"not_picked":["Armaments+1","Whirlwind","Twin Strike"],"picked":"Warcry+1","floor":39},{"not_picked":["Wild Strike+1","Evolve+1","Fire Breathing"],"picked":"Inflame+1","floor":40},{"not_picked":["Cleave+1","Sword Boomerang","Barricade"],"picked":"Spot Weakness+1","floor":42},{"not_picked":["Clash+1","Iron Wave","Intimidate+1","Anger"],"picked":"SKIP","floor":45},{"not_picked":["Hemokinesis+1","Iron Wave","Clothesline"],"picked":"Flex+1","floor":47}],"player_experience":17565,"relics_obtained":[{"floor":7,"key":"Sundial"},{"floor":9,"key":"Ice Cream"},{"floor":23,"key":"Gremlin Horn"},{"floor":26,"key":"Pen Nib"},{"floor":30,"key":"CaptainsWheel"},{"floor":40,"key":"Bag of Preparation"},{"floor":40,"key":"Boot"},{"floor":42,"key":"Mercury Hourglass"},{"floor":42,"key":"Self Forming Clay"},{"floor":43,"key":"Dream Catcher"},{"floor":48,"key":"FossilizedHelix"}],"event_choices":[{"damage_healed":0,"gold_gain":0,"player_choice":"Donut","damage_taken":0,"max_hp_gain":5,"max_hp_loss":0,"event_name":"Big Fish","floor":3,"gold_loss":0},{"damage_healed":0,"gold_gain":0,"player_choice":"Simplicity","damage_taken":0,"max_hp_gain":0,"max_hp_loss":0,"event_name":"Back to Basics","floor":25,"gold_loss":0,"cards_upgraded":["Strike_R","Strike_R","Strike_R","Strike_R","Strike_R","Defend_R","Defend_R","Defend_R","Defend_R"]},{"damage_healed":0,"gold_gain":0,"player_choice":"Upgraded Two","damage_taken":0,"max_hp_gain":0,"max_hp_loss":0,"event_name":"Designer","floor":27,"gold_loss":40,"cards_upgraded":["Pommel Strike","Infernal Blade"]},{"damage_healed":0,"gold_gain":0,"player_choice":"Max HP","damage_taken":0,"max_hp_gain":0,"max_hp_loss":9,"event_name":"Winding Halls","floor":41,"gold_loss":0},{"cards_removed":["Warcry"],"damage_healed":0,"gold_gain":0,"player_choice":"Removed Skill","damage_taken":0,"max_hp_gain":0,"max_hp_loss":0,"event_name":"Falling","floor":44,"gold_loss":0}],"is_beta":false,"boss_relics":[{"not_picked":["Velvet Choker","Runic Cube"],"picked":"Coffee Dripper"},{"not_picked":["Cursed Key","Black Blood"],"picked":"Black Star"}],"items_purged_floors":[19,36],"is_endless":false,"potions_floor_spawned":[4,10,13,16,18,20,24,28,29,37,39,45],"ascension_level":1}}