{"host":"ormi09wwzv7sq47a","time":1608421380,"event":{"mods":["2.2 Compatiblity","AchievementEnabler","Act Like it!","BaseMod","Bestiary","Better Note","Better Sensory Stone","Better Skull","Better Vampires","Colored Map","Colored Powertips","Curses Come First","DeckTracker","Downfall","Highlight Path","Minty Spire (QoL Compilation)","Permanent Neow","Quick Restart","Rare Cards Sparkle","Relic Stats","Shop Mod","StSLib","The Jungle"],"gold_per_floor":[116,126,126,146,165,165,165],"floor_reached":6,"playtime":286,"items_purged":[],"score":53,"play_id":"089573c0-9e17-4cbe-b400-8fad995f3644","local_time":"20201219214300","is_ascension_mode":true,"campfire_choices":[],"circlet_count":0,"master_deck":["Slimebound:Strike_Slimebound","Slimebound:Strike_Slimebound","Slimebound:Strike_Slimebound","Slimebound:Defend_Slimebound","Slimebound:Defend_Slimebound","Slimebound:Defend_Slimebound","Slimebound:Defend_Slimebound","Slimebound:Split","Slimebound:CorrosiveSpit","Slimebound:Dissolve","Slimebound:SplitBruiser","Slimebound:HauntingLick","Slimebound:SlimeBrawl"],"relics":["Slimebound:AbsorbEndCombat","Bag of Marbles"],"acts_visited":["Exordium"],"potions_floor_usage":[2,4,6],"damage_taken":[{"damage":11,"enemies":"Small Slimes","floor":1,"turns":4},{"damage":10,"enemies":"Cultist","floor":2,"turns":4},{"damage":4,"enemies":"2 Louse","floor":4,"turns":2},{"damage":15,"enemies":"Looter","floor":5,"turns":3},{"damage":44,"enemies":"Lagavulin","floor":6,"turns":5}],"seed_played":"-7333366291678532649","potions_obtained":[{"floor":2,"key":"EntropicBrew"}],"is_trial":false,"path_per_floor":["M","M","?","M","M","E"],"character_chosen":"SLIMEBOUND","items_purchased":[],"campfire_rested":0,"item_purchase_floors":[],"current_hp_per_floor":[51,53,41,41,38,0,0],"gold":165,"neow_bonus":"REMOVE_CARD","is_daily":false,"chose_seed":false,"campfire_upgraded":0,"win_rate":0.0,"timestamp":1608421380,"path_taken":["M","M","?","M","M","E"],"items_purchased_type":[],"build_version":"2020-12-13","purchased_purges":0,"victory":false,"max_hp_per_floor":[60,60,60,60,60,60,60],"relic_stats":{"counters":[5,17],"obtain_stats":[{"Slimebound:AbsorbEndCombat":0,"Bag of Marbles":3},{"Slimebound:AbsorbEndCombat":0,"Bag of Marbles":2},{"Slimebound:AbsorbEndCombat":0,"Bag of Marbles":8}]},"card_choices":[{"not_picked":["Slimebound:GoopSpray","Slimebound:PressTheAttack"],"picked":"Slimebound:Dissolve","floor":1},{"not_picked":["Slimebound:GoopSpray","Slimebound:ViciousTackle"],"picked":"Slimebound:SplitBruiser","floor":2},{"not_picked":["Slimebound:GoopSpray","Slimebound:SplitLeeching"],"picked":"Slimebound:HauntingLick","floor":4},{"not_picked":["Slimebound:PressTheAttack","Slimebound:ForwardTackle"],"picked":"Slimebound:SlimeBrawl","floor":5}],"player_experience":710433,"relics_obtained":[],"event_choices":[{"damage_healed":0,"gold_gain":0,"player_choice":"Success","damage_taken":12,"relics_obtained":["Bag of Marbles"],"max_hp_gain":0,"max_hp_loss":0,"event_name":"Scrap Ooze","floor":3,"gold_loss":0}],"is_beta":false,"boss_relics":[],"items_purged_floors":[],"is_endless":false,"potions_floor_spawned":[2],"killed_by":"Lagavulin","ascension_level":8}}