{"host":"f1miojwxaupu79sp","time":1608361237,"event":{"mods":["BaseMod","Better Vampires","Minty Spire (QoL Compilation)","Shop Mod"],"gold_per_floor":[112,62,72,72,72,72,103,118,118,118,130,130,15,15,15,120,120,109,109,122,133,150,150,182,202,254,191,222,234,246,284,296,409,421,447,471,483,545,557,604,616,654,747,778,809,821,8,27,27,27],"floor_reached":51,"playtime":11111,"items_purged":["Strike_G","Defend_G"],"score":1143,"play_id":"0ac2d6e7-2e23-45e3-af0d-d9e8594370ba","local_time":"20201219020037","is_ascension_mode":true,"campfire_choices":[{"data":"Neutralize","floor":6,"key":"SMITH"},{"data":"Poisoned Stab","floor":12,"key":"SMITH"},{"data":"Doppelganger","floor":15,"key":"SMITH"},{"data":"Crippling Poison","floor":23,"key":"SMITH"},{"floor":29,"key":"REST"},{"data":"Burst","floor":32,"key":"SMITH"},{"data":"Malaise","floor":41,"key":"SMITH"},{"floor":46,"key":"REST"},{"floor":49,"key":"REST"}],"circlet_count":0,"master_deck":["AscendersBane","Defend_G","Defend_G","Defend_G","Defend_G","Survivor","Neutralize+1","Crippling Poison+1","Poisoned Stab+1","PiercingWail","Crippling Poison+1","Doppelganger+1","Burst+1","Caltrops","Doppelganger+1","Poisoned Stab","Backflip","Dash","Backstab","Concentrate+1","Malaise+1","Deadly Poison+1","PiercingWail+1","Poisoned Stab","Blur+1","Sadistic Nature","Noxious Fumes","Expertise"],"relics":["Ring of the Snake","NeowsBlessing","InkBottle","Anchor","Ornamental Fan","Sozu","Oddly Smooth Stone","MawBank","Incense Burner","Turnip","Thread and Needle","Bag of Preparation","PreservedInsect","Bottled Lightning","Mercury Hourglass","Bag of Marbles"],"acts_visited":["Exordium","TheCity","TheBeyond"],"potions_floor_usage":[16,31,50],"damage_taken":[{"damage":0,"enemies":"2 Louse","floor":1,"turns":1},{"damage":0,"enemies":"Small Slimes","floor":3,"turns":1},{"damage":0,"enemies":"Gremlin Nob","floor":7,"turns":1},{"damage":0,"enemies":"Cultist","floor":8,"turns":4},{"damage":0,"enemies":"Lots of Slimes","floor":11,"turns":2},{"damage":7,"enemies":"The Guardian","floor":16,"turns":10},{"damage":0,"enemies":"2 Thieves","floor":18,"turns":4},{"damage":0,"enemies":"Chosen","floor":20,"turns":6},{"damage":7,"enemies":"Centurion and Healer","floor":21,"turns":8},{"damage":1,"enemies":"3 Cultists","floor":22,"turns":5},{"damage":38,"enemies":"Gremlin Leader","floor":24,"turns":6},{"damage":0,"enemies":"Sentry and Sphere","floor":25,"turns":4},{"damage":3,"enemies":"Snecko","floor":28,"turns":5},{"damage":0,"enemies":"Slavers","floor":31,"turns":6},{"damage":5,"enemies":"Automaton","floor":33,"turns":14},{"damage":0,"enemies":"3 Darklings","floor":35,"turns":4},{"damage":0,"enemies":"3 Shapes","floor":36,"turns":4},{"damage":24,"enemies":"Mind Bloom Boss Battle","floor":38,"turns":15},{"damage":31,"enemies":"Nemesis","floor":40,"turns":9},{"damage":11,"enemies":"Giant Head","floor":42,"turns":9},{"damage":0,"enemies":"3 Darklings","floor":44,"turns":4},{"damage":7,"enemies":"Jaw Worm Horde","floor":45,"turns":6},{"damage":0,"enemies":"Transient","floor":48,"turns":5},{"damage":28,"enemies":"Time Eater","floor":50,"turns":10}],"seed_played":"-4710263206398061117","potions_obtained":[{"floor":1,"key":"SteroidPotion"},{"floor":8,"key":"Block Potion"},{"floor":16,"key":"Weak Potion"}],"is_trial":false,"path_per_floor":["M","?","M","?","?","R","E","M","T","?","M","R","$","?","R","B",null,"M","?","M","M","M","R","E","M","T","?","M","R","?","E","R","B",null,"M","M","?","?","?","E","R","E","T","M","M","R","$","M","R","B",null],"character_chosen":"THE_SILENT","items_purchased":["Crippling Poison","Sadistic Nature","Noxious Fumes","Mercury Hourglass","Bag of Marbles","Expertise"],"campfire_rested":3,"item_purchase_floors":[13,47,47,47,47,47],"current_hp_per_floor":[63,63,63,56,42,42,42,42,42,35,35,35,35,35,35,28,60,60,60,60,53,52,52,14,14,14,14,11,32,32,32,32,27,59,59,59,59,35,61,30,30,19,19,19,12,30,30,30,48,20],"gold":27,"neow_bonus":"THREE_ENEMY_KILL","is_daily":false,"chose_seed":false,"campfire_upgraded":6,"win_rate":0.0,"timestamp":1608361237,"path_taken":["M","?","M","?","?","R","E","M","T","?","M","R","$","?","R","BOSS","M","?","?","M","M","R","E","M","T","?","M","R","?","E","R","BOSS","M","M","?","?","?","E","R","E","T","M","M","R","$","M","R","BOSS"],"items_purchased_type":["Card","Card","Card","Relic","Relic","Card"],"build_version":"2020-12-13","purchased_purges":2,"victory":true,"max_hp_per_floor":[70,70,70,70,70,70,70,70,70,70,70,70,70,70,70,70,70,70,70,70,70,70,70,70,70,70,70,70,70,70,70,70,70,70,70,70,70,70,61,61,61,61,61,61,61,61,61,61,61,61],"card_choices":[{"not_picked":["Backflip","Bane"],"picked":"Crippling Poison","floor":1},{"not_picked":["Bane","Riddle With Holes","Outmaneuver"],"picked":"SKIP","floor":3},{"not_picked":["Catalyst","Sucker Punch","Acrobatics"],"picked":"SKIP","floor":7},{"not_picked":["Underhanded Strike","Deadly Poison"],"picked":"Poisoned Stab","floor":8},{"not_picked":["Blade Dance","Prepared"],"picked":"PiercingWail","floor":11},{"not_picked":["A Thousand Cuts","Bullet Time"],"picked":"Burst","floor":16},{"not_picked":["Sucker Punch","Underhanded Strike"],"picked":"Caltrops","floor":18},{"not_picked":["Flying Knee","Slice+1"],"picked":"Poisoned Stab","floor":20},{"not_picked":["Dagger Spray","Skewer","Well Laid Plans"],"picked":"SKIP","floor":21},{"not_picked":["Blade Dance+1","Escape Plan"],"picked":"Backflip","floor":22},{"not_picked":["Underhanded Strike","Wraith Form v2"],"picked":"Dash","floor":24},{"not_picked":["Cloak And Dagger+1","Dagger Spray+1"],"picked":"Backstab","floor":25},{"not_picked":["Reflex","Setup","Bane"],"picked":"SKIP","floor":28},{"not_picked":["Skewer","Blade Dance"],"picked":"Concentrate+1","floor":31},{"not_picked":["Burst","Grand Finale"],"picked":"Malaise","floor":33},{"not_picked":["Dodge and Roll+1","Setup"],"picked":"Deadly Poison+1","floor":35},{"not_picked":["All Out Attack+1","Deadly Poison+1","Bane"],"picked":"SKIP","floor":36},{"not_picked":["Sucker Punch","Flying Knee"],"picked":"PiercingWail+1","floor":38},{"not_picked":["Slice+1","Dash"],"picked":"Poisoned Stab","floor":40},{"not_picked":["Deflect","Finisher"],"picked":"Blur+1","floor":42},{"not_picked":["Eviscerate+1","Underhanded Strike","Sucker Punch+1"],"picked":"SKIP","floor":44},{"not_picked":["Poisoned Stab+1","Dagger Throw+1","Eviscerate+1"],"picked":"SKIP","floor":45},{"not_picked":["Setup+1","Flying Knee","Outmaneuver"],"picked":"SKIP","floor":48}],"player_experience":634907,"relics_obtained":[{"floor":7,"key":"Anchor"},{"floor":9,"key":"Ornamental Fan"},{"floor":24,"key":"Oddly Smooth Stone"},{"floor":26,"key":"MawBank"},{"floor":31,"key":"Turnip"},{"floor":38,"key":"Thread and Needle"},{"floor":40,"key":"Bag of Preparation"},{"floor":42,"key":"PreservedInsect"},{"floor":43,"key":"Bottled Lightning"}],"event_choices":[{"cards_removed":["Strike_G"],"damage_healed":0,"gold_gain":0,"player_choice":"Card Removal","damage_taken":0,"max_hp_gain":0,"max_hp_loss":0,"event_name":"The Cleric","floor":2,"gold_loss":50},{"damage_healed":0,"gold_gain":0,"player_choice":"Success","damage_taken":7,"relics_obtained":["InkBottle"],"max_hp_gain":0,"max_hp_loss":0,"event_name":"Scrap Ooze","floor":4,"gold_loss":0},{"damage_healed":0,"gold_gain":0,"player_choice":"Entered Light","damage_taken":14,"max_hp_gain":0,"max_hp_loss":0,"event_name":"Shining Light","floor":5,"gold_loss":0,"cards_upgraded":["Crippling Poison","Strike_G"]},{"cards_removed":["Strike_G"],"damage_healed":0,"gold_gain":0,"player_choice":"Card Removal","damage_taken":7,"max_hp_gain":0,"max_hp_loss":0,"event_name":"Golden Wing","floor":10,"gold_loss":0},{"damage_healed":0,"gold_gain":0,"cards_transformed":["Strike_G"],"player_choice":"Transformed","damage_taken":0,"max_hp_gain":0,"max_hp_loss":0,"event_name":"Transmorgrifier","floor":14,"gold_loss":0,"cards_obtained":["Doppelganger"]},{"damage_healed":0,"gold_gain":0,"player_choice":"Copied","damage_taken":0,"max_hp_gain":0,"max_hp_loss":0,"event_name":"Duplicator","floor":19,"gold_loss":0,"cards_obtained":["Doppelganger"]},{"cards_removed":["Strike_G"],"damage_healed":0,"gold_gain":0,"player_choice":"Gave Gold","damage_taken":0,"max_hp_gain":0,"max_hp_loss":0,"event_name":"Beggar","floor":27,"gold_loss":75},{"damage_healed":0,"gold_gain":0,"player_choice":"Opened","damage_taken":0,"relics_obtained":["Incense Burner"],"max_hp_gain":0,"max_hp_loss":0,"event_name":"The Mausoleum","floor":30,"gold_loss":0},{"damage_healed":0,"gold_gain":0,"player_choice":"Memory 1","damage_taken":0,"max_hp_gain":0,"max_hp_loss":0,"event_name":"SensoryStone","floor":37,"gold_loss":0},{"damage_healed":0,"gold_gain":0,"player_choice":"Fight","damage_taken":0,"max_hp_gain":0,"max_hp_loss":0,"event_name":"MindBloom","floor":38,"gold_loss":0},{"damage_healed":61,"gold_gain":0,"player_choice":"Heal","damage_taken":0,"max_hp_gain":0,"max_hp_loss":9,"event_name":"The Moai Head","floor":39,"gold_loss":0}],"is_beta":false,"boss_relics":[{"not_picked":["Pandora\u0027s Box","Snecko Eye"],"picked":"Sozu"},{"not_picked":["Cursed Key","Runic Dome","Astrolabe"]}],"items_purged_floors":[13,47],"is_endless":false,"potions_floor_spawned":[1,8,16,18,20,28,40,44,45,48],"ascension_level":10}}