{"host":"nj06ypb01n3s9mn8","time":1608387818,"event":{"mods":["2.2 Compatiblity","BaseMod","Colored Map","Downfall","Highlight Path","Marisa????????","Minty Spire (QoL Compilation)","Replay The Spire","StSLib","The Animator","The Necromancer","The Servant 0.9.4","Waifu the Spire"],"gold_per_floor":[109,133,160,85,100,100,127,139,175,225,253,296,325,355,367,482,594,626,649,661,688,700,712,624,643,666,683,699,728,728,928,928,1026,1026,1037,702,714,489,503,538,363,408,408,408,421,421,421,421,421,421,421,421,486,536,591,591,591,345,420,500,500,500,595,663,663,663,778,778,778,778],"floor_reached":69,"playtime":8369,"items_purged":["animator:Strike","animator:Benimaru","animator:Boros","animator:Geryuganshoop","animator:Hans"],"score":1036,"play_id":"cc58d399-2542-4686-95de-5beb14b93497","local_time":"20201219112338","is_ascension_mode":true,"campfire_choices":[{"floor":6.0,"key":"REST"},{"data":"animator:MetalKnight","floor":8.0,"key":"SMITH"},{"data":"RitualDagger","floor":23.0,"key":"SMITH"},{"floor":32.0,"key":"REST"},{"floor":49.0,"key":"RECALL"},{"data":"animator:Geryuganshoop","floor":52.0,"key":"SMITH"},{"floor":62.0,"key":"REST"},{"floor":66.0,"key":"REST"},{"floor":68,"key":"REST"}],"circlet_count":0,"master_deck":["animator:Defend_OnePunchMan+1","animator:Defend+1","animator:Genos+1","animator:MumenRider+1","animator:Shuna+1","animator:MetalKnight+1","animator:Geryuganshoop+1","animator:Demiurge+1","animator:Guy+1","animator:Togame+1","animator:Saitama+1","RitualDagger+1","animator:Rimuru","animator:Kaijin+1","animator:Kaijin+1","animator:MisaKurobane+1","animator:AcuraTooru+1","animator:Guy+1","animator:Greed+1","Parasite","animator:Togame+1"],"relics":["animator:TheEruzaStone","animator:AncientMedallion"],"acts_visited":["Exordium","TheCity","TheBeyond","TheEnding","EYB:TheUnnamedReign"],"potions_floor_usage":[69,69,69],"damage_taken":[{"damage":3.0,"enemies":"Small Slimes","floor":1.0,"turns":4.0},{"damage":4.0,"enemies":"Jaw Worm","floor":3.0,"turns":3.0},{"damage":0.0,"enemies":"Cultist","floor":5.0,"turns":4.0},{"damage":19.0,"enemies":"Replay:BlueRogue","floor":7.0,"turns":4.0},{"damage":11.0,"enemies":"Gremlin Nob","floor":10.0,"turns":4.0},{"damage":13.0,"enemies":"Gremlin Gang","floor":11.0,"turns":6.0},{"damage":3.0,"enemies":"Lagavulin","floor":12.0,"turns":7.0},{"damage":3.0,"enemies":"Large Slime","floor":13.0,"turns":6.0},{"damage":1.0,"enemies":"2 Fungi Beasts","floor":14.0,"turns":3.0},{"damage":9.0,"enemies":"Hexaghost","floor":16.0,"turns":10.0},{"damage":7.0,"enemies":"Chosen","floor":18.0,"turns":4.0},{"damage":36.0,"enemies":"2 Thieves","floor":19.0,"turns":4.0},{"damage":18.0,"enemies":"Cultist and Chosen","floor":21.0,"turns":6.0},{"damage":5.0,"enemies":"Snake Plant","floor":25.0,"turns":4.0},{"damage":22.0,"enemies":"Chosen and Byrds","floor":27.0,"turns":7.0},{"damage":0.0,"enemies":"Snecko","floor":28.0,"turns":7.0},{"damage":16.0,"enemies":"animator:HornedBat","floor":29.0,"turns":10.0},{"damage":7.0,"enemies":"Automaton","floor":33.0,"turns":7.0},{"damage":12.0,"enemies":"Orb Walker","floor":35.0,"turns":5.0},{"damage":0.0,"enemies":"3 Shapes","floor":37.0,"turns":7.0},{"damage":37.0,"enemies":"Transient","floor":39.0,"turns":5.0},{"damage":0.0,"enemies":"Nemesis","floor":40.0,"turns":5.0},{"damage":28.0,"enemies":"Reptomancer","floor":42.0,"turns":5.0},{"damage":26.0,"enemies":"Writhing Mass","floor":45.0,"turns":3.0},{"damage":0.0,"enemies":"2 Orb Walkers","floor":46.0,"turns":1.0},{"damage":15.0,"enemies":"Replay:Hell Engine","floor":50.0,"turns":6.0},{"damage":59.0,"enemies":"animator:TRIPLE_SHAPES_WEAK","floor":54.0,"turns":8.0},{"damage":0.0,"enemies":"animator:UNNAMED_CULTIST_1","floor":55.0,"turns":7.0},{"damage":0.0,"enemies":"animator:LARGE_WISP","floor":59.0,"turns":7.0},{"damage":0.0,"enemies":"animator:TRIPLE_LAGAVULIN","floor":60.0,"turns":6.0},{"damage":6.0,"enemies":"animator:ULTIMATE_CUBE","floor":63.0,"turns":5.0},{"damage":1,"enemies":"animator:ULTIMATE_CRYSTAL","floor":67,"turns":6},{"damage":126,"enemies":"animator:TheUnnamed","floor":69,"turns":10}],"seed_played":"8295195208154187367","potions_obtained":[{"floor":1.0,"key":"SteroidPotion"},{"floor":2.0,"key":"Cursed Concoction"},{"floor":2.0,"key":"DistilledChaos"},{"floor":3.0,"key":"Fire Potion"},{"floor":10.0,"key":"Dexterity Potion"},{"floor":12.0,"key":"Swift Potion"},{"floor":16.0,"key":"Cursed Concoction"},{"floor":18.0,"key":"Explosive Potion"},{"floor":19.0,"key":"animator:FalseLifePotion"},{"floor":21.0,"key":"Fire Potion"},{"floor":28.0,"key":"FearPotion"},{"floor":33.0,"key":"SneckoOil"},{"floor":39.0,"key":"Block Potion"},{"floor":45.0,"key":"SmokeBomb"},{"floor":54.0,"key":"animator:FalseLifePotion"},{"floor":55.0,"key":"animator:FalseLifePotion"},{"floor":59.0,"key":"animator:FalseLifePotion"},{"floor":60.0,"key":"animator:FalseLifePotion"}],"is_trial":false,"path_per_floor":["M","?","M","$","M","R","E","R","T","E","M","E","M","M","R_BF","B",null,"M","M","?","M","?","R","$","M","T","M","M","E","?","?","R","B",null,"M","$","M","$","M","E","$","E","T","?","M","?","?","?","R_BF","B",null,"R","??","M","M","T","?","$","M","M","?","R","E","T","?","R","E","R","B"],"character_chosen":"THE_ANIMATOR","items_purchased":["animator:Kaijin","animator:MisaKurobane","EssenceOfSteel","animator:AcuraTooru","animator:AncientMedallion"],"campfire_rested":5,"item_purchase_floors":[36,36,36,38,58],"current_hp_per_floor":[57,42,38,38,38,56,38,38,38,27,14,11,8,7,25,16,69,69,40,34,24,24,24,24,26,26,12,20,4,4,4,27,28,80,73,73,74,74,38,39,39,12,12,79,54,55,55,40,40,26,85,85,98,39,43,43,43,43,55,67,17,46,56,56,56,85,97,98,0,0],"gold":778,"neow_bonus":"TRANSFORM_TWO_CARDS","is_daily":false,"chose_seed":false,"campfire_upgraded":3,"win_rate":0.0,"timestamp":1608387818,"path_taken":["M","?","?","$","M","R","E","R","T","E","?","E","M","M","R_BF","BOSS","M","M","?","M","?","R","?","?","T","?","M","E","?","?","R","BOSS","M","$","M","?","M","E","$","E","T","?","M","?","?","?","R_BF","BOSS","R","??","M","M","T","?","$","M","M","?","R","E","T","?","R","E","R","BOSS"],"items_purchased_type":["Card","Card","Potion","Card","Relic"],"build_version":"2020-11-29","purchased_purges":5,"victory":false,"max_hp_per_floor":[60,60,60,60,60,60,61,61,61,61,61,61,61,61,61,61,69,71,73,73,75,75,75,75,77,77,79,81,78,78,78,78,80,80,82,82,84,84,86,88,88,90,90,79,81,83,83,83,83,85,85,85,98,98,98,98,98,98,98,98,98,98,98,98,98,98,98,98,98,98],"card_choices":[{"not_picked":["animator:Souei","animator:RoyMustang"],"picked":"animator:Benimaru","floor":1.0},{"not_picked":["animator:Emonzaemon","animator:Melzalgald"],"picked":"animator:MetalKnight","floor":3.0},{"not_picked":["animator:Hitei","animator:YunYun","animator:ZankiKiguchi"],"picked":"SKIP","floor":5.0},{"not_picked":["animator:Tatsumaki","animator:Sonic"],"picked":"animator:Geryuganshoop","floor":7.0},{"not_picked":["animator:Shuna","animator:Megumin"],"picked":"animator:Demiurge","floor":10.0},{"not_picked":["animator:Darkness","animator:Demiurge","animator:WinryRockbell"],"picked":"SKIP","floor":11.0},{"not_picked":["animator:Azekura","animator:Albedo"],"picked":"animator:Guy","floor":12.0},{"not_picked":["animator:MumenRider","animator:RoyMustang"],"picked":"animator:Togame","floor":14.0},{"not_picked":["animator:Gluttony","animator:Sloth","animator:Viivi+1"],"picked":"SKIP","floor":18.0},{"not_picked":["animator:Emonzaemon","animator:MetalKnight","animator:AcuraAkari"],"picked":"SKIP","floor":19.0},{"not_picked":["animator:Vanir","animator:UneriGinkaku+1"],"picked":"animator:Rimuru","floor":25.0},{"not_picked":["animator:Tatsumaki+1","animator:TsurugaMeisai+1","animator:Entoma"],"picked":"SKIP","floor":27.0},{"not_picked":["animator:NarberalGamma","animator:Nanami","animator:MaesHughes"],"picked":"SKIP","floor":28.0},{"not_picked":["animator:Darkness+1","animator:Emonzaemon","animator:YunYun+1"],"picked":"SKIP","floor":35.0},{"not_picked":["animator:Viivi+1","animator:Verdia","animator:Kazuma+1"],"picked":"SKIP","floor":37.0},{"not_picked":["animator:Benimaru","animator:Mitsurugi+1","animator:NarberalGamma+1"],"picked":"SKIP","floor":39.0},{"not_picked":["animator:AcuraTooru","animator:AcuraAkari"],"picked":"animator:Guy","floor":40.0},{"not_picked":["animator:Tatsumaki+1","animator:Cocytus+1"],"picked":"animator:Greed","floor":42.0},{"not_picked":["animator:Verdia+1","animator:Genos","animator:Shuna+1"],"picked":"SKIP","floor":45.0},{"not_picked":["animator:Entoma","animator:Sloth+1","animator:Shion"],"picked":"SKIP","floor":54.0},{"not_picked":["animator:Azekura+1","animator:Shion","animator:Scar+1"],"picked":"SKIP","floor":55.0},{"not_picked":["animator:Shuna","animator:Gillette","animator:Sloth"],"picked":"SKIP","floor":59.0},{"not_picked":["animator:Millim","animator:NarberalGamma","animator:PandorasActor"],"picked":"SKIP","floor":60.0},{"not_picked":["animator:Darkness","animator:Viivi","animator:AcuraTooru+1"],"picked":"SKIP","floor":63.0},{"not_picked":["animator:Souei+1","animator:Albedo"],"picked":"animator:Togame","floor":67}],"player_experience":82039,"relics_obtained":[{"floor":7.0,"key":"MawBank"},{"floor":10.0,"key":"Potion Belt"},{"floor":12.0,"key":"CaptainsWheel"},{"floor":22.0,"key":"ReplayTheSpireMod:Lightbulb"},{"floor":26.0,"key":"War Paint"},{"floor":29.0,"key":"Juzu Bracelet"},{"floor":40.0,"key":"Oddly Smooth Stone"},{"floor":53.0,"key":"animator:TheEruzaStone"},{"floor":53.0,"key":"animator:AncientMedallion"},{"floor":56.0,"key":"animator:AncientMedallion"},{"floor":63.0,"key":"animator:AncientMedallion"},{"floor":64.0,"key":"animator:AncientMedallion"},{"floor":67,"key":"animator:AncientMedallion"}],"event_choices":[{"damage_healed":0.0,"max_hp_gain":0.0,"max_hp_loss":0.0,"gold_gain":0.0,"event_name":"Nest","player_choice":"Joined the Cult","floor":20.0,"gold_loss":0.0,"damage_taken":6.0,"cards_obtained":["RitualDagger"]},{"damage_healed":0.0,"max_hp_gain":0.0,"max_hp_loss":0.0,"gold_gain":0.0,"event_name":"Wheel of Change","player_choice":"Relic","floor":22.0,"gold_loss":0.0,"damage_taken":0.0},{"damage_healed":0.0,"max_hp_gain":0.0,"max_hp_loss":0.0,"gold_gain":0.0,"event_name":"FaceTrader","player_choice":"Trade","floor":30.0,"gold_loss":0.0,"damage_taken":0.0,"relics_obtained":["NlothsMask"]},{"damage_healed":0.0,"max_hp_gain":0.0,"max_hp_loss":0.0,"gold_gain":200.0,"event_name":"Wheel of Change","player_choice":"Gold","floor":31.0,"gold_loss":0.0,"damage_taken":0.0},{"damage_healed":79.0,"max_hp_gain":0.0,"max_hp_loss":11.0,"gold_gain":0.0,"event_name":"The Moai Head","player_choice":"Heal","floor":44.0,"gold_loss":0.0,"damage_taken":0.0},{"damage_healed":0.0,"max_hp_gain":0.0,"max_hp_loss":0.0,"gold_gain":0.0,"event_name":"Mysterious Sphere","player_choice":"Fight","floor":46.0,"gold_loss":0.0,"damage_taken":0.0},{"damage_healed":0.0,"max_hp_gain":0.0,"max_hp_loss":0.0,"gold_gain":0.0,"event_name":"SensoryStone","player_choice":"Memory 3","floor":48.0,"gold_loss":0.0,"damage_taken":10.0}],"is_beta":false,"boss_relics":[{"not_picked":["Calling Bell","animator:VividPicture"],"picked":"Replay:Grab Bag"},{"not_picked":["Ectoplasm","Cursed Key"],"picked":"Runic Dome"},{"not_picked":["Busted Crown","Replay:Bronze Core"],"picked":"Replay:Wanted Poster"},{"not_picked":["Replay:Drink Me","animator:CursedBlade"],"picked":"animator:HolyGrailRelic"},{"not_picked":["SacredBark","Astrolabe"],"picked":"animator:RacePiece"},{"not_picked":["Replay:Ancient Bell","Abe\u0027s Treasure"],"picked":"ReplayTheSpireMod:DimensionalGlitch"}],"items_purged_floors":[4,24,36,38,41],"is_endless":false,"potions_floor_spawned":[1,3,10,12,16,18,19,21,28,33,39,45,46,55,59,67],"killed_by":"animator:TheUnnamed","ascension_level":4}}