{"host":"08t08ld674si40tv","time":1608358753,"event":{"mods":["AchievementEnabler","BaseMod","Colored Map","Minty Spire (QoL Compilation)","StSLib","SuperFastMode"],"gold_per_floor":[109,62,81,81,81,113,113,113,164,197,210,210,224,224,224,323,323,340,354,269,294,19,44,44,44,124,124,157,157,178,198,198,304,304,322,80,91,91,109,109,141,141,193,193,211,249,268,305,305,305,305,305,18,60,60],"floor_reached":56,"playtime":1795,"items_purged":["Defend_B","Leap","Dualcast"],"score":1870,"play_id":"e500ed0a-3af8-447f-a90f-c92d3ccd68ec","local_time":"20201219151913","is_ascension_mode":true,"campfire_choices":[{"data":"Zap","floor":8.0,"key":"SMITH"},{"data":"White Noise","floor":12.0,"key":"SMITH"},{"data":"Redo","floor":15.0,"key":"SMITH"},{"data":"Echo Form","floor":24.0,"key":"SMITH"},{"data":"Coolheaded","floor":29,"key":"SMITH"},{"data":"Coolheaded","floor":32,"key":"SMITH"},{"data":"Biased Cognition","floor":40,"key":"SMITH"},{"data":"Static Discharge","floor":42,"key":"SMITH"},{"floor":49,"key":"RECALL"},{"data":"Defragment","floor":52,"key":"SMITH"}],"circlet_count":0,"master_deck":["AscendersBane","Defend_B+1","Zap+1","Self Repair","Machine Learning","Reinforced Body","Coolheaded+1","Redo+1","Coolheaded+1","White Noise+1","Echo Form+1","Force Field","Turbo","Static Discharge+1","White Noise+1","Electrodynamics","Biased Cognition+1","Defragment+1","Defragment+1","Seek"],"relics":["Cracked Core","Mummified Hand","DataDisk","Cables","Runic Capacitor","Strawberry","Centennial Puzzle","Sozu","Oddly Smooth Stone","DataDisk","ClockworkSouvenir","Lizard Tail","Eternal Feather","CeramicFish","Inserter","Nunchaku","Art of War","Toy Ornithopter","Anchor","Membership Card","Bronze Scales","Bag of Preparation"],"acts_visited":["Exordium","TheCity","TheBeyond","TheEnding"],"potions_floor_usage":[],"damage_taken":[{"damage":9.0,"enemies":"2 Louse","floor":1.0,"turns":2.0},{"damage":0.0,"enemies":"Small Slimes","floor":3.0,"turns":2.0},{"damage":16.0,"enemies":"3 Sentries","floor":6.0,"turns":8.0},{"damage":4.0,"enemies":"Lagavulin","floor":10.0,"turns":8.0},{"damage":0.0,"enemies":"Jaw Worm","floor":11.0,"turns":5.0},{"damage":7.0,"enemies":"Large Slime","floor":13.0,"turns":5.0},{"damage":8.0,"enemies":"Hexaghost","floor":16.0,"turns":11.0},{"damage":0.0,"enemies":"Spheric Guardian","floor":18.0,"turns":4.0},{"damage":28.0,"enemies":"3 Byrds","floor":19.0,"turns":4.0},{"damage":13.0,"enemies":"Gremlin Leader","floor":23.0,"turns":10.0},{"damage":25,"enemies":"Book of Stabbing","floor":28,"turns":4},{"damage":0,"enemies":"Sentry and Sphere","floor":30,"turns":5},{"damage":0,"enemies":"Chosen and Byrds","floor":31,"turns":5},{"damage":5,"enemies":"Automaton","floor":33,"turns":9},{"damage":0,"enemies":"3 Shapes","floor":35,"turns":3},{"damage":11,"enemies":"Orb Walker","floor":37,"turns":2},{"damage":0,"enemies":"Transient","floor":39,"turns":5},{"damage":7,"enemies":"Reptomancer","floor":41,"turns":3},{"damage":0,"enemies":"Spire Growth","floor":45,"turns":3},{"damage":4,"enemies":"Nemesis","floor":46,"turns":7},{"damage":30,"enemies":"Jaw Worm Horde","floor":47,"turns":2},{"damage":0,"enemies":"Giant Head","floor":48,"turns":5},{"damage":48,"enemies":"Awakened One","floor":50,"turns":9},{"damage":14,"enemies":"Shield and Spear","floor":54,"turns":2},{"damage":64,"enemies":"The Heart","floor":55,"turns":6}],"seed_played":"-533093864505733819","potions_obtained":[{"floor":1.0,"key":"SneckoOil"},{"floor":6.0,"key":"Swift Potion"}],"is_trial":false,"path_per_floor":["M","$","M","?","?","E","?","R","T","E","M","R","M","?","R","B",null,"M","M","?","T","$","E","R","$","T","?","E","R","M","M","R","B",null,"M","$","M","$","M","R","E","R","T","?","M","E","M","E","R","B",null,"R","$","E","B",null],"character_chosen":"DEFECT","items_purchased":["Coolheaded","ClockworkSouvenir","Turbo","Biased Cognition","Membership Card","Bronze Scales"],"campfire_rested":0,"item_purchase_floors":[2,22,22,36,53,53],"current_hp_per_floor":[66,66,68,54,47,45,45,45,45,48,55,55,55,55,55,54,70,75,54,54,54,54,48,48,48,48,48,30,39,46,53,62,64,72,75,75,71,71,75,75,75,75,75,75,75,75,52,59,71,30,64,75,75,68,11],"gold":60,"neow_bonus":"TRANSFORM_TWO_CARDS","is_daily":false,"chose_seed":false,"campfire_upgraded":9,"win_rate":0.0,"timestamp":1608358753,"path_taken":["M","$","M","?","?","E","?","R","T","E","?","R","M","?","R","BOSS","M","M","?","?","$","E","R","?","T","?","E","R","M","M","R","BOSS","M","$","M","$","M","R","E","R","T","?","M","E","M","E","R","BOSS","R","$","E","BOSS"],"items_purchased_type":["Card","Relic","Card","Card","Relic","Relic"],"build_version":"2020-12-13","purchased_purges":3,"victory":true,"max_hp_per_floor":[68,68,68,68,68,75,75,75,75,75,75,75,75,75,75,75,75,75,75,75,75,75,75,75,75,75,75,75,75,75,75,75,75,75,75,75,75,75,75,75,75,75,75,75,75,75,75,75,75,75,75,75,75,75,75],"card_choices":[{"not_picked":["Melter","Doom and Gloom"],"picked":"Reinforced Body","floor":1.0},{"not_picked":["Doom and Gloom","Conserve Battery"],"picked":"Redo","floor":3.0},{"not_picked":["Barrage","Beam Cell"],"picked":"Coolheaded","floor":6.0},{"not_picked":["Conserve Battery","Hyperbeam"],"picked":"Hologram","floor":10.0},{"not_picked":["Cold Snap","Hologram"],"picked":"White Noise","floor":11.0},{"not_picked":["Sweeping Beam","Redo","Barrage"],"picked":"SKIP","floor":13.0},{"not_picked":["Buffer","Core Surge"],"picked":"Echo Form","floor":16.0},{"not_picked":["Steam","Beam Cell","Stack"],"picked":"SKIP","floor":18.0},{"not_picked":["FTL+1","Steam Power"],"picked":"Force Field","floor":19.0},{"not_picked":["Static Discharge","Ball Lightning","Force Field"],"picked":"SKIP","floor":23.0},{"not_picked":["Static Discharge+1","Machine Learning","Compile Driver"],"picked":"SKIP","floor":28},{"not_picked":["Compile Driver","Sweeping Beam"],"picked":"White Noise+1","floor":30},{"not_picked":["Go for the Eyes","Doom and Gloom","Stack"],"picked":"SKIP","floor":31},{"not_picked":["Hyperbeam","Rainbow"],"picked":"Electrodynamics","floor":33},{"not_picked":["Compile Driver","Leap","Streamline"],"picked":"SKIP","floor":35},{"not_picked":["Static Discharge","BootSequence","Storm"],"picked":"SKIP","floor":37},{"not_picked":["Stack+1","Steam","Barrage"],"picked":"SKIP","floor":39},{"not_picked":["Rainbow","Go for the Eyes+1","Coolheaded+1"],"picked":"SKIP","floor":41},{"not_picked":["Hologram","Go for the Eyes","Leap"],"picked":"SKIP","floor":45},{"not_picked":["Sunder+1","Rebound"],"picked":"Defragment","floor":46},{"not_picked":["Ball Lightning","Steam","Genetic Algorithm"],"picked":"SKIP","floor":47},{"not_picked":["Sweeping Beam","Reinforced Body"],"picked":"Defragment+1","floor":48},{"not_picked":["Scrape","Machine Learning"],"picked":"Seek","floor":54}],"player_experience":186922,"relics_obtained":[{"floor":6.0,"key":"Strawberry"},{"floor":10.0,"key":"Centennial Puzzle"},{"floor":21.0,"key":"DataDisk"},{"floor":23.0,"key":"Lizard Tail"},{"floor":26.0,"key":"Eternal Feather"},{"floor":28,"key":"CeramicFish"},{"floor":41,"key":"Nunchaku"},{"floor":43,"key":"Art of War"},{"floor":46,"key":"Toy Ornithopter"},{"floor":48,"key":"Anchor"},{"floor":54,"key":"Bag of Preparation"}],"event_choices":[{"damage_healed":0.0,"max_hp_gain":0.0,"max_hp_loss":0.0,"gold_gain":0.0,"event_name":"Shining Light","player_choice":"Entered Light","floor":4.0,"gold_loss":0.0,"damage_taken":14.0,"cards_upgraded":["Defend_B","Strike_B"]},{"cards_removed":["Strike_B"],"damage_healed":0.0,"max_hp_gain":0.0,"max_hp_loss":0.0,"gold_gain":0.0,"event_name":"Golden Wing","player_choice":"Card Removal","floor":5.0,"gold_loss":0.0,"damage_taken":7.0},{"damage_healed":0.0,"max_hp_gain":0.0,"max_hp_loss":0.0,"gold_gain":0.0,"event_name":"Liars Game","player_choice":"Ignored","floor":7.0,"gold_loss":0.0,"damage_taken":0.0},{"cards_removed":["Defend_B"],"damage_healed":0.0,"max_hp_gain":0.0,"max_hp_loss":0.0,"gold_gain":0.0,"event_name":"Living Wall","player_choice":"Forget","floor":14.0,"gold_loss":0.0,"damage_taken":0.0},{"damage_healed":0.0,"max_hp_gain":0.0,"max_hp_loss":0.0,"gold_gain":0.0,"event_name":"Addict","player_choice":"Obtained Relic","floor":20.0,"gold_loss":85.0,"damage_taken":0.0,"relics_obtained":["Oddly Smooth Stone"]},{"damage_healed":0.0,"max_hp_gain":0.0,"max_hp_loss":0.0,"gold_gain":0.0,"cards_transformed":["Strike_B","Defend_B"],"event_name":"Drug Dealer","player_choice":"Became Test Subject","floor":27.0,"gold_loss":0.0,"damage_taken":0.0,"cards_obtained":["Static Discharge","Leap"]},{"cards_removed":["Hologram"],"damage_healed":0,"gold_gain":0,"player_choice":"Removed Skill","damage_taken":0,"max_hp_gain":0,"max_hp_loss":0,"event_name":"Falling","floor":44,"gold_loss":0}],"is_beta":false,"boss_relics":[{"not_picked":["Ectoplasm","Cursed Key"],"picked":"Sozu"},{"not_picked":["Philosopher\u0027s Stone","Astrolabe"],"picked":"Inserter"}],"items_purged_floors":[22,36,53],"is_endless":false,"potions_floor_spawned":[1,6,18,28,31,33,35,39,47],"ascension_level":12}}