{"host":"agn8wmerpzfmi70r","time":1608376408,"event":{"mods":["AchievementEnabler","BaseMod","BetterRewards","Minty Spire (QoL Compilation)","Permanent Neow","Relic Stats","StSLib"],"gold_per_floor":[109,109,109,124,2,2,34,34,34,34,49,69,19,30,30,129,129,84,84,84,84,84,84,84,84,84,84,84,84,84,84,84,84,84,84,84,9,9,9,9,9,9,9,9,9,9,9,9,9,9,9,9,9,9,9,9],"floor_reached":55,"playtime":3737,"items_purged":["Regret","Strike_G"],"score":859,"play_id":"9a855dad-1c6f-4409-8c43-3f1a8dd9f986","local_time":"20201219051328","is_ascension_mode":true,"campfire_choices":[{"data":"Bouncing Flask","floor":6,"key":"SMITH"},{"floor":8,"key":"REST"},{"data":"Sucker Punch","floor":10,"key":"SMITH"},{"data":"Noxious Fumes","floor":15,"key":"SMITH"},{"floor":23,"key":"REST"},{"floor":28,"key":"REST"},{"floor":32,"key":"REST"},{"floor":41,"key":"RECALL"},{"floor":45,"key":"REST"},{"data":"Footwork","floor":47,"key":"SMITH"},{"data":"Footwork","floor":49,"key":"SMITH"},{"data":"Heel Hook","floor":52,"key":"SMITH"}],"circlet_count":0,"master_deck":["Strike_G","Strike_G","Strike_G","Strike_G","Defend_G","Defend_G","Defend_G","Defend_G","Defend_G","Survivor","Neutralize","Slice","Heel Hook","Dagger Spray","Bouncing Flask+1","Sucker Punch+1","Skewer","Noxious Fumes+1","After Image","Skewer+1","PiercingWail+1","Backflip+1","Catalyst+1","Heel Hook+1","Footwork+1","Noxious Fumes","Leg Sweep","Bane+1","Die Die Die","Dodge and Roll","Footwork+1","Quick Slash+1","PiercingWail+1","Dodge and Roll+1","Noxious Fumes+1","Blur+1"],"relics":["Ring of the Snake","Smiling Mask","Matryoshka","Tough Bandages","Lantern","Pear","Ectoplasm","Red Mask","Strawberry","Bag of Marbles","Oddly Smooth Stone","Happy Flower","WristBlade","Meat on the Bone","Pen Nib","Juzu Bracelet","Snake Skull"],"acts_visited":["Exordium","TheCity","TheBeyond","TheEnding"],"potions_floor_usage":[7,16,16,24,24,25,30,31,33,44,50,55,55],"damage_taken":[{"damage":0,"enemies":"Small Slimes","floor":1,"turns":4},{"damage":18,"enemies":"Jaw Worm","floor":4,"turns":6},{"damage":17,"enemies":"3 Sentries","floor":7,"turns":8},{"damage":0,"enemies":"Cultist","floor":11,"turns":2},{"damage":4,"enemies":"Gremlin Gang","floor":12,"turns":4},{"damage":9,"enemies":"3 Louse","floor":14,"turns":2},{"damage":12,"enemies":"The Guardian","floor":16,"turns":9},{"damage":4,"enemies":"2 Thieves","floor":18,"turns":4},{"damage":16,"enemies":"Spheric Guardian","floor":19,"turns":4},{"damage":7,"enemies":"Masked Bandits","floor":20,"turns":4},{"damage":1,"enemies":"Snake Plant","floor":22,"turns":6},{"damage":24,"enemies":"Slavers","floor":24,"turns":7},{"damage":16,"enemies":"Centurion and Healer","floor":25,"turns":6},{"damage":9,"enemies":"Gremlin Leader","floor":27,"turns":6},{"damage":6,"enemies":"Shelled Parasite and Fungi","floor":29,"turns":6},{"damage":17,"enemies":"Slavers","floor":30,"turns":4},{"damage":4,"enemies":"Chosen and Byrds","floor":31,"turns":4},{"damage":29,"enemies":"Automaton","floor":33,"turns":10},{"damage":0,"enemies":"Orb Walker","floor":35,"turns":3},{"damage":14,"enemies":"3 Darklings","floor":38,"turns":4},{"damage":1,"enemies":"4 Shapes","floor":42,"turns":4},{"damage":35,"enemies":"Reptomancer","floor":44,"turns":7},{"damage":20,"enemies":"Nemesis","floor":46,"turns":6},{"damage":1,"enemies":"Writhing Mass","floor":48,"turns":8},{"damage":34,"enemies":"Donu and Deca","floor":50,"turns":10},{"damage":54,"enemies":"Shield and Spear","floor":54,"turns":9},{"damage":51,"enemies":"The Heart","floor":55,"turns":3}],"seed_played":"3452164837930710333","potions_obtained":[{"floor":1,"key":"Dexterity Potion"},{"floor":12,"key":"EntropicBrew"},{"floor":16,"key":"Fire Potion"},{"floor":25,"key":"Fire Potion"},{"floor":27,"key":"DuplicationPotion"},{"floor":30,"key":"Dexterity Potion"},{"floor":31,"key":"FearPotion"},{"floor":33,"key":"SkillPotion"},{"floor":38,"key":"Poison Potion"},{"floor":44,"key":"DistilledChaos"},{"floor":54,"key":"Weak Potion"}],"is_trial":false,"path_per_floor":["M","?","T","M","$","R","E","R","T","R","M","M","$","M","R","B",null,"M","M","?","?","M","R","E","M","T","E","R","M","E","M","R","B",null,"M","?","$","M","?","$","R","M","T","E","R","E","R","M","R","B",null,"R","$","E","B"],"character_chosen":"THE_SILENT","items_purchased":["Slice","Bouncing Flask","LiquidBronze"],"campfire_rested":5,"item_purchase_floors":[0,5,37],"current_hp_per_floor":[70,70,70,52,52,52,35,56,66,66,66,62,62,53,53,41,80,76,60,53,38,37,62,45,29,29,20,47,41,24,20,47,18,92,92,92,92,78,78,78,78,77,77,54,81,61,61,60,60,38,92,92,92,50,0,0],"gold":9,"neow_bonus":"","is_daily":false,"chose_seed":false,"campfire_upgraded":6,"win_rate":0.0,"timestamp":1608376408,"path_taken":["M","?","?","M","$","R","E","R","T","R","M","M","$","?","R","BOSS","M","?","?","?","M","R","E","M","T","E","R","M","E","M","R","BOSS","M","?","$","?","?","?","R","M","T","E","R","E","R","M","R","BOSS","R","$","E","BOSS"],"items_purchased_type":["Card","Card","Potion"],"build_version":"2020-12-13","purchased_purges":2,"victory":false,"max_hp_per_floor":[70,70,70,70,70,70,70,70,80,80,80,80,80,80,80,80,80,80,80,80,85,85,85,92,92,92,92,92,92,92,92,92,92,92,92,92,92,92,92,92,92,92,92,92,92,92,92,92,92,92,92,92,92,92,92,92],"relic_stats":{"Tough Bandages":[63],"Happy Flower":[22],"counters":[33,171],"Ectoplasm":506,"Pen Nib":[6],"Snake Skull":[4],"Juzu Bracelet":0,"Smiling Mask":75,"obtain_stats":[{"Lantern":9,"Pear":9,"NeowsBlessing":0,"Happy Flower":30,"Oddly Smooth Stone":27,"Pen Nib":44,"Snake Skull":54,"Omamori":6,"Juzu Bracelet":46,"Smiling Mask":2,"Tough Bandages":7,"Matryoshka":3,"WristBlade":34,"Strawberry":24,"Ectoplasm":17,"Red Mask":20,"Bag of Marbles":26,"Ring of the Snake":0,"Meat on the Bone":43},{"Lantern":9,"Pear":9,"NeowsBlessing":0,"Happy Flower":22,"Oddly Smooth Stone":20,"Pen Nib":28,"Snake Skull":32,"Omamori":4,"Juzu Bracelet":29,"Smiling Mask":7,"Tough Bandages":9,"Matryoshka":7,"WristBlade":24,"Strawberry":18,"Ectoplasm":13,"Red Mask":16,"Bag of Marbles":19,"Ring of the Snake":0,"Meat on the Bone":27},{"Lantern":39,"Pear":39,"NeowsBlessing":0,"Happy Flower":103,"Oddly Smooth Stone":93,"Pen Nib":135,"Snake Skull":168,"Omamori":7,"Juzu Bracelet":141,"Smiling Mask":25,"Tough Bandages":39,"Matryoshka":25,"WristBlade":117,"Strawberry":81,"Ectoplasm":56,"Red Mask":68,"Bag of Marbles":87,"Ring of the Snake":0,"Meat on the Bone":128}],"Ring of the Snake":[66],"Meat on the Bone":36},"card_choices":[{"not_picked":["Masterful Stab","Blur"],"picked":"Heel Hook","floor":1},{"not_picked":["Heel Hook","Bane"],"picked":"Dagger Spray","floor":4},{"not_picked":["Outmaneuver","Expertise"],"picked":"Sucker Punch","floor":7},{"not_picked":["Acrobatics","Poisoned Stab","Prepared"],"picked":"SKIP","floor":11},{"not_picked":["Leg Sweep","Flechettes"],"picked":"Skewer","floor":12},{"not_picked":["Underhanded Strike","Quick Slash"],"picked":"Noxious Fumes","floor":14},{"not_picked":["Glass Knife","Bullet Time"],"picked":"After Image","floor":16},{"not_picked":["Deflect","Backflip"],"picked":"Skewer+1","floor":18},{"not_picked":["Slice+1","Heel Hook"],"picked":"PiercingWail+1","floor":19},{"not_picked":["PiercingWail+1","Skewer"],"picked":"Backflip+1","floor":20},{"not_picked":["Underhanded Strike","Dagger Spray","Slice"],"picked":"SKIP","floor":22},{"not_picked":["Blade Dance+1","Heel Hook"],"picked":"Catalyst","floor":24},{"not_picked":["Sucker Punch+1","Heel Hook","Dagger Spray"],"picked":"SKIP","floor":25},{"not_picked":["Sucker Punch+1","Dagger Spray"],"picked":"Heel Hook","floor":25},{"not_picked":["Well Laid Plans","Slice+1"],"picked":"Footwork","floor":27},{"not_picked":["Masterful Stab","Prepared"],"picked":"Noxious Fumes","floor":29},{"not_picked":["Predator+1","Noxious Fumes"],"picked":"Leg Sweep","floor":30},{"not_picked":["Blade Dance","Deflect"],"picked":"Bane+1","floor":31},{"not_picked":["After Image","Wraith Form v2"],"picked":"Die Die Die","floor":33},{"not_picked":["Dagger Spray+1","Slice"],"picked":"Dodge and Roll","floor":35},{"not_picked":["Prepared","Reflex+1"],"picked":"Quick Slash+1","floor":38},{"not_picked":["Masterful Stab","Dodge and Roll"],"picked":"PiercingWail+1","floor":42},{"not_picked":["Skewer+1","Escape Plan"],"picked":"Dodge and Roll+1","floor":44},{"not_picked":["Prepared+1","Choke+1"],"picked":"Noxious Fumes+1","floor":46},{"not_picked":["Sucker Punch","Tools of the Trade","Outmaneuver+1"],"picked":"SKIP","floor":48},{"not_picked":["Footwork+1","Crippling Poison"],"picked":"Blur+1","floor":54}],"player_experience":59360,"relics_obtained":[{"floor":3,"key":"Matryoshka"},{"floor":7,"key":"Tough Bandages"},{"floor":9,"key":"Lantern"},{"floor":9,"key":"Pear"},{"floor":20,"key":"Red Mask"},{"floor":24,"key":"Strawberry"},{"floor":26,"key":"Bag of Marbles"},{"floor":27,"key":"Oddly Smooth Stone"},{"floor":30,"key":"Happy Flower"},{"floor":43,"key":"Meat on the Bone"},{"floor":44,"key":"Pen Nib"},{"floor":46,"key":"Juzu Bracelet"},{"floor":54,"key":"Snake Skull"}],"event_choices":[{"damage_healed":0,"gold_gain":0,"player_choice":"Box","damage_taken":0,"relics_obtained":["Smiling Mask"],"max_hp_gain":0,"max_hp_loss":0,"event_name":"Big Fish","floor":2,"gold_loss":0,"cards_obtained":["Regret"]},{"damage_healed":0,"gold_gain":0,"player_choice":"Fought Bandits","damage_taken":0,"max_hp_gain":0,"max_hp_loss":0,"event_name":"Masked Bandits","floor":20,"gold_loss":0},{"damage_healed":0,"gold_gain":0,"player_choice":"Shed Blood","damage_taken":20,"max_hp_gain":5,"max_hp_loss":0,"event_name":"Forgotten Altar","floor":21,"gold_loss":0},{"damage_healed":0,"gold_gain":0,"player_choice":"Copied","damage_taken":0,"max_hp_gain":0,"max_hp_loss":0,"event_name":"Duplicator","floor":36,"gold_loss":0,"cards_obtained":["Footwork"]},{"damage_healed":0,"gold_gain":0,"player_choice":"Forge","damage_taken":0,"max_hp_gain":0,"max_hp_loss":0,"event_name":"Accursed Blacksmith","floor":39,"gold_loss":0,"cards_upgraded":["Catalyst"]}],"is_beta":false,"boss_relics":[{"not_picked":["Busted Crown","Snecko Eye"],"picked":"Ectoplasm"},{"not_picked":["Astrolabe","Tiny House"],"picked":"WristBlade"}],"items_purged_floors":[5,13],"is_endless":false,"potions_floor_spawned":[1,12,16,22,25,27,30,31,33,38,42,44,54],"killed_by":"The Heart","ascension_level":2}}