{"host":"15dd7v8o90xso62x","time":1608400916,"event":{"mods":["BaseMod","Minty Spire (QoL Compilation)","Quick Restart","StSLib"],"gold_per_floor":[118,134,84,94,110,110,139,152,152,152,173,173,191,229,229,354,354,379,395,395,395,310,310,350,366,389,42,42,42],"floor_reached":28,"playtime":632,"items_purged":["Strike_P"],"score":275,"play_id":"ed1e2a4d-85fd-49db-b1ae-7ab69dc2ad7a","local_time":"20201220030156","is_ascension_mode":false,"campfire_choices":[{"data":"Eruption","floor":6.0,"key":"SMITH"},{"data":"Prostrate","floor":12.0,"key":"SMITH"},{"data":"CrushJoints","floor":15.0,"key":"SMITH"},{"data":"MasterReality","floor":23,"key":"SMITH"}],"circlet_count":0,"master_deck":["Strike_P","Strike_P","Defend_P","Eruption+1","Vigilance","BattleHymn","ClearTheMind","Worship","Prostrate+1","Perseverance","CrushJoints+1","MasterReality+1","BowlingBash","ClearTheMind+1","LikeWater","Prostrate"],"relics":["PureWater","Nunchaku","Bag of Marbles","Golden Idol","Vajra","Black Star","Shuriken","Centennial Puzzle","Bottled Flame","Happy Flower","Membership Card","Gambling Chip"],"acts_visited":["Exordium","TheCity"],"potions_floor_usage":[19,24,24,25],"damage_taken":[{"damage":1.0,"enemies":"Jaw Worm","floor":1.0,"turns":3.0},{"damage":0.0,"enemies":"Small Slimes","floor":2.0,"turns":2.0},{"damage":0.0,"enemies":"2 Louse","floor":4.0,"turns":2.0},{"damage":0.0,"enemies":"2 Fungi Beasts","floor":5.0,"turns":2.0},{"damage":0.0,"enemies":"Gremlin Nob","floor":7.0,"turns":2.0},{"damage":7.0,"enemies":"Looter","floor":8.0,"turns":3.0},{"damage":8.0,"enemies":"Exordium Wildlife","floor":11.0,"turns":3.0},{"damage":0.0,"enemies":"Blue Slaver","floor":13.0,"turns":3.0},{"damage":14.0,"enemies":"3 Sentries","floor":14.0,"turns":3.0},{"damage":13.0,"enemies":"Hexaghost","floor":16.0,"turns":4.0},{"damage":1.0,"enemies":"Chosen","floor":18.0,"turns":3.0},{"damage":15,"enemies":"Shell Parasite","floor":19,"turns":5},{"damage":25,"enemies":"Slavers","floor":24,"turns":3},{"damage":12,"enemies":"Snecko","floor":25,"turns":4}],"seed_played":"7382849238336152058","potions_obtained":[{"floor":2.0,"key":"DistilledChaos"},{"floor":7.0,"key":"Energy Potion"},{"floor":8.0,"key":"Regen Potion"},{"floor":11.0,"key":"SkillPotion"},{"floor":16.0,"key":"DuplicationPotion"},{"floor":18.0,"key":"SkillPotion"},{"floor":24,"key":"EntropicBrew"}],"is_trial":false,"path_per_floor":["M","M","?","M","M","R","E","M","T","?","M","R","M","E","R","B",null,"M","M","?","?","?","R","E","M","T","$","?"],"character_chosen":"WATCHER","items_purchased":["Membership Card","Gambling Chip"],"campfire_rested":0,"item_purchase_floors":[27,27],"current_hp_per_floor":[71,71,71,71,71,71,71,64,64,46,38,38,38,24,24,11,72,71,56,56,56,56,56,40,28,28,28,28,28],"gold":42,"neow_bonus":"REMOVE_CARD","is_daily":false,"chose_seed":false,"campfire_upgraded":4,"win_rate":0.0,"timestamp":1608400916,"path_taken":["M","M","?","M","M","R","E","M","T","?","M","R","M","E","R","BOSS","M","M","?","?","?","R","E","M","T","$","?"],"items_purchased_type":["Relic","Relic"],"build_version":"2020-12-13","purchased_purges":1,"victory":false,"max_hp_per_floor":[72,72,72,72,72,72,72,72,72,72,72,72,72,72,72,72,72,72,72,72,72,72,72,72,72,72,72,72,72],"card_choices":[{"not_picked":["Consecrate","Protect"],"picked":"BattleHymn","floor":1.0},{"not_picked":["Crescendo","Pray"],"picked":"ClearTheMind","floor":2.0},{"not_picked":["FollowUp","EmptyMind","Sanctity"],"picked":"SKIP","floor":4.0},{"not_picked":["ForeignInfluence","PathToVictory","EmptyMind"],"picked":"SKIP","floor":5.0},{"not_picked":["ThirdEye","JustLucky"],"picked":"Worship","floor":7.0},{"not_picked":["SignatureMove","Perseverance"],"picked":"Prostrate","floor":8.0},{"not_picked":["ThirdEye","FlyingSleeves","EmptyFist"],"picked":"SKIP","floor":11.0},{"not_picked":["BattleHymn","EmptyMind"],"picked":"Perseverance","floor":13.0},{"not_picked":["ClearTheMind","FlurryOfBlows"],"picked":"CrushJoints","floor":14.0},{"not_picked":["DevaForm","Blasphemy"],"picked":"MasterReality","floor":16.0},{"not_picked":["SashWhip","Evaluate+1"],"picked":"BowlingBash","floor":18.0},{"not_picked":["ThirdEye","JustLucky+1"],"picked":"ClearTheMind+1","floor":19},{"not_picked":["FollowUp","Prostrate","LikeWater"],"picked":"SKIP","floor":24},{"not_picked":["FlyingSleeves+1","ThirdEye","Conclude"],"picked":"SKIP","floor":25}],"player_experience":923890,"relics_obtained":[{"floor":7.0,"key":"Nunchaku"},{"floor":9.0,"key":"Bag of Marbles"},{"floor":14.0,"key":"Vajra"},{"floor":24,"key":"Centennial Puzzle"},{"floor":24,"key":"Bottled Flame"},{"floor":26,"key":"Happy Flower"}],"event_choices":[{"cards_removed":["Defend_P"],"damage_healed":0.0,"max_hp_gain":0.0,"max_hp_loss":0.0,"gold_gain":0.0,"event_name":"The Cleric","player_choice":"Card Removal","floor":3.0,"gold_loss":50.0,"damage_taken":0.0},{"damage_healed":0.0,"max_hp_gain":0.0,"max_hp_loss":0.0,"gold_gain":0.0,"event_name":"Golden Idol","player_choice":"Take Damage","floor":10.0,"gold_loss":0.0,"damage_taken":18.0,"relics_obtained":["Golden Idol"]},{"damage_healed":0,"gold_gain":0,"cards_transformed":["Strike_P","Defend_P"],"player_choice":"Became Test Subject","damage_taken":0,"max_hp_gain":0,"max_hp_loss":0,"event_name":"Drug Dealer","floor":20,"gold_loss":0,"cards_obtained":["LikeWater","Prostrate"]},{"damage_healed":0,"gold_gain":0,"player_choice":"Ignored","damage_taken":0,"max_hp_gain":0,"max_hp_loss":0,"event_name":"Cursed Tome","floor":21,"gold_loss":0},{"damage_healed":0,"gold_gain":0,"player_choice":"Obtained Relic","damage_taken":0,"relics_obtained":["Shuriken"],"max_hp_gain":0,"max_hp_loss":0,"event_name":"Addict","floor":22,"gold_loss":85}],"is_beta":false,"boss_relics":[{"not_picked":["Ectoplasm","Coffee Dripper"],"picked":"Black Star"}],"items_purged_floors":[27],"is_endless":false,"potions_floor_spawned":[2,7,8,11,13,16,18,24],"ascension_level":0}}