{"host":"7krnriczr1b2ou5r","time":1608380596,"event":{"mods":["BaseMod","Keyboard Shortcuts","Minty Spire (QoL Compilation)","Relic Stats","StSLib","The Dragon Tamer","The Poker Player"],"gold_per_floor":[111,121,137,137,148,179,179,192,192,207,84,119,135,151,151,249,249,265,364,193,206,206,232,232,259,284,314,314,674,17,34,34,138,138,149,166,182,197,208,238,265,277,335,347,359,697,16,44,44,44,44,44,71,102,102],"floor_reached":56,"playtime":3478,"items_purged":["DTMod:TargetDefense","DTMod:TargetDefense","DTMod:Strike","DTMod:TargetDefense"],"score":2576,"play_id":"d96529c5-f013-4f6f-bb08-4223f4784a8d","local_time":"20201219212316","is_ascension_mode":true,"metric_token":479,"campfire_choices":[{"data":"DTMod:Training","floor":7.0,"key":"SMITH"},{"data":"DTMod:EchoTactic","floor":15.0,"key":"SMITH"},{"data":"1","floor":24.0,"key":"LIFT"},{"data":"2","floor":32.0,"key":"LIFT"},{"floor":42.0,"key":"RECALL"},{"data":"3","floor":45.0,"key":"LIFT"},{"data":"DTMod:RunningTactic","floor":49.0,"key":"SMITH"},{"data":"DTMod:Threaten","floor":52.0,"key":"SMITH"}],"dtmod_dragon_data":[50,50,3,3,6,2],"circlet_count":0,"master_deck":["AscendersBane","DTMod:Strike+1","DTMod:DoubleHit+1","DTMod:TargetDefense+1","DTMod:MagiciansMark+1","DTMod:Multitask+1","DTMod:Harmonize+1","DTMod:ComboAttack+1","DTMod:SwitchingTactic+1","DTMod:TriAttack+1","DTMod:CrossStep+1","DTMod:Threaten+1","DTMod:WarmUp","DTMod:HeatWave+1","DTMod:TagTeam+1","DTMod:TagTeam+1","DTMod:Training+1","DTMod:EchoTactic+1","DTMod:LightShield+1","DTMod:CalculatedDefense","DTMod:ComboAttack","DTMod:ShadowImage+1","DTMod:Shift","DTMod:RunningTactic+1"],"relics":["DTMod:PactStone","Black Star","Mummified Hand","DTMod:SwitchButton","Bag of Marbles","Bottled Lightning","Bottled Tornado","DTMod:AncientBone","Regal Pillow","Omamori","Philosopher\u0027s Stone","Girya","Nunchaku","Strawberry","Happy Flower","DTMod:BasicTextbook","Frozen Egg 2","Centennial Puzzle","The Courier","Membership Card","TheAbacus","Juzu Bracelet","Letter Opener","Singing Bowl","Shuriken","Oddly Smooth Stone","FossilizedHelix","Cursed Key","Bag of Preparation","Bag of Marbles","Kunai","MawBank","Pen Nib","Old Coin","InkBottle","Sling","Potion Belt","Boot","Bag of Preparation","Pear","Sundial","Bottled Flame","Pantograph","Toy Ornithopter","Blood Vial","Lantern","ClockworkSouvenir","Anchor","Whetstone","Gremlin Horn","Art of War","War Paint","Bronze Scales","Eternal Feather","HornCleat","Ornamental Fan","DTMod:TacticalNote","Unceasing Top"],"acts_visited":["Exordium","TheCity","TheBeyond","TheEnding"],"potions_floor_usage":[55,55],"damage_taken":[{"damage":0.0,"enemies":"Jaw Worm","floor":1.0,"turns":3.0},{"damage":0.0,"enemies":"Cultist","floor":2.0,"turns":3.0},{"damage":0.0,"enemies":"2 Louse","floor":3.0,"turns":2.0},{"damage":0.0,"enemies":"Exordium Wildlife","floor":5.0,"turns":4.0},{"damage":0.0,"enemies":"Lagavulin","floor":6.0,"turns":5.0},{"damage":0.0,"enemies":"2 Fungi Beasts","floor":8.0,"turns":1.0},{"damage":0.0,"enemies":"3 Louse","floor":10.0,"turns":2.0},{"damage":0.0,"enemies":"Gremlin Nob","floor":12.0,"turns":3.0},{"damage":0.0,"enemies":"Gremlin Gang","floor":13.0,"turns":4.0},{"damage":0.0,"enemies":"Lots of Slimes","floor":14.0,"turns":4.0},{"damage":0.0,"enemies":"Slime Boss","floor":16.0,"turns":6.0},{"damage":0.0,"enemies":"2 Thieves","floor":18.0,"turns":3.0},{"damage":0.0,"enemies":"Spheric Guardian","floor":21.0,"turns":3.0},{"damage":0.0,"enemies":"Gremlin Leader","floor":23.0,"turns":4.0},{"damage":0.0,"enemies":"Book of Stabbing","floor":25.0,"turns":3.0},{"damage":0.0,"enemies":"Slavers","floor":27.0,"turns":3.0},{"damage":0.0,"enemies":"Snecko","floor":31.0,"turns":3.0},{"damage":0.0,"enemies":"Automaton","floor":33.0,"turns":7.0},{"damage":0.0,"enemies":"Orb Walker","floor":35.0,"turns":2.0},{"damage":0.0,"enemies":"3 Darklings","floor":36.0,"turns":3.0},{"damage":0.0,"enemies":"Spire Growth","floor":37.0,"turns":2.0},{"damage":0.0,"enemies":"Sphere and 2 Shapes","floor":38.0,"turns":4.0},{"damage":0.0,"enemies":"3 Darklings","floor":39.0,"turns":2.0},{"damage":0.0,"enemies":"Giant Head","floor":40.0,"turns":3.0},{"damage":0.0,"enemies":"4 Shapes","floor":41.0,"turns":2.0},{"damage":0.0,"enemies":"Reptomancer","floor":46.0,"turns":2.0},{"damage":0.0,"enemies":"Giant Head","floor":48.0,"turns":1.0},{"damage":0.0,"enemies":"Awakened One","floor":50.0,"turns":3.0},{"damage":0.0,"enemies":"Shield and Spear","floor":54.0,"turns":2.0},{"damage":0,"enemies":"The Heart","floor":55,"turns":3}],"seed_played":"1815910919247913137","potions_obtained":[{"floor":2.0,"key":"LiquidMemories"},{"floor":5.0,"key":"DistilledChaos"},{"floor":8.0,"key":"Block Potion"},{"floor":14.0,"key":"ColorlessPotion"},{"floor":21.0,"key":"BlessingOfTheForge"},{"floor":46.0,"key":"Block Potion"},{"floor":48.0,"key":"SpeedPotion"}],"is_trial":false,"path_per_floor":["M","M","M","?","M","E","R","M","T","M","$","E","M","M","R","B",null,"M","?","$","M","?","E","R","E","T","E","?","?","$","M","R","B",null,"M","M","M","M","M","E","M","R","T","?","R","E","$","E","R","B",null,"R","$","E","B",null],"character_chosen":"THE_DT","items_purchased":["AttackPotion","DTMod:CalculatedDefense","TheAbacus","DTMod:ShadowImage+1","Juzu Bracelet","Letter Opener","Singing Bowl","Shuriken","Oddly Smooth Stone","FossilizedHelix","InkBottle","Sling","Potion Belt","Boot","Bag of Preparation","Pear","Sundial","Bottled Flame","Blood Vial","Lantern","ClockworkSouvenir","Anchor","Whetstone","Gremlin Horn","Art of War","War Paint","Bronze Scales","Eternal Feather","HornCleat","Ornamental Fan","ColorlessPotion"],"campfire_rested":0,"item_purchase_floors":[11,20,30,30,30,30,30,30,30,30,47,47,47,47,47,47,47,47,53,53,53,53,53,53,53,53,53,53,53,53,53],"current_hp_per_floor":[41,41,41,41,41,41,41,41,41,41,41,41,41,41,41,41,44,44,44,44,44,44,44,44,51,51,51,51,15,15,17,17,19,47,49,51,51,53,53,55,57,57,57,57,57,59,69,71,71,80,80,80,80,82,82],"gold":102,"neow_bonus":"REMOVE_CARD","is_daily":false,"chose_seed":false,"campfire_upgraded":4,"win_rate":0.0,"timestamp":1608380596,"path_taken":["M","M","M","?","?","E","R","M","T","M","$","E","M","M","R","BOSS","M","?","$","M","?","E","R","E","T","E","?","?","$","M","R","BOSS","M","M","M","M","M","E","M","R","T","?","R","E","$","E","R","BOSS","R","$","E","BOSS"],"items_purchased_type":["Potion","Card","Relic","Card","Relic","Relic","Relic","Relic","Relic","Relic","Relic","Relic","Relic","Relic","Relic","Relic","Relic","Relic","Relic","Relic","Relic","Relic","Relic","Relic","Relic","Relic","Relic","Relic","Relic","Relic","Potion"],"build_version":"2020-12-13","purchased_purges":4,"victory":true,"max_hp_per_floor":[45,45,45,45,45,45,45,45,45,45,45,45,45,45,45,45,45,45,45,45,45,45,45,45,52,52,52,52,52,52,54,54,56,56,58,60,60,62,62,64,66,66,66,66,66,68,78,80,80,80,80,80,80,82,82],"relic_stats":{"Regal Pillow":0,"Singing Bowl":20,"Gremlin Horn":[1,1],"Juzu Bracelet":1,"Bag of Preparation":[24],"Whetstone":["DTMod:Strike","DTMod:DoubleHit"],"Cursed Key":1,"Boot":[0],"Blood Vial":0,"Nunchaku":[17],"Centennial Puzzle":[0],"TheAbacus":[150],"Mummified Hand":[139],"Sundial":[10],"Pantograph":9,"Kunai":[25],"InkBottle":[19],"Happy Flower":[14],"counters":[30,92],"Eternal Feather":0,"Pen Nib":[7],"Letter Opener":[344],"War Paint":["DTMod:TargetDefense","DTMod:TagTeam"],"MawBank":84,"Shuriken":[40],"Ornamental Fan":[52],"Bronze Scales":[0],"Black Star":9,"Art of War":[0],"obtain_stats":[{"Gremlin Horn":53,"Whetstone":53,"Bottled Tornado":6,"Sling":47,"Boot":47,"Old Coin":46,"Blood Vial":53,"Centennial Puzzle":27,"HornCleat":53,"DTMod:TacticalNote":54,"Sundial":47,"Strawberry":25,"Philosopher\u0027s Stone":17,"Kunai":40,"Girya":23,"Pear":47,"Happy Flower":25,"Oddly Smooth Stone":30,"Eternal Feather":53,"Pen Nib":46,"Letter Opener":30,"War Paint":53,"Bottled Flame":47,"Shuriken":30,"Bronze Scales":53,"Black Star":0,"Unceasing Top":54,"Regal Pillow":12,"Lantern":53,"Singing Bowl":30,"DTMod:AncientBone":9,"Juzu Bracelet":30,"Bag of Preparation":36,"Cursed Key":34,"ClockworkSouvenir":53,"Nunchaku":23,"TheAbacus":30,"Mummified Hand":1,"Pantograph":48,"InkBottle":47,"Potion Belt":47,"The Courier":29,"Omamori":12,"Frozen Egg 2":27,"MawBank":40,"DTMod:SwitchButton":1,"Anchor":53,"DTMod:PactStone":0,"Ornamental Fan":53,"DTMod:BasicTextbook":26,"Bag of Marbles":6,"Art of War":53,"Bottled Lightning":6,"Membership Card":29,"FossilizedHelix":30,"Toy Ornithopter":48},{"Gremlin Horn":28,"Whetstone":28,"Bottled Tornado":5,"Sling":26,"Boot":26,"Old Coin":26,"Blood Vial":28,"Centennial Puzzle":16,"HornCleat":28,"DTMod:TacticalNote":29,"Sundial":26,"Strawberry":15,"Philosopher\u0027s Stone":11,"Kunai":24,"Girya":14,"Pear":26,"Happy Flower":15,"Oddly Smooth Stone":16,"Eternal Feather":28,"Pen Nib":26,"Letter Opener":16,"War Paint":28,"Bottled Flame":26,"Shuriken":16,"Bronze Scales":28,"Black Star":0,"Unceasing Top":29,"Regal Pillow":8,"Lantern":28,"Singing Bowl":16,"DTMod:AncientBone":6,"Juzu Bracelet":16,"Bag of Preparation":20,"Cursed Key":18,"ClockworkSouvenir":28,"Nunchaku":14,"TheAbacus":16,"Mummified Hand":1,"Pantograph":27,"InkBottle":26,"Potion Belt":26,"The Courier":16,"Omamori":8,"Frozen Egg 2":16,"MawBank":24,"DTMod:SwitchButton":1,"Anchor":28,"DTMod:PactStone":0,"Ornamental Fan":28,"DTMod:BasicTextbook":15,"Bag of Marbles":5,"Art of War":28,"Bottled Lightning":5,"Membership Card":16,"FossilizedHelix":16,"Toy Ornithopter":27},{"Gremlin Horn":87,"Whetstone":87,"Bottled Tornado":17,"Sling":83,"Boot":83,"Old Coin":83,"Blood Vial":87,"Centennial Puzzle":53,"HornCleat":87,"DTMod:TacticalNote":89,"Sundial":83,"Strawberry":50,"Philosopher\u0027s Stone":37,"Kunai":79,"Girya":47,"Pear":83,"Happy Flower":50,"Oddly Smooth Stone":53,"Eternal Feather":87,"Pen Nib":83,"Letter Opener":53,"War Paint":87,"Bottled Flame":83,"Shuriken":53,"Bronze Scales":87,"Black Star":0,"Unceasing Top":89,"Regal Pillow":23,"Lantern":87,"Singing Bowl":53,"DTMod:AncientBone":18,"Juzu Bracelet":53,"Bag of Preparation":68,"Cursed Key":63,"ClockworkSouvenir":87,"Nunchaku":47,"TheAbacus":53,"Mummified Hand":2,"Pantograph":84,"InkBottle":83,"Potion Belt":83,"The Courier":53,"Omamori":23,"Frozen Egg 2":53,"MawBank":79,"DTMod:SwitchButton":3,"Anchor":87,"DTMod:PactStone":0,"Ornamental Fan":87,"DTMod:BasicTextbook":50,"Bag of Marbles":17,"Art of War":87,"Bottled Lightning":17,"Membership Card":53,"FossilizedHelix":53,"Toy Ornithopter":84}],"Toy Ornithopter":0,"Unceasing Top":[0]},"card_choices":[{"not_picked":["DTMod:BreakAttack","DTMod:MasterPlan"],"picked":"DTMod:HeatWave","floor":1.0},{"not_picked":["DTMod:InvisibleFlame","DTMod:BurningEnergy"],"picked":"DTMod:Threaten","floor":2.0},{"not_picked":["DTMod:BlazingStrike","DTMod:InvisibleFlame"],"picked":"DTMod:WarmUp","floor":3.0},{"not_picked":["DTMod:Weaken","DTMod:HeatWave"],"picked":"DTMod:TagTeam","floor":5.0},{"not_picked":["DTMod:BreakAttack","DTMod:ComboAttack"],"picked":"DTMod:Training","floor":6.0},{"not_picked":["DTMod:Threaten","DTMod:FlameSlash"],"picked":"DTMod:EchoTactic","floor":8.0},{"not_picked":["DTMod:BuildUp","DTMod:Hide","DTMod:Dissolve"],"picked":"SKIP","floor":10.0},{"not_picked":["DTMod:FlameSlash","DTMod:BalancedStrike","DTMod:Feint"],"picked":"SKIP","floor":12.0},{"not_picked":["DTMod:CleansingStrike","DTMod:QuickFly","DTMod:Feint"],"picked":"SKIP","floor":13.0},{"not_picked":["DTMod:StunTrap","DTMod:Dissolve","DTMod:BizarreTactic"],"picked":"SKIP","floor":14.0},{"not_picked":["DTMod:Hide+1","DTMod:MaximumCharge+1","DTMod:BuildUp+1"],"picked":"SKIP","floor":18.0},{"not_picked":["DTMod:Hide","DTMod:BurningEnergy","DTMod:Training+1"],"picked":"SKIP","floor":21.0},{"not_picked":["DTMod:PurifyingFlame","DTMod:LowKick","DTMod:MasterPlan"],"picked":"SKIP","floor":23.0},{"not_picked":["DTMod:FlameSlash+1","DTMod:Punisher+1","DTMod:LastStand"],"picked":"SKIP","floor":25.0},{"not_picked":["DTMod:WarmUp+1","DTMod:LowKick","DTMod:Punisher"],"picked":"SKIP","floor":27.0},{"not_picked":["DTMod:StarRain","DTMod:Punisher","DTMod:Observe"],"picked":"Singing Bowl","floor":31.0},{"not_picked":["DTMod:ShadowImage+1","DTMod:Outburst","DTMod:Inferno"],"picked":"Singing Bowl","floor":33.0},{"not_picked":["DTMod:Weaken","DTMod:Training+1","DTMod:DragonDance+1"],"picked":"Singing Bowl","floor":35.0},{"not_picked":["DTMod:TagTeam","DTMod:Feint","DTMod:Dissolve+1"],"picked":"Singing Bowl","floor":36.0},{"not_picked":["DTMod:BurningEnergy","DTMod:Punisher"],"picked":"DTMod:Shift","floor":37.0},{"not_picked":["DTMod:Dissolve+1","DTMod:CleansingStrike+1","DTMod:LastStand"],"picked":"Singing Bowl","floor":38.0},{"not_picked":["DTMod:Cover+1","DTMod:StarRain"],"picked":"DTMod:RunningTactic","floor":39.0},{"not_picked":["DTMod:PurifyingFlame+1","DTMod:Threaten+1","DTMod:OpeningTactic"],"picked":"Singing Bowl","floor":40.0},{"not_picked":["DTMod:DeepFocus+1","DTMod:Hide","DTMod:Dissolve+1"],"picked":"Singing Bowl","floor":41.0},{"not_picked":["DTMod:Hide+1","DTMod:Punisher","DTMod:Threaten+1"],"picked":"Singing Bowl","floor":46.0},{"not_picked":["DTMod:Conduct+1","DTMod:Shift+1","DTMod:BlueScale+1"],"picked":"Singing Bowl","floor":48.0},{"not_picked":["DTMod:SealedStrike","DTMod:LastStand+1","DTMod:FlameSlash+1"],"picked":"Singing Bowl","floor":54.0}],"player_experience":1122439,"relics_obtained":[{"floor":6.0,"key":"Bag of Marbles"},{"floor":6.0,"key":"Bottled Lightning"},{"floor":9.0,"key":"DTMod:AncientBone"},{"floor":12.0,"key":"Regal Pillow"},{"floor":12.0,"key":"Omamori"},{"floor":23.0,"key":"Girya"},{"floor":23.0,"key":"Nunchaku"},{"floor":25.0,"key":"Strawberry"},{"floor":25.0,"key":"Happy Flower"},{"floor":26.0,"key":"DTMod:BasicTextbook"},{"floor":27.0,"key":"Frozen Egg 2"},{"floor":27.0,"key":"Centennial Puzzle"},{"floor":40.0,"key":"Kunai"},{"floor":40.0,"key":"MawBank"},{"floor":46.0,"key":"Pen Nib"},{"floor":46.0,"key":"Old Coin"},{"floor":48.0,"key":"Pantograph"},{"floor":48.0,"key":"Toy Ornithopter"},{"floor":54.0,"key":"DTMod:TacticalNote"},{"floor":54.0,"key":"Unceasing Top"}],"event_choices":[{"damage_healed":0.0,"max_hp_gain":0.0,"max_hp_loss":0.0,"gold_gain":0.0,"cards_transformed":["DTMod:Strike"],"event_name":"Transmorgrifier","player_choice":"Transformed","floor":4.0,"gold_loss":0.0,"damage_taken":0.0,"cards_obtained":["DTMod:Dissolve"]},{"damage_healed":0.0,"max_hp_gain":0.0,"max_hp_loss":0.0,"gold_gain":99.0,"event_name":"Nest","player_choice":"Stole From Cult","floor":19.0,"gold_loss":0.0,"damage_taken":0.0},{"damage_healed":0.0,"max_hp_gain":0.0,"max_hp_loss":0.0,"gold_gain":0.0,"event_name":"Cursed Tome","player_choice":"Ignored","floor":22.0,"gold_loss":0.0,"damage_taken":0.0},{"damage_healed":0.0,"max_hp_gain":0.0,"max_hp_loss":0.0,"gold_gain":0.0,"event_name":"The Library","player_choice":"Read","floor":28.0,"gold_loss":0.0,"damage_taken":0.0,"cards_obtained":["DTMod:ComboAttack"]},{"damage_healed":0.0,"max_hp_gain":0.0,"max_hp_loss":0.0,"gold_gain":360.0,"event_name":"Knowing Skull","player_choice":"GOLD GOLD GOLD GOLD ","floor":29.0,"potions_obtained":[],"gold_loss":0.0,"damage_taken":36.0,"cards_obtained":[]},{"damage_healed":0.0,"max_hp_gain":0.0,"max_hp_loss":0.0,"gold_gain":0.0,"event_name":"Lab","player_choice":"Got Potions","floor":44.0,"gold_loss":0.0,"damage_taken":0.0}],"is_beta":false,"boss_relics":[{"not_picked":["Ectoplasm","Pandora\u0027s Box"],"picked":"Philosopher\u0027s Stone"},{"not_picked":["Sozu","SacredBark"],"picked":"Cursed Key"}],"items_purged_floors":[11,20,47,53],"is_endless":false,"potions_floor_spawned":[2,5,8,14,21,25,31,33,37,38,41,46,48],"ascension_level":10}}