{"host":"z4z0bb8knwtwz86e","time":1608393356,"event":{"mods":["2.2 Compatiblity","Act Like it!","BaseMod","Better Third Choice","Block Reminder","ChefMod","Colored Map","Colored Powertips","Downfall","Filter the Spire","Friendly Minions","Googly Eyes","Halation","Hallownest","Infinite Spire","Lobotomy","Luminous","Minty Spire (QoL Compilation)","Permanent Neow","Quick Restart","Rare Cards Sparkle","Replay The Spire","Robot Space Explorer","Shade Mod","Spire Birthday Party","StSLib","SuperFastMode","The Blue Laboratory","The Bug Knight","The Clintock","The Dragon Tamer","The Factory","The Jungle","TheVacant","vexMod"],"gold_per_floor":[0,19,19,19,4,23,23,23,51,51,51,62,62,78,90,90,90],"floor_reached":16,"playtime":784,"items_purged":[],"score":100,"play_id":"703ef857-4480-4e09-b575-7c9cbcf550ac","local_time":"20201219105556","is_ascension_mode":false,"campfire_choices":[{"floor":1,"key":"RECALL"},{"floor":10,"key":"REST"}],"circlet_count":0,"master_deck":["Slimebound:Strike_Slimebound","Slimebound:Strike_Slimebound","Slimebound:Strike_Slimebound","Slimebound:Tackle","Slimebound:Defend_Slimebound","Slimebound:Defend_Slimebound","Slimebound:Defend_Slimebound","Slimebound:Defend_Slimebound","Slimebound:Split+1","Slimebound:CorrosiveSpit","Slimebound:ViciousTackle","Slimebound:MassRepurpose","Slimebound:PressTheAttack","Slimebound:SplitAcid","Slimebound:RainOfGoop","Slimebound:SlimeSpikes+1","Slimebound:SpikyOuterGoop","Slimebound:MegaLick"],"relics":["Slimebound:AbsorbEndCombat","Replay:Towering Pillar of Hats","Shuriken"],"acts_visited":["Exordium"],"potions_floor_usage":[16],"damage_taken":[{"damage":14,"enemies":"Small Slimes","floor":2,"turns":4},{"damage":15,"enemies":"downfall:FleeingMerchant","floor":5,"turns":4},{"damage":14,"enemies":"2 Louse","floor":6,"turns":3},{"damage":0,"enemies":"Cultist","floor":8,"turns":1},{"damage":40,"enemies":"Lagavulin","floor":9,"turns":7},{"damage":37,"enemies":"Large Slime","floor":12,"turns":5},{"damage":19,"enemies":"Lots of Slimes","floor":14,"turns":3},{"damage":23,"enemies":"Blue Slaver","floor":15,"turns":4},{"damage":82,"enemies":"downfall:Ironclad","floor":16,"turns":10}],"seed_played":"-6944879422388153926","potions_obtained":[{"floor":4,"key":"blueLaboratory:ArtificerPotion"},{"floor":12,"key":"blueLaboratory:LouseDecoction"},{"floor":15,"key":"blueLaboratory:PhilterOfMotion"}],"is_trial":false,"path_per_floor":["R_BF","M","?","?","$","M","T","M","E","R","?","M","?","M","M","B"],"character_chosen":"SLIMEBOUND","items_purchased":[],"campfire_rested":1,"item_purchase_floors":[],"current_hp_per_floor":[60,54,54,54,51,49,49,49,37,55,55,42,42,45,34,0,0],"gold":90,"neow_bonus":"ONE_RARE_RELIC","is_daily":false,"chose_seed":false,"campfire_upgraded":0,"win_rate":0.0,"timestamp":1608393356,"path_taken":["R_BF","M","?","?","$","?","T","M","E","R","?","M","?","M","M","BOSS"],"items_purchased_type":[],"build_version":"2020-12-13","purchased_purges":0,"victory":false,"max_hp_per_floor":[60,60,60,60,60,60,60,60,60,60,60,60,60,60,60,60,60],"card_choices":[{"not_picked":["Slimebound:ItLooksTasty","Slimebound:ForwardTackle"],"picked":"Slimebound:ViciousTackle","floor":2},{"not_picked":["Slimebound:GoopSpray","Slimebound:ViciousTackle"],"picked":"Slimebound:MassRepurpose","floor":5},{"not_picked":["Slimebound:SamplingLick","Slimebound:LivingWall"],"picked":"Slimebound:PressTheAttack","floor":6},{"not_picked":["Slimebound:Nibble","Slimebound:SlimeTap"],"picked":"Slimebound:SplitAcid","floor":8},{"not_picked":["Slimebound:AcidTongue","Slimebound:FormOfPuddle"],"picked":"Slimebound:RainOfGoop","floor":9},{"not_picked":["Slimebound:LeechEnergy","Slimebound:Equalize"],"picked":"Slimebound:SlimeSpikes","floor":12},{"not_picked":["Slimebound:ItLooksTasty","Slimebound:SplitAcid"],"picked":"Slimebound:SpikyOuterGoop","floor":14},{"not_picked":["Slimebound:SplitMire","Slimebound:Repurpose"],"picked":"Slimebound:MegaLick","floor":15}],"player_experience":41317,"relics_obtained":[{"floor":9,"key":"Shuriken"}],"event_choices":[{"damage_healed":0,"gold_gain":0,"player_choice":"Grow","damage_taken":0,"max_hp_gain":0,"max_hp_loss":0,"event_name":"Living Wall","floor":13,"gold_loss":0,"cards_upgraded":["Slimebound:SlimeSpikes"]}],"is_beta":false,"boss_relics":[],"items_purged_floors":[],"is_endless":false,"potions_floor_spawned":[12,15],"killed_by":"downfall:Ironclad","ascension_level":0}}