{"host":"pew4fjlaqz7m1maf","time":1608373095,"event":{"mods":["AchievementEnabler","Bartender","BaseMod","Bestiary","Colored Map","Colored Powertips","DeckTracker","Duelist Mod","GifTheSpireLib","Hero for Fun","Hyrulean Relics","Jedi Mod","Kalas","LagranYue(ùfäiòNÅEåé)","Magitek Elite","MarisaÅiñ∂âJÅ@ñÇóùçπÅj","Minty Spire (QoL Compilation)","Prisma Mod","Quick Restart","Random Character Button","Rare Cards Sparkle","Relic Stats","Replay The Spire","SOSÅiézîb?îVéqÅj","StSLib","Steal the Spire","Td1madao Mod","The Animator","The Bug Knight","The Mystic","The Senshi","The Servant 0.9.4","The Wild Card","TheHero","Åyå˜î\ModÅz?ñæìIç≈?Boss"],"gold_per_floor":[119,119,132,31,106,135,148,167,244,264,264,284,284,300,300,300,300],"floor_reached":16,"playtime":1000,"items_purged":[],"score":129,"play_id":"7ecde0ea-4542-41d1-bfbc-e1befe0f8cec","local_time":"20201219031815","is_ascension_mode":false,"campfire_choices":[{"floor":13,"key":"REST"},{"floor":15,"key":"REST"}],"circlet_count":0,"master_deck":["animeID:Deku","animeID:Bakugo","animeID:Smash","animeID:Smash","animeID:Smash","animeID:Smash","animeID:DefendMH","animeID:DefendMH","animeID:DefendMH","animeID:DefendMH","animeID:DelawareSmash","animeID:Cementoss","animeID:Ojiro+1","animeID:Tengai+1","animeID:Nomu","animeID:FullCowl","animeID:Tomura","animeID:Twice","animeID:MirioTogata"],"relics":["animeID:HeroCostume","LagranYue:RandomDrawCardRelic","NeowsBlessing","HollowMod:StagPassRelic","White_Cape","White Beast Statue"],"acts_visited":["Exordium"],"potions_floor_usage":[14,16,16,16],"damage_taken":[{"damage":0,"enemies":"Cultist","floor":1,"turns":1},{"damage":0,"enemies":"Small Slimes","floor":3,"turns":1},{"damage":0,"enemies":"Gremlin Nob","floor":6,"turns":1},{"damage":0,"enemies":"Jaw Worm","floor":7,"turns":3},{"damage":19,"enemies":"Gremlin Gang","floor":8,"turns":6},{"damage":27,"enemies":"Exordium Thugs","floor":10,"turns":5},{"damage":3,"enemies":"2 Fungi Beasts","floor":12,"turns":3},{"damage":2,"enemies":"Blue Slaver","floor":14,"turns":4},{"damage":61,"enemies":"The Guardian","floor":16,"turns":9}],"seed_played":"-7002069513096368988","potions_obtained":[{"floor":3,"key":"jedi:holywater"},{"floor":10,"key":"Languid Potion"},{"floor":12,"key":"Venom Potion"},{"floor":14,"key":"Swift Potion"}],"is_trial":false,"path_per_floor":["M","T","M","$","?","E","M","M","T","M","?","M","R","M","R","B"],"character_chosen":"THE_HERO","items_purchased":["animeID:Ojiro","animeID:Tengai+1"],"campfire_rested":2,"item_purchase_floors":[4,4],"current_hp_per_floor":[75,75,75,75,68,68,70,53,53,30,35,32,54,54,75,18,18],"gold":300,"neow_bonus":"THREE_ENEMY_KILL","is_daily":false,"chose_seed":false,"campfire_upgraded":0,"win_rate":0.0,"timestamp":1608373095,"path_taken":["M","?","M","$","?","E","M","?","T","M","?","?","R","M","R","BOSS"],"items_purchased_type":["Card","Card"],"build_version":"2020-12-13","purchased_purges":0,"victory":false,"max_hp_per_floor":[75,75,75,75,75,75,75,75,75,75,75,75,75,75,75,75,75],"relic_stats":{"counters":[9,33],"obtain_stats":[{"LagranYue:RandomDrawCardRelic":0,"NeowsBlessing":0,"animeID:HeroCostume":0,"HollowMod:StagPassRelic":2,"White_Cape":6,"White Beast Statue":9},{"LagranYue:RandomDrawCardRelic":0,"NeowsBlessing":0,"animeID:HeroCostume":0,"HollowMod:StagPassRelic":1,"White_Cape":3,"White Beast Statue":5},{"LagranYue:RandomDrawCardRelic":0,"NeowsBlessing":0,"animeID:HeroCostume":0,"HollowMod:StagPassRelic":1,"White_Cape":3,"White Beast Statue":12}]},"card_choices":[{"not_picked":["animeID:ToruHagakure","animeID:TodorokiShoto"],"picked":"animeID:DelawareSmash","floor":1},{"not_picked":["animeID:Tsuyu","animeID:Mineta"],"picked":"animeID:Cementoss","floor":3},{"not_picked":["animeID:Aoyama","animeID:DelawareSmash"],"picked":"animeID:Nomu","floor":6},{"not_picked":["animeID:Uraraka","animeID:Mina"],"picked":"animeID:FullCowl","floor":7},{"not_picked":["animeID:Momo","animeID:Nomu"],"picked":"animeID:Mezo","floor":8},{"not_picked":["animeID:GranTorino","animeID:Kaminari"],"picked":"animeID:Tomura","floor":10},{"not_picked":["animeID:Aoyama","animeID:Mezo"],"picked":"animeID:Twice","floor":12},{"not_picked":["animeID:Bakugo","animeID:Rappa"],"picked":"animeID:MirioTogata","floor":14}],"player_experience":37529,"relics_obtained":[{"floor":2,"key":"HollowMod:StagPassRelic"},{"floor":6,"key":"White_Cape"},{"floor":9,"key":"White Beast Statue"}],"event_choices":[{"damage_healed":0,"gold_gain":75,"player_choice":"Touch","damage_taken":7,"max_hp_gain":0,"max_hp_loss":0,"event_name":"FaceTrader","floor":5,"gold_loss":0},{"cards_removed":["animeID:Mezo"],"damage_healed":5,"gold_gain":0,"player_choice":"Offered Common","damage_taken":0,"max_hp_gain":0,"max_hp_loss":0,"event_name":"Bonfire Elementals","floor":11,"gold_loss":0},{"cards_removed":["animeID:Mezo"],"damage_healed":5,"gold_gain":0,"player_choice":"Offered Special","damage_taken":0,"max_hp_gain":0,"max_hp_loss":0,"event_name":"Bonfire Elementals","floor":11,"gold_loss":0}],"is_beta":false,"boss_relics":[],"items_purged_floors":[],"is_endless":false,"potions_floor_spawned":[3,10,12,14],"killed_by":"The Guardian","ascension_level":0}}