{"host":"5vp09kzjmsnmc21d","time":1608395446,"event":{"mods":["AchievementEnabler","BaseMod","Colored Map","Colored Powertips","DeckTracker","Keyboard Shortcuts","Minty Spire (QoL Compilation)","Permanent Neow","Quick Restart","StSLib","SuperFastMode","everything is the same but u backflip on backflip"],"gold_per_floor":[111,123,138,148,164,164,192,192,219,250,250,262,262,273,273,377,377,397,397,411,411,411],"floor_reached":21,"playtime":794,"items_purged":[],"score":241,"play_id":"99b82c8b-a117-4e60-a37b-45d6a06d5050","local_time":"20201220013046","is_ascension_mode":true,"campfire_choices":[{"data":"Armaments","floor":6,"key":"SMITH"},{"floor":8,"key":"RECALL"},{"floor":13,"key":"REST"},{"floor":15,"key":"REST"}],"circlet_count":0,"master_deck":["Strike_R","Strike_R","Strike_R","Strike_R","Strike_R","Defend_R","Defend_R","Defend_R","Defend_R","Bash","Offering","Whirlwind","Pommel Strike","Flex","Armaments+1","Inflame","Shockwave","Demon Form+1","Fire Breathing","Juggernaut","Body Slam+1","Decay","Pommel Strike+1"],"relics":["Burning Blood","Pantograph","Akabeko","Mark of Pain"],"acts_visited":["Exordium","TheCity"],"potions_floor_usage":[4,12,16,18,21],"damage_taken":[{"damage":7,"enemies":"2 Louse","floor":1,"turns":3},{"damage":7,"enemies":"Cultist","floor":2,"turns":4},{"damage":8,"enemies":"Jaw Worm","floor":3,"turns":3},{"damage":21,"enemies":"Gremlin Gang","floor":4,"turns":2},{"damage":0,"enemies":"Lots of Slimes","floor":5,"turns":1},{"damage":21,"enemies":"3 Sentries","floor":7,"turns":6},{"damage":39,"enemies":"Gremlin Nob","floor":10,"turns":4},{"damage":18,"enemies":"Exordium Thugs","floor":12,"turns":3},{"damage":8,"enemies":"Gremlin Gang","floor":14,"turns":2},{"damage":39,"enemies":"Hexaghost","floor":16,"turns":6},{"damage":29,"enemies":"Shell Parasite","floor":18,"turns":5},{"damage":41,"enemies":"2 Thieves","floor":20,"turns":3},{"damage":37,"enemies":"Cultist and Chosen","floor":21,"turns":4}],"seed_played":"-42339599921997609","potions_obtained":[{"floor":2,"key":"FearPotion"},{"floor":7,"key":"Weak Potion"},{"floor":14,"key":"Regen Potion"},{"floor":16,"key":"DistilledChaos"},{"floor":20,"key":"ColorlessPotion"}],"is_trial":false,"path_per_floor":["M","M","M","M","M","R","E","R","T","E","?","M","R","M","R","B",null,"M","?","M","M"],"character_chosen":"IRONCLAD","items_purchased":[],"campfire_rested":2,"item_purchase_floors":[],"current_hp_per_floor":[79,78,76,61,67,67,52,52,52,19,19,7,31,29,53,56,74,51,51,16,0,0],"gold":411,"neow_bonus":"ONE_RANDOM_RARE_CARD","is_daily":false,"chose_seed":false,"campfire_upgraded":1,"win_rate":0.0,"timestamp":1608395446,"path_taken":["M","M","M","M","M","R","E","R","T","E","?","?","R","M","R","BOSS","M","?","M","M"],"items_purchased_type":[],"build_version":"2020-12-13","purchased_purges":0,"victory":false,"max_hp_per_floor":[80,80,80,80,80,80,80,80,80,80,80,80,80,80,80,80,80,80,80,80,80,80],"card_choices":[{"not_picked":["Body Slam","Armaments"],"picked":"Whirlwind","floor":1},{"not_picked":["True Grit","Infernal Blade"],"picked":"Pommel Strike","floor":2},{"not_picked":["Infernal Blade","Cleave"],"picked":"Flex","floor":3},{"not_picked":["Warcry","Sword Boomerang"],"picked":"Armaments","floor":4},{"not_picked":["Hemokinesis","Carnage"],"picked":"Inflame","floor":5},{"not_picked":["Clothesline","Ghostly Armor"],"picked":"Shockwave","floor":7},{"not_picked":["Clash","Carnage"],"picked":"Demon Form","floor":10},{"not_picked":["Heavy Blade","Clothesline","Twin Strike"],"picked":"SKIP","floor":12},{"not_picked":["Rampage","Sword Boomerang"],"picked":"Fire Breathing","floor":14},{"not_picked":["Fiend Fire","Feed"],"picked":"Juggernaut","floor":16},{"not_picked":["Wild Strike","Second Wind"],"picked":"Body Slam+1","floor":18},{"not_picked":["Headbutt","Cleave"],"picked":"Pommel Strike+1","floor":20}],"player_experience":1090080,"relics_obtained":[{"floor":7,"key":"Pantograph"},{"floor":10,"key":"Akabeko"}],"event_choices":[{"damage_healed":0,"gold_gain":0,"player_choice":"Upgraded","damage_taken":0,"max_hp_gain":0,"max_hp_loss":0,"event_name":"Upgrade Shrine","floor":11,"gold_loss":0,"cards_upgraded":["Demon Form"]},{"damage_healed":0,"gold_gain":0,"player_choice":"Cursed","damage_taken":0,"max_hp_gain":0,"max_hp_loss":0,"event_name":"Wheel of Change","floor":19,"gold_loss":0,"cards_obtained":["Decay"]}],"is_beta":false,"boss_relics":[{"not_picked":["Runic Cube","Calling Bell"],"picked":"Mark of Pain"}],"items_purged_floors":[],"is_endless":false,"potions_floor_spawned":[2,7,14,16,20],"killed_by":"Cultist and Chosen","ascension_level":5}}