{"host":"1c52r9kaxdyo25eq","time":1608383290,"event":{"mods":["AchievementEnabler","BaseMod","Minty Spire (QoL Compilation)","Rare Cards Sparkle","SuperFastMode","everything is the same but u backflip on backflip"],"gold_per_floor":[13,13,24,36,36,36,111,137,137,137,62,27,56,56,56,56,56],"floor_reached":16,"playtime":386,"items_purged":["Strike_R"],"score":138,"play_id":"192abdec-9a59-49b2-9d12-2ee4cef02877","local_time":"20201219220810","is_ascension_mode":true,"campfire_choices":[{"data":"Second Wind","floor":6.0,"key":"SMITH"},{"data":"Evolve","floor":10.0,"key":"SMITH"},{"floor":15.0,"key":"REST"}],"circlet_count":0,"master_deck":["Strike_R","Defend_R","Defend_R","Defend_R","Bash","Pommel Strike","Second Wind+1","Body Slam","Evolve+1"],"relics":["Burning Blood","Blue Candle","Sundial","The Courier"],"acts_visited":["Exordium"],"potions_floor_usage":[],"damage_taken":[{"damage":4.0,"enemies":"2 Louse","floor":1.0,"turns":3.0},{"damage":12.0,"enemies":"Small Slimes","floor":3.0,"turns":3.0},{"damage":12.0,"enemies":"Jaw Worm","floor":4.0,"turns":3.0},{"damage":28.0,"enemies":"3 Sentries","floor":8.0,"turns":10.0},{"damage":33.0,"enemies":"Lagavulin","floor":13.0,"turns":6.0},{"damage":32,"enemies":"Hexaghost","floor":16,"turns":9}],"seed_played":"-8505717915093218803","potions_obtained":[{"floor":1.0,"key":"DuplicationPotion"}],"is_trial":false,"path_per_floor":["M","?","M","M","?","R","?","E","T","R","$","?","E","$","R","B"],"character_chosen":"IRONCLAD","items_purchased":[],"campfire_rested":1,"item_purchase_floors":[],"current_hp_per_floor":[74,74,68,62,55,55,44,22,22,22,22,42,15,15,39,7,7],"gold":56,"neow_bonus":"REMOVE_TWO","is_daily":false,"chose_seed":false,"campfire_upgraded":2,"win_rate":0.0,"timestamp":1608383290,"path_taken":["M","?","M","M","?","R","?","E","T","R","?","?","E","?","R","BOSS"],"items_purchased_type":[],"build_version":"2020-12-13","purchased_purges":1,"victory":false,"max_hp_per_floor":[80,80,80,80,80,80,80,80,80,80,80,80,80,80,80,80,80],"card_choices":[{"not_picked":["Sentinel","Twin Strike"],"picked":"Pommel Strike","floor":1.0},{"not_picked":["Rage","Body Slam"],"picked":"Second Wind","floor":3.0},{"not_picked":["Reckless Charge","Perfected Strike"],"picked":"Body Slam","floor":4.0},{"not_picked":["Warcry","Pommel Strike"],"picked":"Evolve","floor":8.0},{"not_picked":["Double Tap","Intimidate","Dual Wield"],"picked":"SKIP","floor":13.0}],"player_experience":499100,"relics_obtained":[{"floor":8.0,"key":"Blue Candle"},{"floor":9.0,"key":"Sundial"},{"floor":13.0,"key":"The Courier"}],"event_choices":[{"cards_removed":["Strike_R"],"damage_healed":0.0,"max_hp_gain":0.0,"max_hp_loss":0.0,"gold_gain":0.0,"event_name":"Living Wall","player_choice":"Forget","floor":2.0,"gold_loss":0.0,"damage_taken":0.0},{"cards_removed":["Strike_R"],"damage_healed":0.0,"max_hp_gain":0.0,"max_hp_loss":0.0,"gold_gain":0.0,"event_name":"Golden Wing","player_choice":"Card Removal","floor":5.0,"gold_loss":0.0,"damage_taken":7.0},{"damage_healed":0.0,"max_hp_gain":0.0,"max_hp_loss":0.0,"gold_gain":75.0,"event_name":"World of Goop","player_choice":"Gather Gold","floor":7.0,"gold_loss":0.0,"damage_taken":11.0},{"damage_healed":20.0,"max_hp_gain":0.0,"max_hp_loss":0.0,"gold_gain":0.0,"event_name":"The Cleric","player_choice":"Healed","floor":12.0,"gold_loss":35.0,"damage_taken":0.0}],"is_beta":false,"boss_relics":[],"items_purged_floors":[11],"is_endless":false,"potions_floor_spawned":[1],"killed_by":"Hexaghost","ascension_level":6}}