{"host":"qwttrqaysb380yri","time":1608366582,"event":{"mods":["BaseMod","Custom Start","Minty Spire (QoL Compilation)","Permanent Neow","Puzzle Mod","Relic Stats","StSLib","The Cursed","The Hierophant"],"gold_per_floor":[112,130,142,142,153,153,28,28,55,55,58,73,59,59],"floor_reached":13,"playtime":339,"items_purged":[],"score":149,"play_id":"fc139752-178b-4ab9-a365-784710c0f690","local_time":"20201219092942","is_ascension_mode":true,"campfire_choices":[{"data":"hierophant:ChurchCoffers","floor":6,"key":"SMITH"},{"data":"hierophant:Purify","floor":8,"key":"SMITH"},{"data":"hierophant:Sermon","floor":10,"key":"SMITH"}],"circlet_count":0,"master_deck":["AscendersBane","hierophant:Strike_Hierophant","hierophant:Strike_Hierophant","hierophant:Strike_Hierophant","hierophant:Strike_Hierophant","hierophant:Punish","hierophant:Defend_Hierophant","hierophant:Defend_Hierophant","hierophant:Defend_Hierophant","hierophant:Defend_Hierophant","hierophant:ChurchCoffers+1","Finesse","hierophant:Sermon+1","hierophant:SealAway","hierophant:DisplayOfPower","hierophant:Flagellation","hierophant:Upheaval","hierophant:Purify+1","hierophant:Doubloon","hierophant:ConvertCurrency","hierophant:PassingBell"],"relics":["hierophant:PropheticMaskRelic","MealTicket","Blood Vial","Unceasing Top"],"acts_visited":["Exordium"],"potions_floor_usage":[11],"damage_taken":[{"damage":4,"enemies":"Cultist","floor":1,"turns":3},{"damage":0,"enemies":"2 Louse","floor":2,"turns":1},{"damage":4,"enemies":"Jaw Worm","floor":3,"turns":3},{"damage":20,"enemies":"Large Slime","floor":5,"turns":6},{"damage":30,"enemies":"Lagavulin","floor":11,"turns":6},{"damage":0,"enemies":"2 Fungi Beasts","floor":12,"turns":1},{"damage":3,"enemies":"3 Sentries","floor":13,"turns":3}],"seed_played":"-1446149721849884871","potions_obtained":[{"floor":1,"key":"SteroidPotion"},{"floor":2,"key":"SteroidPotion"}],"is_trial":false,"path_per_floor":["M","M","M","?","M","R","$","R","T","R","E","M","E"],"character_chosen":"HIEROPHANT","items_purchased":["hierophant:Upheaval","hierophant:Purify"],"campfire_rested":0,"item_purchase_floors":[7,7],"current_hp_per_floor":[64,64,60,42,22,22,37,37,37,37,9,11,10,10],"gold":59,"neow_bonus":"RANDOM_COLORLESS","is_daily":false,"chose_seed":false,"campfire_upgraded":3,"win_rate":0.0,"timestamp":1608366582,"path_taken":["M","M","M","?","M","R","$","R","T","R","E","M","E"],"items_purchased_type":["Card","Card"],"build_version":"2020-12-13","purchased_purges":0,"victory":false,"max_hp_per_floor":[75,75,75,75,75,75,75,75,75,75,75,75,75,75],"relic_stats":{"Blood Vial":6,"counters":[7,23],"MealTicket":15,"obtain_stats":[{"Blood Vial":9,"hierophant:PropheticMaskRelic":0,"MealTicket":4,"Unceasing Top":11},{"Blood Vial":4,"hierophant:PropheticMaskRelic":0,"MealTicket":3,"Unceasing Top":5},{"Blood Vial":13,"hierophant:PropheticMaskRelic":0,"MealTicket":7,"Unceasing Top":19}],"Unceasing Top":[0]},"card_choices":[{"not_picked":["Impatience","Deep Breath"],"picked":"Finesse","floor":0},{"not_picked":["hierophant:Bribe","hierophant:FaithHealing"],"picked":"hierophant:Sermon","floor":1},{"not_picked":["hierophant:ArchangelShield","hierophant:FieryStrike"],"picked":"hierophant:SealAway","floor":2},{"not_picked":["hierophant:Alms","hierophant:Glossolalia"],"picked":"hierophant:DisplayOfPower","floor":3},{"not_picked":["hierophant:HolyVerse","hierophant:PassingBell"],"picked":"hierophant:Flagellation","floor":5},{"not_picked":["hierophant:Remorse","hierophant:Encroach"],"picked":"hierophant:ConvertCurrency","floor":11},{"not_picked":["hierophant:RepressedViolence","hierophant:Prophecy"],"picked":"hierophant:PassingBell","floor":12}],"player_experience":1891890,"relics_obtained":[{"floor":9,"key":"Blood Vial"},{"floor":11,"key":"Unceasing Top"}],"event_choices":[{"damage_healed":0,"gold_gain":0,"player_choice":"Success","damage_taken":18,"relics_obtained":["MealTicket"],"max_hp_gain":0,"max_hp_loss":0,"event_name":"Scrap Ooze","floor":4,"gold_loss":0}],"is_beta":false,"boss_relics":[],"items_purged_floors":[],"is_endless":false,"potions_floor_spawned":[1,2],"killed_by":"3 Sentries","ascension_level":15}}