{"host":"k6v1xkuzrj71f4ss","time":1608346153,"event":{"mods":["Act Like it!","BaseMod","Bestiary","BetterRewards","Block Reminder","Colored Map","Colored Powertips","Curses Come First","Hubris","Minty Spire (QoL Compilation)","Quick Restart","Relic Stats","Remove Card Discount Mod","Spicy Shops","StSLib","óô»ðÖ¸ÄÏ"],"gold_per_floor":[115,115,115,135,5700,5700,5721,5754,5825,5825,5837,5867,5886,5140,5140,5237,5237,5256,5283,5090,5090,5105,5138,4458,4458,4485,4485,4518,4531,4566,4586,3885,3985,3985,3985,3241,3266,3266,3266],"floor_reached":38,"playtime":3176,"items_purged":["Strike_R","Strike_R","Strike_R","Strike_R"],"score":571,"play_id":"2dbcc0c2-c358-4503-b81c-5bb08af3e175","local_time":"20201219104913","is_ascension_mode":true,"campfire_choices":[{"data":"Apotheosis","floor":6.0,"key":"SMITH"},{"data":"Demon Form","floor":15.0,"key":"SMITH"},{"data":"Berserk","floor":27.0,"key":"SMITH"},{"data":"hubris:StunningStrike","floor":35,"key":"SMITH"}],"circlet_count":0,"master_deck":["Defend_R","Defend_R","Defend_R","Defend_R","Bash","Headbutt","Sword Boomerang","Cleave","Pummel","Seeing Red","Apotheosis+1","Thunderclap","Demon Form+1","Dual Wield","Anger","Secret Weapon","Berserk+1","Bloodletting","RitualDagger","Pummel","Carnage","Anger","Flex","hubris:StunningStrike+1","Pummel","Seeing Red"],"relics":["Black Blood","Frozen Eye","Strawberry","Gremlin Horn","Odd Mushroom","Letter Opener","Pantograph","Centennial Puzzle","Strange Spoon","Mercury Hourglass","Ancient Tea Set","Red Mask","TheAbacus","hubris:ChampionShield","StoneCalendar","Boot","OrangePellets","hubris:ToyBattleship","Blood Vial","Pen Nib","Toy Ornithopter","Kunai","Sling","hubris:SlimyHat","Coffee Dripper","Orichalcum","Vajra","hubris:CrystalStatue","Membership Card","hubris:Metronome"],"acts_visited":["TheEnding"],"potions_floor_usage":[31,38,38],"damage_taken":[{"damage":7.0,"enemies":"Jaw Worm","floor":1.0,"turns":3.0},{"damage":1.0,"enemies":"Cultist","floor":4.0,"turns":3.0},{"damage":12.0,"enemies":"The Mushroom Lair","floor":7.0,"turns":4.0},{"damage":27.0,"enemies":"3 Sentries","floor":8.0,"turns":4.0},{"damage":0.0,"enemies":"Small Slimes","floor":11.0,"turns":3.0},{"damage":8.0,"enemies":"Blue Slaver","floor":13.0,"turns":4.0},{"damage":4.0,"enemies":"Slime Boss","floor":16.0,"turns":6.0},{"damage":26.0,"enemies":"Chosen","floor":18.0,"turns":4.0},{"damage":0.0,"enemies":"Masked Bandits","floor":19.0,"turns":1.0},{"damage":14.0,"enemies":"Spheric Guardian","floor":22.0,"turns":3.0},{"damage":54.0,"enemies":"Book of Stabbing","floor":23.0,"turns":6.0},{"damage":19.0,"enemies":"Slavers","floor":28.0,"turns":3.0},{"damage":21.0,"enemies":"Snake Plant","floor":29.0,"turns":3.0},{"damage":18.0,"enemies":"Gremlin Leader","floor":30.0,"turns":4.0},{"damage":11,"enemies":"Shelled Parasite and Fungi","floor":31,"turns":2},{"damage":31,"enemies":"hubris:MusketHawk","floor":33,"turns":5},{"damage":31,"enemies":"Shield and Spear","floor":37,"turns":3},{"damage":115,"enemies":"The Heart","floor":38,"turns":6}],"seed_played":"-3053967931111413950","potions_obtained":[{"floor":7.0,"key":"BloodPotion"},{"floor":8.0,"key":"SteroidPotion"},{"floor":13.0,"key":"ElixirPotion"},{"floor":18.0,"key":"PowerPotion"},{"floor":28.0,"key":"BlessingOfTheForge"},{"floor":29.0,"key":"DuplicationPotion"},{"floor":31,"key":"DistilledChaos"}],"is_trial":false,"path_per_floor":["M","?","?","M","$","R","?","E","T","?","M","?","M","$","R","B",null,"M","?","$","?","M","E","$","?","T","R","E","M","E","M","R","B",null,"R","$","E","B"],"character_chosen":"IRONCLAD","items_purchased":["Cleave","Pummel","Seeing Red","Apotheosis","Frozen Eye","Strawberry","Gremlin Horn","hubris:SharpeningStone","Secret Weapon","Strange Spoon","Mercury Hourglass","Ancient Tea Set","TheAbacus","AttackPotion","Carnage","StoneCalendar","Boot","OrangePellets","Toy Ornithopter","Kunai","Sling","hubris:SlimyHat","Orichalcum","Vajra","hubris:CrystalStatue","Membership Card","Pummel"],"campfire_rested":0,"item_purchase_floors":[5,5,5,5,5,5,5,5,14,14,14,14,20,20,24,24,24,24,32,32,32,32,36,36,36,36,36],"current_hp_per_floor":[71,71,71,76,83,83,77,56,56,103,103,103,101,101,101,103,103,89,101,101,95,93,51,51,51,51,51,64,57,53,56,56,64,103,103,103,84,0,0],"gold":3266,"neow_bonus":"TWENTY_PERCENT_HP_BONUS","is_daily":false,"chose_seed":false,"campfire_upgraded":4,"win_rate":0.0,"timestamp":1608346153,"path_taken":["M","?","?","?","$","R","?","E","T","?","?","?","M","$","R","BOSS","M","?","$","?","M","E","?","?","T","R","E","M","E","M","R","BOSS","R","$","E","BOSS"],"items_purchased_type":["Card","Card","Card","Card","Relic","Relic","Relic","Card","Card","Relic","Relic","Relic","Relic","Potion","Card","Relic","Relic","Relic","Relic","Relic","Relic","Relic","Relic","Relic","Relic","Relic","Card"],"build_version":"2020-12-13","purchased_purges":4,"victory":false,"max_hp_per_floor":[96,96,96,96,103,103,103,103,103,103,103,103,103,103,103,103,103,103,103,103,103,103,103,103,103,103,103,103,103,103,103,103,103,103,103,103,103,103,103],"relic_stats":{"Gremlin Horn":[14,14],"counters":[18,65],"Black Blood":154,"StoneCalendar":[0],"Pen Nib":[4],"Letter Opener":[40],"Orichalcum":[24],"Boot":[47],"Mercury Hourglass":[172],"Blood Vial":10,"Strange Spoon":[25],"OrangePellets":[3],"Centennial Puzzle":[36],"TheAbacus":[30],"Pantograph":44,"Kunai":[5],"obtain_stats":[{"hubris:Metronome":37,"hubris:CrystalStatue":36,"Gremlin Horn":5,"Black Blood":17,"Vajra":36,"StoneCalendar":24,"hubris:SlimyHat":32,"Ancient Tea Set":14,"Boot":24,"Sling":32,"Burning Blood":0,"Blood Vial":28,"Frozen Eye":5,"Centennial Puzzle":12,"TheAbacus":20,"Strawberry":5,"Pantograph":9,"Red Mask":19,"Kunai":32,"hubris:ChampionShield":23,"Pen Nib":30,"Letter Opener":8,"Odd Mushroom":7,"Orichalcum":36,"Mercury Hourglass":14,"Strange Spoon":14,"OrangePellets":24,"hubris:ToyBattleship":26,"Coffee Dripper":34,"Membership Card":36,"Toy Ornithopter":32},{"hubris:Metronome":17,"hubris:CrystalStatue":16,"Gremlin Horn":2,"Black Blood":7,"Vajra":16,"StoneCalendar":11,"hubris:SlimyHat":15,"Ancient Tea Set":6,"Boot":11,"Sling":15,"Burning Blood":0,"Blood Vial":12,"Frozen Eye":2,"Centennial Puzzle":5,"TheAbacus":9,"Strawberry":2,"Pantograph":4,"Red Mask":9,"Kunai":15,"hubris:ChampionShield":11,"Pen Nib":14,"Letter Opener":4,"Odd Mushroom":3,"Orichalcum":16,"Mercury Hourglass":6,"Strange Spoon":6,"OrangePellets":11,"hubris:ToyBattleship":11,"Coffee Dripper":16,"Membership Card":16,"Toy Ornithopter":15},{"hubris:Metronome":59,"hubris:CrystalStatue":56,"Gremlin Horn":6,"Black Blood":26,"Vajra":56,"StoneCalendar":39,"hubris:SlimyHat":51,"Ancient Tea Set":21,"Boot":39,"Sling":51,"Burning Blood":0,"Blood Vial":42,"Frozen Eye":6,"Centennial Puzzle":17,"TheAbacus":30,"Strawberry":6,"Pantograph":14,"Red Mask":30,"Kunai":51,"hubris:ChampionShield":39,"Pen Nib":49,"Letter Opener":14,"Odd Mushroom":10,"Orichalcum":56,"Mercury Hourglass":21,"Strange Spoon":21,"OrangePellets":39,"hubris:ToyBattleship":39,"Coffee Dripper":56,"Membership Card":56,"Toy Ornithopter":51}],"Toy Ornithopter":10},"card_choices":[{"not_picked":["Inflame","Dark Embrace"],"picked":"Headbutt","floor":1.0},{"not_picked":["Intimidate","Sever Soul"],"picked":"Sword Boomerang","floor":4.0},{"not_picked":["Dark Embrace","Iron Wave"],"picked":"Thunderclap","floor":7.0},{"not_picked":["Inflame","Iron Wave"],"picked":"Demon Form","floor":8.0},{"not_picked":["Body Slam","Seeing Red"],"picked":"Dual Wield","floor":11.0},{"not_picked":["Headbutt","Iron Wave"],"picked":"Anger","floor":13.0},{"not_picked":["hubris:StunningStrike","Immolate"],"picked":"Berserk","floor":16.0},{"not_picked":["Iron Wave+1","Dropkick","Shrug It Off"],"picked":"SKIP","floor":18.0},{"not_picked":["Body Slam","Headbutt"],"picked":"Bloodletting","floor":19.0},{"not_picked":["Rupture","Wild Strike","Havoc"],"picked":"SKIP","floor":22.0},{"not_picked":["Barricade","Body Slam"],"picked":"Pummel","floor":23.0},{"not_picked":["Thunderclap","Evolve","Sentinel"],"picked":"SKIP","floor":28.0},{"not_picked":["Combust+1","Heavy Blade+1","Ghostly Armor"],"picked":"SKIP","floor":29.0},{"not_picked":["Headbutt","Hemokinesis"],"picked":"Anger","floor":30},{"not_picked":["Armaments","Power Through"],"picked":"Flex","floor":31},{"not_picked":["Demon Form","Juggernaut"],"picked":"hubris:StunningStrike","floor":33},{"not_picked":["Thunderclap","Searing Blow+1"],"picked":"Seeing Red","floor":37}],"player_experience":86943,"relics_obtained":[{"floor":7.0,"key":"Odd Mushroom"},{"floor":8.0,"key":"Letter Opener"},{"floor":9.0,"key":"Pantograph"},{"floor":19.0,"key":"Red Mask"},{"floor":23.0,"key":"hubris:ChampionShield"},{"floor":26.0,"key":"hubris:ToyBattleship"},{"floor":28.0,"key":"Blood Vial"},{"floor":30,"key":"Pen Nib"},{"floor":37,"key":"hubris:Metronome"}],"event_choices":[{"damage_healed":0.0,"max_hp_gain":0.0,"max_hp_loss":0.0,"gold_gain":0.0,"event_name":"Golden Wing","player_choice":"Ignored","floor":2.0,"gold_loss":0.0,"damage_taken":0.0},{"cards_removed":["Strike_R"],"damage_healed":0.0,"max_hp_gain":0.0,"max_hp_loss":0.0,"gold_gain":0.0,"event_name":"Purifier","player_choice":"Purged","floor":3.0,"gold_loss":0.0,"damage_taken":0.0},{"damage_healed":0.0,"max_hp_gain":0.0,"max_hp_loss":0.0,"gold_gain":0.0,"event_name":"Mushrooms","player_choice":"Fought Mushrooms","floor":7.0,"gold_loss":0.0,"damage_taken":0.0},{"cards_removed":["hubris:SharpeningStone"],"damage_healed":47.0,"max_hp_gain":0.0,"max_hp_loss":0.0,"gold_gain":0.0,"event_name":"Bonfire Elementals","player_choice":"Offered Uncommon","floor":10.0,"gold_loss":0.0,"damage_taken":0.0},{"damage_healed":0.0,"max_hp_gain":0.0,"max_hp_loss":0.0,"gold_gain":30.0,"event_name":"Dead Adventurer","player_choice":"Searched \u00273\u0027 times","floor":12.0,"gold_loss":0.0,"damage_taken":0.0,"relics_obtained":["Centennial Puzzle"]},{"damage_healed":0.0,"max_hp_gain":0.0,"max_hp_loss":0.0,"gold_gain":0.0,"event_name":"Masked Bandits","player_choice":"Fought Bandits","floor":19.0,"gold_loss":0.0,"damage_taken":0.0},{"damage_healed":0.0,"max_hp_gain":0.0,"max_hp_loss":0.0,"gold_gain":0.0,"event_name":"Nest","player_choice":"Joined the Cult","floor":21.0,"gold_loss":0.0,"damage_taken":6.0,"cards_obtained":["RitualDagger"]}],"is_beta":false,"boss_relics":[{"not_picked":["hubris:CrackedHourglass","hubris:BlackHole"],"picked":"Black Blood"},{"not_picked":["hubris:ScarierMask","Black Star"],"picked":"Coffee Dripper"}],"items_purged_floors":[5,5,5,14],"is_endless":false,"potions_floor_spawned":[7,8,13,18,23,28,29,31],"killed_by":"The Heart","ascension_level":2}}