{"host":"zzf13dk0jcen0ncv","time":1608364227,"event":{"mods":["AchievementEnabler","BaseMod","BetterRewards","Colored Map","Keyboard Shortcuts","Minty Spire (QoL Compilation)","Quick Restart","Shop Mod","StSLib","SuperFastMode","Waifu the Spire"],"gold_per_floor":[110,124,124,138,148,178,195,24,24,24,24,24,39,104,104,175,175,192,192,208,219,234,264,189,189,189,199,216,245,245,327,327,327,327],"floor_reached":33,"playtime":809,"items_purged":["Strike_R"],"score":878,"play_id":"0f5f27af-2b54-4faa-b621-37de75d647b0","local_time":"20201219165027","is_ascension_mode":true,"campfire_choices":[{"data":"Mind Blast","floor":10,"key":"SMITH"},{"data":"Immolate","floor":12,"key":"SMITH"},{"data":"Dark Embrace","floor":15,"key":"SMITH"},{"data":"Berserk","floor":25,"key":"SMITH"},{"data":"Burning Pact","floor":32,"key":"SMITH"}],"circlet_count":0,"master_deck":["AscendersBane","Defend_R","Defend_R","Defend_R","Defend_R","Bash","Feel No Pain","Flex","Cleave","Sadistic Nature","Battle Trance","Thunderclap","Body Slam","Sever Soul","Evolve","Mind Blast+1","Fire Breathing","Pummel","Rage","Armaments","Pommel Strike","Bloodletting","Fire Breathing","Intimidate","Immolate+1","Bloodletting","Dark Embrace+1","Reaper","Flame Barrier","Burning Pact+1","Feed","Dark Embrace+1","Dual Wield","Berserk+1","Inflame","Second Wind"],"relics":["Burning Blood","Blood Vial","PreservedInsect","Chemical X","Meat on the Bone","Shuriken","Sundial","Centennial Puzzle","Bronze Scales","Blue Candle","Mark of Pain","Singing Bowl","Pear","Darkstone Periapt","Mummified Hand"],"acts_visited":["Exordium","TheCity"],"potions_floor_usage":[27,28,29],"damage_taken":[{"damage":7,"enemies":"Jaw Worm","floor":1,"turns":2},{"damage":6,"enemies":"Cultist","floor":2,"turns":3},{"damage":4,"enemies":"Small Slimes","floor":4,"turns":3},{"damage":11,"enemies":"Looter","floor":5,"turns":2},{"damage":20,"enemies":"3 Sentries","floor":6,"turns":5},{"damage":22,"enemies":"3 Louse","floor":7,"turns":3},{"damage":4,"enemies":"2 Fungi Beasts","floor":13,"turns":2},{"damage":43,"enemies":"The Guardian","floor":16,"turns":9},{"damage":7,"enemies":"3 Byrds","floor":18,"turns":2},{"damage":19,"enemies":"2 Thieves","floor":20,"turns":3},{"damage":34,"enemies":"Centurion and Healer","floor":21,"turns":4},{"damage":4,"enemies":"Chosen and Byrds","floor":22,"turns":2},{"damage":13,"enemies":"Slavers","floor":23,"turns":1},{"damage":30,"enemies":"Snake Plant","floor":27,"turns":2},{"damage":26,"enemies":"3 Cultists","floor":28,"turns":4},{"damage":73,"enemies":"Book of Stabbing","floor":29,"turns":4},{"damage":33,"enemies":"Colosseum Slavers","floor":30,"turns":5},{"damage":51,"enemies":"Champ","floor":33,"turns":8}],"seed_played":"535216828705692804","potions_obtained":[{"floor":2,"key":"SpeedPotion"},{"floor":6,"key":"Ancient Potion"},{"floor":7,"key":"Fire Potion"},{"floor":16,"key":"PowerPotion"},{"floor":18,"key":"Strength Potion"},{"floor":22,"key":"BloodPotion"},{"floor":27,"key":"Fire Potion"}],"is_trial":false,"path_per_floor":["M","M","?","M","M","E","M","$","T","R","?","R","M","?","R","B",null,"M","?","M","M","M","E","?","R","T","M","M","E","?","T","R","B"],"character_chosen":"IRONCLAD","items_purchased":["Blood Vial","PreservedInsect","Feel No Pain","Flex","Cleave","Chemical X","Meat on the Bone","Sadistic Nature","Battle Trance","Thunderclap","Body Slam","Shuriken","Sever Soul","Evolve","Sundial","Centennial Puzzle","Mind Blast","Fire Breathing","Pummel","Immolate"],"campfire_rested":0,"item_purchase_floors":[0,0,0,0,0,0,0,0,0,0,0,0,0,0,0,0,0,0,0,8],"current_hp_per_floor":[69,71,71,75,70,58,44,44,44,44,44,44,48,48,48,25,63,68,68,69,55,62,59,59,59,69,52,60,30,29,29,29,0,0],"gold":327,"neow_bonus":"","is_daily":false,"chose_seed":false,"campfire_upgraded":5,"win_rate":0.0,"timestamp":1608364227,"path_taken":["M","M","?","?","M","E","M","$","T","R","?","R","M","?","R","BOSS","M","?","M","M","M","E","?","R","T","?","M","E","?","?","R","BOSS"],"items_purchased_type":["Relic","Relic","Card","Card","Card","Relic","Relic","Card","Card","Card","Card","Relic","Card","Card","Relic","Relic","Card","Card","Card","Card"],"build_version":"2020-12-13","purchased_purges":1,"victory":false,"max_hp_per_floor":[75,75,75,75,75,75,75,75,75,75,75,75,75,75,75,75,75,75,75,75,75,78,80,80,80,90,90,96,96,96,96,96,96,96],"card_choices":[{"not_picked":["Shrug It Off","Iron Wave"],"picked":"Rage","floor":1},{"not_picked":["Rage","Anger"],"picked":"Armaments","floor":2},{"not_picked":["Warcry","Fire Breathing"],"picked":"Pommel Strike","floor":4},{"not_picked":["Cleave","True Grit"],"picked":"Bloodletting","floor":5},{"not_picked":["Clash","Pommel Strike"],"picked":"Fire Breathing","floor":6},{"not_picked":["Perfected Strike","Clash"],"picked":"Intimidate","floor":7},{"not_picked":["Warcry","Clothesline"],"picked":"Dark Embrace","floor":13},{"not_picked":["Double Tap","Demon Form"],"picked":"Reaper","floor":16},{"not_picked":["Wild Strike","Headbutt"],"picked":"Flame Barrier","floor":18},{"not_picked":["Clothesline","Armaments"],"picked":"Burning Pact","floor":20},{"not_picked":["Havoc+1","Heavy Blade"],"picked":"Feed","floor":21},{"not_picked":["Disarm","Cleave"],"picked":"Dark Embrace+1","floor":22},{"not_picked":["Iron Wave","Clash","Sever Soul"],"picked":"Singing Bowl","floor":23},{"not_picked":["Shrug It Off","Flex"],"picked":"Inflame","floor":27},{"not_picked":["Flex+1","Cleave","Clothesline"],"picked":"Singing Bowl","floor":28},{"not_picked":["Armaments","Body Slam"],"picked":"Second Wind","floor":29}],"player_experience":901048,"relics_obtained":[{"floor":6,"key":"Bronze Scales"},{"floor":9,"key":"Blue Candle"},{"floor":23,"key":"Singing Bowl"},{"floor":26,"key":"Pear"},{"floor":29,"key":"Darkstone Periapt"},{"floor":31,"key":"Mummified Hand"}],"event_choices":[{"cards_removed":["Strike_R"],"damage_healed":0,"gold_gain":0,"player_choice":"Offered Basic","damage_taken":0,"max_hp_gain":0,"max_hp_loss":0,"event_name":"Bonfire Elementals","floor":3,"gold_loss":0},{"damage_healed":0,"gold_gain":0,"cards_transformed":["Strike_R"],"player_choice":"Change","damage_taken":0,"max_hp_gain":0,"max_hp_loss":0,"event_name":"Living Wall","floor":11,"gold_loss":0,"cards_obtained":["Bloodletting"]},{"damage_healed":0,"gold_gain":65,"player_choice":"Gained Gold","damage_taken":0,"max_hp_gain":0,"max_hp_loss":0,"event_name":"Golden Wing","floor":14,"gold_loss":0},{"damage_healed":0,"gold_gain":0,"player_choice":"Ignored","damage_taken":0,"max_hp_gain":0,"max_hp_loss":0,"event_name":"Ghosts","floor":19,"gold_loss":0},{"damage_healed":0,"gold_gain":0,"cards_transformed":["Strike_R","Strike_R"],"player_choice":"Transformed Cards","damage_taken":0,"max_hp_gain":0,"max_hp_loss":0,"event_name":"Designer","floor":24,"gold_loss":75,"cards_obtained":["Dual Wield","Berserk"]},{"damage_healed":0,"gold_gain":0,"player_choice":"Fight","damage_taken":0,"max_hp_gain":0,"max_hp_loss":0,"event_name":"Colosseum","floor":30,"gold_loss":0},{"damage_healed":0,"gold_gain":0,"player_choice":"Fled From Nobs","damage_taken":0,"max_hp_gain":0,"max_hp_loss":0,"event_name":"Colosseum","floor":30,"gold_loss":0}],"is_beta":false,"boss_relics":[{"not_picked":["Astrolabe","Calling Bell"],"picked":"Mark of Pain"}],"items_purged_floors":[0],"is_endless":false,"potions_floor_spawned":[2,6,7,16,18,22,27,30],"killed_by":"Champ","ascension_level":20}}