{"host":"gk5m6v7zec9neb0j","time":1608385448,"event":{"mods":["AchievementEnabler","AlwaysNeverKeys","BaseMod","BetterRewards","Block Reminder","Minty Spire (QoL Compilation)","Rare Cards Sparkle","Relic Stats","StSLib"],"gold_per_floor":[112,32,47,47,58,58,131,131,186,186,196,100,115,130,130,225,225,244,65,46,46,65,164,164,190,268,287,37,50,79,90,90,193,193,204,216,11,11,30,30,40,262,262,290,308,308,323,323,323,323,323,323,134,165,165],"floor_reached":56,"playtime":2541,"items_purged":["Strike_R","Strike_R","Strike_R","Defend_R"],"score":1566,"play_id":"1fb5e96e-7202-4a6b-9ac1-5e741f7bd64c","local_time":"20201219084408","is_ascension_mode":false,"campfire_choices":[{"data":"Berserk","floor":6.0,"key":"SMITH"},{"floor":10.0,"key":"REST"},{"data":"Bash","floor":15.0,"key":"SMITH"},{"data":"Barricade","floor":24,"key":"SMITH"},{"data":"Entrench","floor":32,"key":"SMITH"},{"data":"Offering","floor":40,"key":"SMITH"},{"data":"Master of Strategy","floor":49,"key":"SMITH"},{"data":"Battle Trance","floor":52,"key":"SMITH"}],"circlet_count":0,"master_deck":["Strike_R","Strike_R","Defend_R","Defend_R","Defend_R","Bash+1","Impervious","Shrug It Off","Berserk+1","Inflame","Twin Strike","Barricade+1","Rupture","Shrug It Off+1","Disarm+1","Shrug It Off","Whirlwind","Evolve","Shrug It Off","Entrench+1","Rampage","Offering+1","Warcry+1","Warcry+1","Entrench+1","Shrug It Off","Battle Trance+1","Warcry+1","Body Slam+1","Master of Strategy+1","Battle Trance","True Grit+1"],"relics":["Black Blood","Chemical X","FossilizedHelix","Mummified Hand","Orrery","Nunchaku","Eternal Feather","Question Card","Bag of Marbles","Ornamental Fan","Blood Vial","Sundial","Red Mask","SlaversCollar","DollysMirror","Unceasing Top","Torii","Pear"],"acts_visited":["Exordium","TheCity","TheBeyond","TheEnding"],"potions_floor_usage":[22,25,25,33,39,39,55],"damage_taken":[{"damage":0.0,"enemies":"Cultist","floor":1.0,"turns":4.0},{"damage":0.0,"enemies":"Jaw Worm","floor":3.0,"turns":4.0},{"damage":0.0,"enemies":"Small Slimes","floor":5.0,"turns":4.0},{"damage":2.0,"enemies":"Gremlin Gang","floor":11.0,"turns":5.0},{"damage":0.0,"enemies":"Blue Slaver","floor":13.0,"turns":3.0},{"damage":0.0,"enemies":"Looter","floor":14.0,"turns":3.0},{"damage":36.0,"enemies":"Slime Boss","floor":16.0,"turns":13.0},{"damage":7.0,"enemies":"Shell Parasite","floor":18.0,"turns":7.0},{"damage":15.0,"enemies":"2 Thieves","floor":20.0,"turns":4.0},{"damage":10,"enemies":"Sentry and Sphere","floor":22,"turns":10},{"damage":33,"enemies":"Slavers","floor":25,"turns":7},{"damage":0,"enemies":"Snake Plant","floor":27,"turns":5},{"damage":0,"enemies":"Snecko","floor":29,"turns":5},{"damage":15,"enemies":"Masked Bandits","floor":30,"turns":5},{"damage":43,"enemies":"Sentry and Sphere","floor":31,"turns":13},{"damage":46,"enemies":"Automaton","floor":33,"turns":13},{"damage":0,"enemies":"Orb Walker","floor":35,"turns":4},{"damage":0,"enemies":"3 Darklings","floor":36,"turns":6},{"damage":41,"enemies":"Transient","floor":39,"turns":5},{"damage":0,"enemies":"4 Shapes","floor":41,"turns":8},{"damage":0,"enemies":"Nemesis","floor":44,"turns":13},{"damage":0,"enemies":"3 Darklings","floor":45,"turns":7},{"damage":6,"enemies":"Writhing Mass","floor":47,"turns":6},{"damage":6,"enemies":"Donu and Deca","floor":50,"turns":11},{"damage":26,"enemies":"Shield and Spear","floor":54,"turns":7},{"damage":12,"enemies":"The Heart","floor":55,"turns":18}],"seed_played":"-9031430447499308401","potions_obtained":[{"floor":5.0,"key":"Fire Potion"},{"floor":16.0,"key":"PowerPotion"},{"floor":18.0,"key":"PowerPotion"},{"floor":20.0,"key":"ElixirPotion"},{"floor":22,"key":"SkillPotion"},{"floor":25,"key":"Strength Potion"},{"floor":33,"key":"PowerPotion"},{"floor":36,"key":"Block Potion"}],"is_trial":false,"path_per_floor":["M","$","M","$","M","R","T","?","T","R","M","?","M","M","R","B",null,"M","$","M","$","M","?","R","E","T","M","$","M","?","M","R","B",null,"M","M","$","?","M","R","M","?","T","E","M","?","M","?","R","B",null,"R","$","E","B",null],"character_chosen":"IRONCLAD","items_purchased":["Chemical X","Mummified Hand","Orrery","Nunchaku","Impervious","Rupture","Evolve","Shrug It Off","DollysMirror","Shrug It Off","Battle Trance"],"campfire_rested":1,"item_purchase_floors":[0,0,0,0,2,19,28,28,37,37,53],"current_hp_per_floor":[38,38,44,44,50,50,50,38,38,68,72,72,78,80,80,50,80,80,80,77,77,79,79,80,59,59,73,73,80,77,48,60,28,80,80,80,80,80,51,66,80,80,80,80,80,76,76,71,76,76,76,76,76,72,74],"gold":165,"neow_bonus":"","is_daily":false,"chose_seed":false,"campfire_upgraded":7,"win_rate":0.0,"timestamp":1608385448,"path_taken":["M","$","M","$","M","R","?","?","T","R","M","?","?","M","R","BOSS","M","$","?","$","M","?","R","E","T","M","$","M","?","M","R","BOSS","M","M","$","?","M","R","M","?","T","E","M","?","M","?","R","BOSS","R","$","E","BOSS"],"items_purchased_type":["Relic","Relic","Relic","Relic","Card","Card","Card","Card","Relic","Card","Card"],"build_version":"2020-12-13","purchased_purges":4,"victory":true,"max_hp_per_floor":[80,80,80,80,80,80,80,80,80,80,80,80,80,80,80,80,80,80,80,80,80,80,80,80,80,80,80,80,80,80,80,80,80,80,80,80,80,80,80,80,80,80,80,80,80,76,76,76,76,76,76,76,76,86,86],"relic_stats":{"Torii":9,"counters":[403,2105],"Black Blood":2287,"Eternal Feather":39,"Question Card":23,"Blood Vial":38,"Nunchaku":[24],"Mummified Hand":[224],"Ornamental Fan":[48],"Sundial":[26],"Chemical X":[35],"obtain_stats":[{"Whetstone":45,"Ginger":48,"Bottled Tornado":12,"Boot":40,"Old Coin":9,"Blood Vial":54,"Sundial":43,"Fusion Hammer":34,"Kunai":3,"Runic Cube":34,"Pear":6,"Blue Candle":9,"Eternal Feather":6,"Pen Nib":9,"Akabeko":37,"SlaversCollar":17,"Runic Dome":17,"Bird Faced Urn":0,"MutagenicStrength":27,"Mark of Pain":34,"StrikeDummy":47,"Unceasing Top":0,"Regal Pillow":9,"Singing Bowl":42,"Torii":44,"Magic Flower":34,"StoneCalendar":0,"Bag of Preparation":41,"Ancient Tea Set":6,"Burning Blood":0,"Matryoshka":27,"WingedGreaves":11,"Chemical X":0,"Paper Frog":9,"Potion Belt":43,"Lee\u0027s Waffle":0,"Golden Idol":4,"Self Forming Clay":25,"Thread and Needle":0,"The Courier":13,"Omamori":13,"Frozen Egg 2":8,"MawBank":9,"Ornamental Fan":12,"Orrery":0,"Turnip":13,"Art of War":26,"Champion Belt":23,"Toy Ornithopter":9,"Ice Cream":0,"Calipers":0,"Gremlin Horn":24,"CeramicFish":11,"Vajra":19,"Sozu":17,"Lizard Tail":25,"Centennial Puzzle":26,"HornCleat":54,"DollysMirror":37,"Strawberry":43,"Toxic Egg 2":25,"Girya":0,"Happy Flower":0,"Dead Branch":13,"Oddly Smooth Stone":54,"Charon\u0027s Ashes":0,"Letter Opener":26,"War Paint":55,"Question Card":9,"Du-Vu Doll":43,"OrangePellets":0,"Bottled Flame":54,"Shuriken":0,"Bronze Scales":0,"Molten Egg 2":26,"Nloth\u0027s Gift":20,"Pocketwatch":47,"Meat on the Bone":28,"Darkstone Periapt":26,"SacredBark":34,"Black Blood":17,"Mango":26,"Juzu Bracelet":3,"Incense Burner":0,"Empty Cage":17,"PrismaticShard":0,"ClockworkSouvenir":0,"Nunchaku":36,"Dream Catcher":25,"TheAbacus":37,"Mummified Hand":0,"Gambling Chip":13,"Tiny Chest":24,"Red Mask":41,"Red Skull":4,"Runic Pyramid":34,"Orichalcum":20,"Odd Mushroom":14,"White Beast Statue":2,"Mercury Hourglass":30,"Peace Pipe":0,"Calling Bell":34,"Anchor":12,"Bag of Marbles":0,"Membership Card":0,"FossilizedHelix":0,"TungstenRod":36},{"Whetstone":46,"Ginger":104,"Bottled Tornado":137,"Boot":102,"Old Coin":4,"Blood Vial":49,"Sundial":149,"Fusion Hammer":98,"Kunai":2,"Runic Cube":296,"Pear":111,"Blue Candle":112,"Eternal Feather":25,"Pen Nib":56,"Akabeko":221,"SlaversCollar":36,"Runic Dome":61,"Bird Faced Urn":129,"MutagenicStrength":292,"Mark of Pain":70,"StrikeDummy":47,"Unceasing Top":0,"Regal Pillow":157,"Singing Bowl":102,"Torii":398,"Magic Flower":367,"StoneCalendar":80,"Bag of Preparation":196,"Ancient Tea Set":84,"Burning Blood":0,"Matryoshka":118,"WingedGreaves":26,"Chemical X":50,"Paper Frog":33,"Potion Belt":102,"Lee\u0027s Waffle":231,"Golden Idol":2,"Self Forming Clay":265,"Thread and Needle":154,"The Courier":15,"Omamori":27,"Frozen Egg 2":25,"MawBank":13,"Ornamental Fan":381,"Orrery":9,"Turnip":59,"Art of War":117,"Champion Belt":66,"Toy Ornithopter":181,"Ice Cream":80,"Calipers":80,"Gremlin Horn":39,"CeramicFish":33,"Vajra":140,"Sozu":306,"Lizard Tail":39,"Centennial Puzzle":39,"HornCleat":174,"DollysMirror":395,"Strawberry":124,"Toxic Egg 2":117,"Girya":50,"Happy Flower":80,"Dead Branch":88,"Oddly Smooth Stone":326,"Charon\u0027s Ashes":50,"Letter Opener":67,"War Paint":79,"Question Card":135,"Du-Vu Doll":149,"OrangePellets":19,"Bottled Flame":106,"Shuriken":0,"Bronze Scales":29,"Molten Egg 2":165,"Nloth\u0027s Gift":115,"Pocketwatch":172,"Meat on the Bone":216,"Darkstone Periapt":93,"SacredBark":219,"Black Blood":16,"Mango":141,"Juzu Bracelet":10,"Incense Burner":107,"Empty Cage":160,"PrismaticShard":327,"ClockworkSouvenir":0,"Nunchaku":42,"Dream Catcher":141,"TheAbacus":99,"Mummified Hand":50,"Gambling Chip":34,"Tiny Chest":92,"Red Mask":148,"Red Skull":32,"Runic Pyramid":41,"Orichalcum":17,"Odd Mushroom":28,"White Beast Statue":10,"Mercury Hourglass":69,"Peace Pipe":0,"Calling Bell":367,"Anchor":59,"Bag of Marbles":50,"Membership Card":0,"FossilizedHelix":129,"TungstenRod":193},{"Whetstone":235,"Ginger":445,"Bottled Tornado":578,"Boot":443,"Old Coin":20,"Blood Vial":254,"Sundial":607,"Fusion Hammer":434,"Kunai":11,"Runic Cube":1471,"Pear":468,"Blue Candle":470,"Eternal Feather":132,"Pen Nib":288,"Akabeko":1053,"SlaversCollar":194,"Runic Dome":314,"Bird Faced Urn":552,"MutagenicStrength":1449,"Mark of Pain":351,"StrikeDummy":240,"Unceasing Top":0,"Regal Pillow":630,"Singing Bowl":443,"Torii":2056,"Magic Flower":1869,"StoneCalendar":388,"Bag of Preparation":876,"Ancient Tea Set":396,"Burning Blood":0,"Matryoshka":499,"WingedGreaves":139,"Chemical X":262,"Paper Frog":177,"Potion Belt":443,"Lee\u0027s Waffle":1104,"Golden Idol":11,"Self Forming Clay":1293,"Thread and Needle":621,"The Courier":70,"Omamori":150,"Frozen Egg 2":132,"MawBank":57,"Ornamental Fan":1932,"Orrery":48,"Turnip":301,"Art of War":496,"Champion Belt":329,"Toy Ornithopter":757,"Ice Cream":388,"Calipers":388,"Gremlin Horn":203,"CeramicFish":177,"Vajra":586,"Sozu":1538,"Lizard Tail":203,"Centennial Puzzle":203,"HornCleat":729,"DollysMirror":2030,"Strawberry":538,"Toxic Egg 2":496,"Girya":262,"Happy Flower":388,"Dead Branch":406,"Oddly Smooth Stone":1624,"Charon\u0027s Ashes":262,"Letter Opener":332,"War Paint":381,"Question Card":574,"Du-Vu Doll":607,"OrangePellets":106,"Bottled Flame":448,"Shuriken":0,"Bronze Scales":164,"Molten Egg 2":671,"Nloth\u0027s Gift":488,"Pocketwatch":718,"Meat on the Bone":1028,"Darkstone Periapt":419,"SacredBark":1044,"Black Blood":80,"Mango":587,"Juzu Bracelet":50,"Incense Burner":454,"Empty Cage":646,"PrismaticShard":1631,"ClockworkSouvenir":0,"Nunchaku":221,"Dream Catcher":587,"TheAbacus":436,"Mummified Hand":262,"Gambling Chip":183,"Tiny Chest":417,"Red Mask":605,"Red Skull":173,"Runic Pyramid":217,"Orichalcum":95,"Odd Mushroom":152,"White Beast Statue":50,"Mercury Hourglass":341,"Peace Pipe":0,"Calling Bell":1869,"Anchor":301,"Bag of Marbles":262,"Membership Card":0,"FossilizedHelix":552,"TungstenRod":854}],"Unceasing Top":[10]},"card_choices":[{"not_picked":["Heavy Blade","Body Slam","True Grit"],"picked":"SKIP","floor":1.0},{"not_picked":["Spot Weakness","Headbutt"],"picked":"Shrug It Off","floor":3.0},{"not_picked":["Anger","Burning Pact"],"picked":"Berserk","floor":5.0},{"not_picked":["Thunderclap","Body Slam","Armaments"],"picked":"Inflame","floor":11.0},{"not_picked":["Thunderclap","Blood for Blood","True Grit"],"picked":"Pummel","floor":13.0},{"not_picked":["True Grit","Clash","Wild Strike"],"picked":"Twin Strike","floor":14.0},{"not_picked":["Exhume","Offering","Corruption"],"picked":"Barricade","floor":16.0},{"not_picked":["Flame Barrier","Sword Boomerang+1","Heavy Blade","Power Through"],"picked":"SKIP","floor":18.0},{"not_picked":["Warcry","Headbutt","Armaments"],"picked":"Shrug It Off+1","floor":20.0},{"not_picked":["True Grit","Pommel Strike","Body Slam"],"picked":"Disarm+1","floor":22},{"not_picked":["Iron Wave","Heavy Blade+1","Barricade"],"picked":"Shrug It Off","floor":25},{"not_picked":["Clothesline","True Grit","Pummel+1"],"picked":"Whirlwind","floor":27},{"not_picked":["Anger+1","True Grit+1","Headbutt","Armaments"],"picked":"SKIP","floor":29},{"not_picked":["Burning Pact","Headbutt","Wild Strike"],"picked":"Entrench","floor":30},{"not_picked":["Intimidate+1","Armaments","Dual Wield"],"picked":"Rampage","floor":31},{"not_picked":["Limit Break","Impervious","Brutality"],"picked":"Offering","floor":33},{"not_picked":["Evolve","Carnage","Blood for Blood+1"],"picked":"Warcry+1","floor":35},{"not_picked":["Hemokinesis","Thunderclap","Clothesline"],"picked":"Warcry+1","floor":36},{"not_picked":["Blood for Blood+1","Warcry","Reckless Charge+1","Pummel"],"picked":"SKIP","floor":39},{"not_picked":["Inflame","Havoc","Sword Boomerang"],"picked":"Battle Trance","floor":41},{"not_picked":["Second Wind","Armaments+1","Limit Break"],"picked":"Warcry+1","floor":44},{"not_picked":["Entrench+1","Clothesline","Whirlwind"],"picked":"Body Slam+1","floor":45},{"not_picked":["Sword Boomerang+1","Anger","Clash+1","Rupture"],"picked":"SKIP","floor":47},{"not_picked":["Panacea","Secret Technique","HandOfGreed"],"picked":"Master of Strategy","floor":48},{"not_picked":["Combust","Pommel Strike+1","Clothesline"],"picked":"True Grit+1","floor":54}],"player_experience":699197,"relics_obtained":[{"floor":7.0,"key":"Eternal Feather"},{"floor":9.0,"key":"Bag of Marbles"},{"floor":25,"key":"Blood Vial"},{"floor":26,"key":"Sundial"},{"floor":30,"key":"Red Mask"},{"floor":43,"key":"Unceasing Top"},{"floor":44,"key":"Torii"},{"floor":54,"key":"Pear"}],"event_choices":[{"damage_healed":0.0,"max_hp_gain":0.0,"max_hp_loss":0.0,"gold_gain":0.0,"event_name":"Scrap Ooze","player_choice":"Success","floor":8.0,"gold_loss":0.0,"damage_taken":12.0,"relics_obtained":["Question Card"]},{"damage_healed":0.0,"max_hp_gain":0.0,"max_hp_loss":0.0,"gold_gain":0.0,"event_name":"WeMeetAgain","player_choice":"Paid Gold","floor":12.0,"gold_loss":96.0,"damage_taken":0.0,"relics_obtained":["Ornamental Fan"]},{"damage_healed":0,"gold_gain":99,"player_choice":"Stole From Cult","damage_taken":0,"max_hp_gain":0,"max_hp_loss":0,"event_name":"Nest","floor":23,"gold_loss":0},{"damage_healed":0,"gold_gain":0,"player_choice":"Fought Bandits","damage_taken":0,"max_hp_gain":0,"max_hp_loss":0,"event_name":"Masked Bandits","floor":30,"gold_loss":0},{"cards_removed":["Pummel"],"damage_healed":0,"gold_gain":0,"player_choice":"Removed Attack","damage_taken":0,"max_hp_gain":0,"max_hp_loss":0,"event_name":"Falling","floor":38,"gold_loss":0},{"damage_healed":0,"gold_gain":222,"player_choice":"Wore Mask","damage_taken":0,"max_hp_gain":0,"max_hp_loss":0,"event_name":"Tomb of Lord Red Mask","floor":42,"gold_loss":0},{"damage_healed":0,"gold_gain":0,"player_choice":"Max HP","damage_taken":0,"max_hp_gain":0,"max_hp_loss":4,"event_name":"Winding Halls","floor":46,"gold_loss":0},{"damage_healed":0,"gold_gain":0,"player_choice":"Memory 2","damage_taken":5,"max_hp_gain":0,"max_hp_loss":0,"event_name":"SensoryStone","floor":48,"gold_loss":0}],"is_beta":false,"boss_relics":[{"not_picked":["Runic Cube","Runic Pyramid"],"picked":"Black Blood"},{"not_picked":["Fusion Hammer","Astrolabe"],"picked":"SlaversCollar"}],"items_purged_floors":[0,19,28,53],"is_endless":false,"potions_floor_spawned":[5,16,18,20,22,25,33,36,41,47],"ascension_level":0}}