{"host":"26mrfot5w7uj2ebc","time":1608388676,"event":{"mods":["AchievementEnabler","BaseMod","Colored Map","Minty Spire (QoL Compilation)"],"gold_per_floor":[119,194,204,204,204,239,251,251,301,311,346,346,358,372,372,469,469,469,171,171,171,171,171,171,171,171,171,171,171,171,171,171,171,171,171,0,0,0,0,0,0,0,0,0,0,0,0,0,0,0,0],"floor_reached":50,"playtime":3154,"items_purged":[],"score":505,"play_id":"a1903f7c-47a2-4869-9329-b95683475121","local_time":"20201219233756","is_ascension_mode":false,"campfire_choices":[{"floor":8,"key":"REST"},{"floor":12,"key":"REST"},{"data":"Noxious Fumes","floor":15,"key":"SMITH"},{"floor":27,"key":"REST"},{"floor":32,"key":"REST"},{"floor":40,"key":"RECALL"},{"data":"Backflip","floor":47,"key":"SMITH"},{"data":"After Image","floor":49,"key":"SMITH"}],"circlet_count":0,"master_deck":["Strike_G+1","Strike_G+1","Strike_G+1","Strike_G+1","Strike_G+1","Defend_G+1","Defend_G+1","Defend_G+1","Defend_G+1","Survivor+1","Dash+1","Backflip+1","Dagger Spray+1","Noxious Fumes+1","Deadly Poison+1","Noxious Fumes+1","Blade Dance+1","Distraction+1","A Thousand Cuts+1","Noxious Fumes+1","Accuracy+1","Crippling Poison+1","Calculated Gamble+1","Predator+1","Bullet Time+1","Deadly Poison+1","Calculated Gamble+1","Accuracy+1","Footwork+1","Backflip+1","Leg Sweep+1","Venomology+1","Accuracy+1","Outmaneuver+1","Bullet Time+1","Reflex+1","Distraction+1","Decay","Dodge and Roll+1","Decay","Backflip+1","Parasite","After Image+1"],"relics":["Ring of the Snake","Centennial Puzzle","Bag of Preparation","Oddly Smooth Stone","Boot","Ectoplasm","Orrery","Nilry\u0027s Codex","Toy Ornithopter","Strawberry","Cursed Key","Red Mask","Mark of the Bloom","Shuriken"],"acts_visited":["Exordium","TheCity","TheBeyond"],"potions_floor_usage":[6,6,7,11,23,30,31,31,33,42,44,44,48,50,50,50],"damage_taken":[{"damage":0,"enemies":"Jaw Worm","floor":1,"turns":5},{"damage":0,"enemies":"2 Louse","floor":3,"turns":3},{"damage":25,"enemies":"Gremlin Nob","floor":6,"turns":4},{"damage":0,"enemies":"Small Slimes","floor":7,"turns":3},{"damage":0,"enemies":"Blue Slaver","floor":10,"turns":4},{"damage":15,"enemies":"3 Sentries","floor":11,"turns":6},{"damage":0,"enemies":"2 Fungi Beasts","floor":13,"turns":3},{"damage":0,"enemies":"Looter","floor":14,"turns":3},{"damage":26,"enemies":"Slime Boss","floor":16,"turns":8},{"damage":4,"enemies":"3 Byrds","floor":18,"turns":3},{"damage":29,"enemies":"Shell Parasite","floor":21,"turns":5},{"damage":16,"enemies":"Book of Stabbing","floor":23,"turns":5},{"damage":7,"enemies":"Centurion and Healer","floor":24,"turns":5},{"damage":15,"enemies":"Shelled Parasite and Fungi","floor":25,"turns":6},{"damage":11,"enemies":"Snecko","floor":28,"turns":4},{"damage":18,"enemies":"Centurion and Healer","floor":29,"turns":6},{"damage":15,"enemies":"Snake Plant","floor":30,"turns":4},{"damage":31,"enemies":"Shelled Parasite and Fungi","floor":31,"turns":4},{"damage":72,"enemies":"Collector","floor":33,"turns":8},{"damage":5,"enemies":"3 Shapes","floor":35,"turns":4},{"damage":0,"enemies":"Orb Walker","floor":39,"turns":3},{"damage":19,"enemies":"Writhing Mass","floor":42,"turns":5},{"damage":32,"enemies":"Transient","floor":44,"turns":5},{"damage":14,"enemies":"Spire Growth","floor":46,"turns":5},{"damage":0,"enemies":"Writhing Mass","floor":48,"turns":4},{"damage":27,"enemies":"Time Eater","floor":50,"turns":10}],"seed_played":"6142377153054595283","potions_obtained":[{"floor":1,"key":"DuplicationPotion"},{"floor":3,"key":"ColorlessPotion"},{"floor":7,"key":"Fruit Juice"},{"floor":10,"key":"AttackPotion"},{"floor":21,"key":"Explosive Potion"},{"floor":24,"key":"Strength Potion"},{"floor":25,"key":"Ancient Potion"},{"floor":28,"key":"FairyPotion"},{"floor":31,"key":"LiquidBronze"},{"floor":33,"key":"Explosive Potion"},{"floor":39,"key":"EssenceOfSteel"}],"is_trial":false,"path_per_floor":["M","?","M","?","?","E","M","R","T","M","E","R","M","M","R","B",null,"M","$","?","M","?","E","M","M","T","R","M","M","M","M","R","B",null,"M","?","?","?","M","R","T","M","T","M","?","M","R","M","R","B"],"character_chosen":"THE_SILENT","items_purchased":["Accuracy","Crippling Poison","Orrery"],"campfire_rested":4,"item_purchase_floors":[19,19,19],"current_hp_per_floor":[70,59,59,52,52,27,32,54,54,54,39,61,61,61,61,35,75,71,71,55,26,51,35,28,13,20,44,33,15,5,24,48,24,82,77,77,77,77,77,77,77,58,58,26,26,12,12,12,12,0,0],"gold":0,"neow_bonus":"RANDOM_COMMON_RELIC","is_daily":false,"chose_seed":false,"campfire_upgraded":3,"win_rate":0.0,"timestamp":1608388676,"path_taken":["M","?","M","?","?","E","M","R","T","M","E","R","M","M","R","BOSS","M","$","?","M","?","E","M","M","T","R","M","M","M","M","R","BOSS","M","?","?","?","M","R","?","M","T","M","?","?","R","M","R","BOSS"],"items_purchased_type":["Card","Card","Relic"],"build_version":"2020-12-13","purchased_purges":0,"victory":false,"max_hp_per_floor":[70,70,70,70,70,70,75,75,75,75,75,75,75,75,75,75,75,75,75,75,75,75,75,75,75,82,82,82,82,82,82,82,82,82,82,82,82,82,82,82,82,82,82,82,82,82,82,82,82,82,82],"card_choices":[{"not_picked":["Flying Knee","Deadly Poison"],"picked":"Dash","floor":1},{"not_picked":["Slice","Acrobatics"],"picked":"Backflip","floor":3},{"not_picked":["Cloak And Dagger","Blade Dance"],"picked":"Dagger Spray","floor":6},{"not_picked":["Corpse Explosion","Caltrops"],"picked":"Noxious Fumes","floor":7},{"not_picked":["Reflex","Blur"],"picked":"Deadly Poison","floor":10},{"not_picked":["Bane","Quick Slash"],"picked":"Noxious Fumes","floor":11},{"not_picked":["Infinite Blades","Bane"],"picked":"Blade Dance","floor":13},{"not_picked":["Bane","Quick Slash"],"picked":"Distraction","floor":14},{"not_picked":["Adrenaline","Malaise"],"picked":"A Thousand Cuts","floor":16},{"not_picked":["Masterful Stab","Flying Knee+1"],"picked":"Noxious Fumes+1","floor":18},{"not_picked":["Flying Knee","Acrobatics+1"],"picked":"Calculated Gamble","floor":19},{"not_picked":["Poisoned Stab","Skewer+1"],"picked":"Predator","floor":19},{"not_picked":["Escape Plan","Dodge and Roll"],"picked":"Bullet Time","floor":19},{"not_picked":["Acrobatics","Predator"],"picked":"Deadly Poison","floor":19},{"not_picked":["Heel Hook+1","Blur"],"picked":"Calculated Gamble","floor":19},{"not_picked":["Outmaneuver","Poisoned Stab"],"picked":"Accuracy","floor":21},{"not_picked":["Dagger Spray","Choke"],"picked":"Footwork","floor":23},{"not_picked":["Poisoned Stab","Bane+1"],"picked":"Backflip","floor":24},{"not_picked":["Deadly Poison","Dash"],"picked":"Leg Sweep","floor":25},{"not_picked":["Leg Sweep","Outmaneuver"],"picked":"Venomology","floor":28},{"not_picked":["All Out Attack","Finisher"],"picked":"Accuracy","floor":29},{"not_picked":["Acrobatics","Dodge and Roll"],"picked":"Outmaneuver","floor":30},{"not_picked":["Quick Slash","Predator","Masterful Stab"],"picked":"SKIP","floor":31},{"not_picked":["Burst","Tools of the Trade"],"picked":"Bullet Time","floor":33},{"not_picked":["Cloak And Dagger+1","Flechettes"],"picked":"Reflex+1","floor":35},{"not_picked":["Deadly Poison+1","Backflip+1"],"picked":"Distraction+1","floor":39},{"not_picked":["Cloak And Dagger+1","Dash"],"picked":"Dodge and Roll+1","floor":42},{"not_picked":["Dodge and Roll+1","Slice+1","Deadly Poison"],"picked":"SKIP","floor":44},{"not_picked":["Underhanded Strike","Acrobatics+1"],"picked":"Backflip","floor":46},{"not_picked":["Backstab+1","Terror"],"picked":"After Image","floor":48}],"player_experience":184209,"relics_obtained":[{"floor":6,"key":"Bag of Preparation"},{"floor":9,"key":"Oddly Smooth Stone"},{"floor":11,"key":"Boot"},{"floor":20,"key":"Nilry\u0027s Codex"},{"floor":23,"key":"Toy Ornithopter"},{"floor":26,"key":"Strawberry"},{"floor":43,"key":"Shuriken"}],"event_choices":[{"damage_healed":0,"gold_gain":75,"player_choice":"Gather Gold","damage_taken":11,"max_hp_gain":0,"max_hp_loss":0,"event_name":"World of Goop","floor":2,"gold_loss":0},{"cards_removed":["Defend_G"],"damage_healed":0,"gold_gain":0,"player_choice":"Card Removal","damage_taken":7,"max_hp_gain":0,"max_hp_loss":0,"event_name":"Golden Wing","floor":4,"gold_loss":0},{"damage_healed":0,"gold_gain":0,"player_choice":"Grow","damage_taken":0,"max_hp_gain":0,"max_hp_loss":0,"event_name":"Living Wall","floor":5,"gold_loss":0,"cards_upgraded":["Dash"]},{"damage_healed":0,"gold_gain":0,"player_choice":"Obtained Book","damage_taken":16,"max_hp_gain":0,"max_hp_loss":0,"event_name":"Cursed Tome","floor":20,"gold_loss":0},{"damage_healed":25,"gold_gain":0,"player_choice":"Heal","damage_taken":0,"max_hp_gain":0,"max_hp_loss":0,"event_name":"The Library","floor":22,"gold_loss":0},{"damage_healed":0,"gold_gain":0,"player_choice":"Paid","damage_taken":0,"relics_obtained":["Red Mask"],"max_hp_gain":0,"max_hp_loss":0,"event_name":"Tomb of Lord Red Mask","floor":36,"gold_loss":171},{"cards_removed":["Neutralize"],"damage_healed":0,"gold_gain":0,"player_choice":"Removed Attack","damage_taken":0,"max_hp_gain":0,"max_hp_loss":0,"event_name":"Falling","floor":37,"gold_loss":0},{"damage_healed":0,"gold_gain":0,"player_choice":"Upgrade","damage_taken":0,"relics_obtained":["Mark of the Bloom"],"max_hp_gain":0,"max_hp_loss":0,"event_name":"MindBloom","floor":38,"gold_loss":0,"cards_upgraded":["Strike_G","Strike_G","Strike_G","Strike_G","Strike_G","Defend_G","Defend_G","Defend_G","Defend_G","Survivor","Backflip","Dagger Spray","Noxious Fumes","Deadly Poison","Blade Dance","Distraction","A Thousand Cuts","Accuracy","Crippling Poison","Calculated Gamble","Predator","Bullet Time","Deadly Poison","Calculated Gamble","Accuracy","Footwork","Backflip","Leg Sweep","Venomology","Accuracy","Outmaneuver","Bullet Time"]},{"damage_healed":0,"gold_gain":0,"player_choice":"Ignored","damage_taken":0,"max_hp_gain":0,"max_hp_loss":0,"event_name":"Mysterious Sphere","floor":45,"gold_loss":0}],"is_beta":false,"boss_relics":[{"not_picked":["Philosopher\u0027s Stone","Snecko Eye"],"picked":"Ectoplasm"},{"not_picked":["SlaversCollar","Tiny House"],"picked":"Cursed Key"}],"items_purged_floors":[],"is_endless":false,"potions_floor_spawned":[1,3,7,10,21,24,25,28,31,33,35,39],"killed_by":"Time Eater","ascension_level":0}}