{"host":"sav7uxregyirlf69","time":1608347735,"event":{"mods":["AchievementEnabler","BaseMod","Colored Map","DeckTracker","Keyboard Shortcuts","Minty Spire (QoL Compilation)","READ ME - Guardian Mod","StSLib","SuperFastMode"],"gold_per_floor":[116,29,29,29,49,81,6,6,6,6,36,49,68,143,143,217,217,237,257,6,18,18,46,60,60,86,101,0,0,0,19,19,19,19],"floor_reached":33,"playtime":683,"items_purged":["Strike_G"],"score":604,"play_id":"2780a4ed-7451-4e63-9de7-604dff4294d1","local_time":"20201219121535","is_ascension_mode":true,"campfire_choices":[{"data":"Dagger Throw","floor":8.0,"key":"SMITH"},{"data":"Neutralize","floor":10.0,"key":"SMITH"},{"floor":15.0,"key":"REST"},{"floor":29,"key":"REST"},{"floor":32,"key":"REST"}],"circlet_count":0,"master_deck":["AscendersBane","Strike_G","Defend_G","Defend_G","Defend_G","Defend_G","Survivor","Neutralize+1","Dagger Throw+1","Acrobatics","Escape Plan","Tactician","Backflip","After Image","A Thousand Cuts+1","Crippling Poison+1","Catalyst+1","Noxious Fumes+1","Well Laid Plans","Blur","Calculated Gamble","Deadly Poison"],"relics":["Ring of the Snake","NeowsBlessing","Dream Catcher","Centennial Puzzle","Letter Opener","Bottled Flame","Astrolabe","Lee\u0027s Waffle","InkBottle","PreservedInsect"],"acts_visited":["Exordium","TheCity"],"potions_floor_usage":[16,16,16,16,23,25,31],"damage_taken":[{"damage":0.0,"enemies":"2 Louse","floor":1.0,"turns":1.0},{"damage":0.0,"enemies":"Cultist","floor":5.0,"turns":1.0},{"damage":0.0,"enemies":"3 Sentries","floor":6.0,"turns":1.0},{"damage":27.0,"enemies":"Gremlin Nob","floor":11.0,"turns":4.0},{"damage":4.0,"enemies":"Small Slimes","floor":12.0,"turns":3.0},{"damage":1.0,"enemies":"Blue Slaver","floor":13.0,"turns":4.0},{"damage":2,"enemies":"The Guardian","floor":16,"turns":12},{"damage":11,"enemies":"Shell Parasite","floor":18,"turns":5},{"damage":3,"enemies":"3 Byrds","floor":19,"turns":3},{"damage":12,"enemies":"Centurion and Healer","floor":21,"turns":6},{"damage":36,"enemies":"Slavers","floor":23,"turns":5},{"damage":24,"enemies":"Sentry and Sphere","floor":24,"turns":6},{"damage":0,"enemies":"Snake Plant","floor":25,"turns":1},{"damage":0,"enemies":"Centurion and Healer","floor":27,"turns":6},{"damage":6,"enemies":"3 Cultists","floor":31,"turns":4},{"damage":43,"enemies":"Collector","floor":33,"turns":5}],"seed_played":"-3558677031712448935","potions_obtained":[{"floor":6.0,"key":"PowerPotion"},{"floor":11.0,"key":"EntropicBrew"},{"floor":13.0,"key":"Ancient Potion"},{"floor":18,"key":"SmokeBomb"},{"floor":22,"key":"SpeedPotion"},{"floor":27,"key":"AttackPotion"},{"floor":31,"key":"FearPotion"}],"is_trial":false,"path_per_floor":["M","?","$","?","M","E","$","R","T","R","E","M","M","?","R","B",null,"M","M","$","M","?","E","M","M","T","M","?","R","$","M","R","B"],"character_chosen":"THE_SILENT","items_purchased":["Lee\u0027s Waffle","Well Laid Plans"],"campfire_rested":3,"item_purchase_floors":[20,20],"current_hp_per_floor":[59,59,59,52,52,52,52,52,52,52,25,21,20,9,28,26,56,45,42,73,61,61,25,1,1,1,1,1,22,22,16,37,0,0],"gold":19,"neow_bonus":"THREE_ENEMY_KILL","is_daily":false,"chose_seed":false,"campfire_upgraded":2,"win_rate":0.0,"timestamp":1608347735,"path_taken":["M","?","$","?","M","E","$","R","T","R","E","M","M","?","R","BOSS","M","M","$","M","?","E","M","?","T","M","?","R","?","?","R","BOSS"],"items_purchased_type":["Relic","Card"],"build_version":"2020-12-13","purchased_purges":1,"victory":false,"max_hp_per_floor":[66,66,66,66,66,66,66,66,66,66,66,66,66,66,66,66,66,66,66,73,73,73,73,73,73,73,73,73,73,73,73,73,73,73],"card_choices":[{"not_picked":["Outmaneuver","Endless Agony"],"picked":"Dagger Throw","floor":1.0},{"not_picked":["Backflip","Slice"],"picked":"Acrobatics","floor":5.0},{"not_picked":["Grand Finale","PiercingWail"],"picked":"Escape Plan","floor":6.0},{"not_picked":["Sucker Punch","Concentrate"],"picked":"Tactician","floor":11.0},{"not_picked":["Outmaneuver","Deflect","Flying Knee"],"picked":"SKIP","floor":12.0},{"not_picked":["Accuracy","Flying Knee","Dagger Spray"],"picked":"SKIP","floor":13.0},{"not_picked":["Dash","Dagger Spray"],"picked":"Backflip","floor":15.0},{"not_picked":["A Thousand Cuts","Phantasmal Killer"],"picked":"After Image","floor":16},{"not_picked":["Bane","Slice"],"picked":"Noxious Fumes+1","floor":18},{"not_picked":["Deadly Poison","PiercingWail","Outmaneuver"],"picked":"SKIP","floor":19},{"not_picked":["Deflect","PiercingWail","Concentrate+1"],"picked":"SKIP","floor":21},{"not_picked":["Noxious Fumes","Terror"],"picked":"Blur","floor":23},{"not_picked":["Eviscerate","Well Laid Plans"],"picked":"Calculated Gamble","floor":24},{"not_picked":["Acrobatics","PiercingWail"],"picked":"Deadly Poison","floor":27},{"not_picked":["Quick Slash","Expertise+1","Predator"],"picked":"SKIP","floor":31}],"player_experience":950380,"relics_obtained":[{"floor":6.0,"key":"Centennial Puzzle"},{"floor":9.0,"key":"Letter Opener"},{"floor":11.0,"key":"Bottled Flame"},{"floor":23,"key":"InkBottle"},{"floor":26,"key":"PreservedInsect"}],"event_choices":[{"damage_healed":0.0,"max_hp_gain":0.0,"max_hp_loss":0.0,"gold_gain":0.0,"event_name":"WeMeetAgain","player_choice":"Paid Gold","floor":2.0,"gold_loss":87.0,"damage_taken":0.0,"relics_obtained":["Dream Catcher"]},{"cards_removed":["Strike_G"],"damage_healed":0.0,"max_hp_gain":0.0,"max_hp_loss":0.0,"gold_gain":0.0,"event_name":"Golden Wing","player_choice":"Card Removal","floor":4.0,"gold_loss":0.0,"damage_taken":7.0},{"damage_healed":0.0,"max_hp_gain":0.0,"max_hp_loss":0.0,"gold_gain":75.0,"event_name":"World of Goop","player_choice":"Gather Gold","floor":14.0,"gold_loss":0.0,"damage_taken":11.0},{"damage_healed":0,"gold_gain":0,"player_choice":"Got Potions","damage_taken":0,"max_hp_gain":0,"max_hp_loss":0,"event_name":"Lab","floor":22,"gold_loss":0},{"damage_healed":0,"gold_gain":0,"player_choice":"Paid Fearfully","damage_taken":0,"max_hp_gain":0,"max_hp_loss":0,"event_name":"Masked Bandits","floor":28,"gold_loss":101}],"is_beta":false,"boss_relics":[{"not_picked":["Velvet Choker","Sozu"],"picked":"Astrolabe"}],"items_purged_floors":[7],"is_endless":false,"potions_floor_spawned":[6,11,13,18,25,27,31],"killed_by":"Collector","ascension_level":20}}