{"host":"xodzlm10r37577ou","time":1608394191,"event":{"mods":["Act Like it!","BaseMod","Gensokyo","Koishi","KomeijiMod","Marisa£¨ìFÓê¡¡Ä§ÀíÉ³£©","Minty Spire (QoL Compilation)","Reimu£¨²©ÀöÁéÃÎ£©","Remilia£¨ÀÙÃ×ÀòÑÇ£©","Replay The Spire","StSLib","The Administrix","The Servant 0.9.4","Youmu£¨»êÆÇÑýÃÎ£©","¡¾¶«·½¶þ´Î´´×÷¡¿°ËÔÆ×Ïmod"],"gold_per_floor":[113,13,13,13,31,59,59,71,94,94,94,119,44,62,62,164,164,183,11,11,28,48,78,89,89,89,100,114,148,165,200,200,308,308,329,339],"floor_reached":37,"playtime":1614,"items_purged":["Koishi:BasicStrike","Koishi:BasicStrike"],"score":766,"play_id":"c570b536-2b8e-4c13-bf69-aa2ea068cf47","local_time":"20201220000951","is_ascension_mode":true,"campfire_choices":[{"data":"Koishi:HauntingSlash","floor":7.0,"key":"SMITH"},{"data":"Koishi:ReleaseOfTheId","floor":15.0,"key":"SMITH"},{"data":"Koishi:ReleaseOfTheId","floor":25.0,"key":"SMITH"},{"floor":32,"key":"REST"}],"circlet_count":0,"master_deck":["Koishi:BasicStrike","Koishi:BasicStrike","Koishi:BasicDefend","Koishi:BasicDefend","Koishi:BasicDefend","Koishi:BasicDefend","Koishi:Provoke","Koishi:IdleWhim","Koishi:PhilosophyOfTheDespised","Koishi:ReflexRadar","Koishi:FleetingPhantom","Koishi:MassHysteria","Koishi:HeartAttack+1","Koishi:ReleaseOfTheId+1","Koishi:PerfectMindControl","Koishi:FreudianInstinct","Koishi:ReleaseOfTheId+1","Koishi:HeartfeltFancy+1","Koishi:ReflexRadar","Koishi:UnconsciousUprising","Koishi:ReflexRadar","Koishi:ReflexRadar","Koishi:FadingMemory","CurseOfTheBell","Koishi:SprinkleStarAndHeart"],"relics":["Koishi:ImaginaryFriend","NeowsBlessing","Sundial","Koishi:BloodstainedWhiteRose","ReplayTheSpireMod:Lightbulb","Happy Flower","Divine Protection","SacredBark","Pet Ghost","Iron Hammer","Nunchaku","Replay:Bandana","Calling Bell","ScarletDevilRocket","InkBottle","Torii"],"acts_visited":["Gensokyo:Gensokyo","Gensokyo:Gensokyoer","TheBeyond"],"potions_floor_usage":[31,33],"damage_taken":[{"damage":0.0,"enemies":"Gensokyo:Gryphon","floor":1.0,"turns":1.0},{"damage":0.0,"enemies":"Gensokyo:Python","floor":5.0,"turns":1.0},{"damage":5.0,"enemies":"Gensokyo:Mamizou","floor":6.0,"turns":3.0},{"damage":15.0,"enemies":"Gensokyo:3_Fairies","floor":8.0,"turns":5.0},{"damage":16.0,"enemies":"Gensokyo:Cirno","floor":12.0,"turns":7.0},{"damage":0.0,"enemies":"Gensokyo:2_Rabbits","floor":14.0,"turns":2.0},{"damage":21.0,"enemies":"Gensokyo:Kokoro","floor":16.0,"turns":14.0},{"damage":8.0,"enemies":"Gensokyo:3_Dogs","floor":18.0,"turns":4.0},{"damage":0.0,"enemies":"Gensokyo:2_Gloops","floor":21.0,"turns":4.0},{"damage":4.0,"enemies":"Gensokyo:Slime_Group","floor":22.0,"turns":3.0},{"damage":11.0,"enemies":"Gensokyo:Tenshi","floor":23.0,"turns":3.0},{"damage":0.0,"enemies":"Gensokyo:Monolith_and_Dog","floor":24.0,"turns":2.0},{"damage":0.0,"enemies":"Gensokyo:Swordslinger","floor":27.0,"turns":2.0},{"damage":0.0,"enemies":"Gensokyo:3_Gloops","floor":28.0,"turns":3.0},{"damage":13.0,"enemies":"Gensokyo:Koishi","floor":29.0,"turns":4.0},{"damage":2.0,"enemies":"Gensokyo:Chomper_and_Gloop","floor":30.0,"turns":3.0},{"damage":37,"enemies":"Gensokyo:Tenshi","floor":31,"turns":3},{"damage":8,"enemies":"Gensokyo:Eiki","floor":33,"turns":9},{"damage":2,"enemies":"3 Shapes","floor":35,"turns":3},{"damage":30,"enemies":"Donu and Deca","floor":36,"turns":8}],"seed_played":"-4669361324500236610","potions_obtained":[{"floor":1.0,"key":"Block Potion"},{"floor":5.0,"key":"PowerPotion"},{"floor":6.0,"key":"SteroidPotion"},{"floor":16.0,"key":"EssenceOfSteel"},{"floor":28.0,"key":"Energy Potion"},{"floor":29.0,"key":"Strength Potion"},{"floor":33,"key":"SteroidPotion"}],"is_trial":false,"path_per_floor":["M","?","?","?","M","E","R","M","T","?","?","E","$","M","R","B",null,"M","$","?","M","M","E","M","R","T","M","M","E","M","E","R","B",null,"M","B",null],"character_chosen":"KOISHI","items_purchased":["Koishi:ReleaseOfTheId"],"campfire_rested":1,"item_purchase_floors":[19],"current_hp_per_floor":[60,60,60,60,60,55,55,43,43,43,43,30,30,33,33,15,60,52,52,52,55,51,43,46,46,46,49,52,42,43,9,27,22,60,58,28],"gold":339,"neow_bonus":"THREE_ENEMY_KILL","is_daily":false,"chose_seed":false,"campfire_upgraded":3,"win_rate":0.0,"timestamp":1608394191,"path_taken":["M","?","?","?","M","E","R","M","T","?","?","E","?","?","R","BOSS","M","$","?","M","M","E","M","R","T","M","M","E","?","E","R","BOSS","M","BOSS"],"items_purchased_type":["Card"],"build_version":"2020-12-13","purchased_purges":2,"victory":true,"max_hp_per_floor":[60,60,60,60,60,60,60,60,60,60,60,60,60,60,60,60,60,60,60,60,60,60,60,60,60,60,60,60,60,60,60,60,60,60,60,60],"card_choices":[{"not_picked":["Koishi:FreudianInstinct","Koishi:RacingHeart"],"picked":"Koishi:IdleWhim","floor":1.0},{"not_picked":["Koishi:BramblyRoseGarden","Koishi:Untouchable"],"picked":"Koishi:PhilosophyOfTheDespised","floor":3.0},{"not_picked":["Koishi:DreadfulBlow","Koishi:RacingHeart"],"picked":"Koishi:ReflexRadar","floor":3.0},{"not_picked":["Koishi:EmbryosDream","Koishi:StingingMind"],"picked":"Koishi:FleetingPhantom","floor":5.0},{"not_picked":["Koishi:PhantomStrike","Koishi:BloodcurdlingScream","Koishi:TerrifyingSpectre"],"picked":"SKIP","floor":6.0},{"not_picked":["Koishi:SpiritedAway","Koishi:Prune"],"picked":"Koishi:MassHysteria","floor":8.0},{"not_picked":["Koishi:Bloodlust","Koishi:UnansweredLove","Koishi:StrangeCloudFist"],"picked":"SKIP","floor":12.0},{"not_picked":["Koishi:FreudianInstinct","Koishi:JumpScare"],"picked":"Koishi:ReleaseOfTheId","floor":14.0},{"not_picked":["Koishi:MentalBreakdown","Koishi:Heartbroken"],"picked":"Koishi:PerfectMindControl","floor":16.0},{"not_picked":["Koishi:EmbersOfLove+1","Koishi:PhantomBarrier"],"picked":"Koishi:FreudianInstinct","floor":18.0},{"not_picked":["Koishi:LastRemote","Koishi:JumpScare","Koishi:Jaunt"],"picked":"SKIP","floor":21.0},{"not_picked":["Koishi:TraumaticStroke","Koishi:FleetingPhantom","Koishi:PhantomStrike+1"],"picked":"SKIP","floor":22.0},{"not_picked":["Koishi:FormlessExistence","Koishi:SpiritedAway+1","Koishi:PhantomStrike"],"picked":"SKIP","floor":23.0},{"not_picked":["Koishi:RacingHeart+1","Koishi:UnseenTerror+1"],"picked":"Koishi:HeartfeltFancy+1","floor":24.0},{"not_picked":["Koishi:PhantomBarrier","Koishi:Bloodlust"],"picked":"Koishi:ReflexRadar","floor":27.0},{"not_picked":["Koishi:TraumaticStroke","Koishi:FidgetySnatcher"],"picked":"Koishi:UnconsciousUprising","floor":28.0},{"not_picked":["Koishi:CatchAndRose","Koishi:PhantomBarrier"],"picked":"Koishi:ReflexRadar","floor":29.0},{"not_picked":["Koishi:DanmakuParanoia+1","Koishi:StingingMind","Koishi:SpiritedAway+1"],"picked":"SKIP","floor":30.0},{"not_picked":["Koishi:CatchAndRose","Koishi:StingingMind+1"],"picked":"Koishi:ReflexRadar","floor":31},{"not_picked":["Koishi:RollingInRichesHeart","Koishi:MindStellarRelief"],"picked":"Koishi:FadingMemory","floor":33},{"not_picked":["Koishi:RacingHeart+1","Koishi:Whimsy"],"picked":"Koishi:SprinkleStarAndHeart","floor":35}],"player_experience":917499,"relics_obtained":[{"floor":6.0,"key":"Koishi:BloodstainedWhiteRose"},{"floor":9.0,"key":"ReplayTheSpireMod:Lightbulb"},{"floor":12.0,"key":"Divine Protection"},{"floor":23.0,"key":"Pet Ghost"},{"floor":26.0,"key":"Iron Hammer"},{"floor":29.0,"key":"Nunchaku"},{"floor":31,"key":"Replay:Bandana"},{"floor":34,"key":"ScarletDevilRocket"},{"floor":34,"key":"InkBottle"},{"floor":34,"key":"Torii"}],"event_choices":[],"is_beta":false,"boss_relics":[{"not_picked":["ReplayTheSpireMod:DimensionalGlitch","Abe\u0027s Treasure"],"picked":"SacredBark"},{"not_picked":["Replay:Bronze Core","Replay:Ancient Bell"],"picked":"Calling Bell"}],"items_purged_floors":[13,19],"is_endless":false,"potions_floor_spawned":[1,5,6,16,23,24,28,29,30,33],"ascension_level":4}}