{"host":"bux1pdxjwq4dkad9","time":1608360237,"event":{"mods":["ATMod(阿瑾Mod)","BaseMod","Colored Map","Minty Spire (QoL Compilation)","Quick Restart","Robot Space Explorer","StSLib","SuperFastMode","【功能Mod】精心准备","【遗物Mod】简单游戏"],"gold_per_floor":[364,132,207,222,222,222,222,237,237,255,283,293,322,322,322,395,395,408,139,139,150,162,193,206,240,288,203,214,246,261,261,261,335,385,397,377,394,394,411,411,438,438,463,463,489,502,529,529,529,529,529,529,529,94,123,123],"floor_reached":57,"playtime":1320,"items_purged":["RobotSpaceExplorer:Strike","RobotSpaceExplorer:IronShell","AT_RightCognition+1"],"score":3845,"play_id":"acb141be-a1f1-4325-944c-f826cebbd823","local_time":"20201219144357","is_ascension_mode":true,"campfire_choices":[{"data":"RobotSpaceExplorer:MiniLasers","floor":6.0,"key":"SMITH"},{"data":"RobotSpaceExplorer:GlueShot","floor":15.0,"key":"SMITH"},{"floor":32.0,"key":"RECALL"},{"data":"RobotSpaceExplorer:Exploration","floor":40.0,"key":"SMITH"},{"data":"RobotSpaceExplorer:Explosion","floor":42.0,"key":"SMITH"},{"data":"RobotSpaceExplorer:FreezeRay","floor":49.0,"key":"SMITH"},{"data":"RobotSpaceExplorer:Scan","floor":53.0,"key":"SMITH"}],"circlet_count":0,"master_deck":["AscendersBane","RobotSpaceExplorer:Scan+1","RobotSpaceExplorer:MiniLasers+1","RobotSpaceExplorer:GlueShot+1","RobotSpaceExplorer:SwiftStep+1","RobotSpaceExplorer:Arsenal+1","RobotSpaceExplorer:Explosion+1","RobotSpaceExplorer:FreezeRay+1","RobotSpaceExplorer:TrailblazerForm+1","RobotSpaceExplorer:SelfCleaning+1","RobotSpaceExplorer:DualCore+1","RobotSpaceExplorer:PowerCollector"],"relics":["RobotSpaceExplorer:RoboCore","AT_ATBox","ImprovedEquipment","Bag of Marbles","RobotSpaceExplorer:BottledGravity","Singing Bowl","AT_SilvercatRing","Pandora\u0027s Box","Orrery","RobotSpaceExplorer:FoglandsKnife","White Beast Statue","Juzu Bracelet","Tiny House","HornCleat","Dream Catcher","AT_BellowingDragoncrestRing","AT_SunfireAegis","Bag of Preparation","Centennial Puzzle","OrangePellets","Mummified Hand"],"acts_visited":["Exordium","TheCity","TheBeyond","TheEnding"],"potions_floor_usage":[56,56],"damage_taken":[{"damage":0.0,"enemies":"2 Louse","floor":1.0,"turns":2.0},{"damage":0.0,"enemies":"Small Slimes","floor":4.0,"turns":2.0},{"damage":0.0,"enemies":"Cultist","floor":8.0,"turns":2.0},{"damage":0.0,"enemies":"Blue Slaver","floor":10.0,"turns":1.0},{"damage":0.0,"enemies":"Gremlin Nob","floor":11.0,"turns":1.0},{"damage":0.0,"enemies":"Large Slime","floor":12.0,"turns":1.0},{"damage":0.0,"enemies":"3 Sentries","floor":13.0,"turns":1.0},{"damage":0.0,"enemies":"The Guardian","floor":16.0,"turns":1.0},{"damage":0.0,"enemies":"3 Byrds","floor":18.0,"turns":1.0},{"damage":0.0,"enemies":"Chosen","floor":21.0,"turns":1.0},{"damage":0.0,"enemies":"Centurion and Healer","floor":22.0,"turns":1.0},{"damage":0.0,"enemies":"Gremlin Leader","floor":23.0,"turns":1.0},{"damage":0.0,"enemies":"Cultist and Chosen","floor":24.0,"turns":1.0},{"damage":0.0,"enemies":"Book of Stabbing","floor":25.0,"turns":1.0},{"damage":0.0,"enemies":"3 Cultists","floor":28.0,"turns":1.0},{"damage":0.0,"enemies":"Slavers","floor":29.0,"turns":1.0},{"damage":0.0,"enemies":"Snecko","floor":30.0,"turns":1.0},{"damage":0.0,"enemies":"Champ","floor":33.0,"turns":1.0},{"damage":0.0,"enemies":"3 Darklings","floor":35.0,"turns":1.0},{"damage":0.0,"enemies":"3 Shapes","floor":37.0,"turns":1.0},{"damage":0.0,"enemies":"Maw","floor":39.0,"turns":1.0},{"damage":0.0,"enemies":"Reptomancer","floor":41.0,"turns":2.0},{"damage":0.0,"enemies":"Giant Head","floor":45.0,"turns":2.0},{"damage":0.0,"enemies":"4 Shapes","floor":46.0,"turns":1.0},{"damage":0.0,"enemies":"Nemesis","floor":47.0,"turns":1.0},{"damage":0.0,"enemies":"Awakened One","floor":50.0,"turns":2.0},{"damage":0.0,"enemies":"Time Eater","floor":51.0,"turns":3.0},{"damage":0.0,"enemies":"Shield and Spear","floor":55.0,"turns":1.0},{"damage":0,"enemies":"The Heart","floor":56,"turns":4}],"seed_played":"6050798068621075747","potions_obtained":[{"floor":4.0,"key":"SteroidPotion"},{"floor":8.0,"key":"Weak Potion"},{"floor":11.0,"key":"Energy Potion"},{"floor":22.0,"key":"Swift Potion"},{"floor":30.0,"key":"Fruit Juice"},{"floor":33.0,"key":"SpeedPotion"},{"floor":38.0,"key":"DistilledChaos"},{"floor":39.0,"key":"DuplicationPotion"}],"is_trial":false,"path_per_floor":["M","$","?","M","?","R","?","M","T","M","E","M","E","?","R","B",null,"M","$","?","M","M","E","M","E","T","?","M","E","M","?","R","B",null,"M","?","M","?","M","R","E","R","T","T","E","M","E","$","R","B","B",null,"R","$","E","B",null],"character_chosen":"RobotSpaceExplorer","items_purchased":["Bag of Marbles","Orrery","RobotSpaceExplorer:DualCore","Strength Potion","OrangePellets"],"campfire_rested":0,"item_purchase_floors":[2,19,54,54,54],"current_hp_per_floor":[46,46,35,35,40,40,33,33,33,33,35,37,39,39,39,41,73,75,85,85,87,89,91,93,95,95,95,97,99,106,106,106,106,121,123,123,125,125,127,127,129,129,129,129,131,133,135,135,135,135,135,137,137,137,137,137],"gold":123,"neow_bonus":"TWO_FIFTY_GOLD","is_daily":false,"chose_seed":false,"campfire_upgraded":6,"win_rate":0.0,"timestamp":1608360237,"path_taken":["M","$","?","M","?","R","?","M","T","M","E","M","E","?","R","BOSS","M","$","?","M","M","E","M","E","T","?","M","E","M","?","R","BOSS","M","?","M","?","M","R","E","R","T","?","E","M","E","$","R","BOSS","BOSS","R","$","E","BOSS"],"items_purchased_type":["Relic","Relic","Card","Potion","Relic"],"build_version":"2020-12-13","purchased_purges":3,"victory":true,"max_hp_per_floor":[71,71,71,71,76,76,76,76,76,76,78,80,82,82,82,84,84,86,96,96,98,100,102,104,106,106,106,108,110,117,117,117,117,124,126,126,128,128,130,130,132,132,132,132,134,136,138,138,138,138,138,138,138,138,138,138],"card_choices":[{"not_picked":["RobotSpaceExplorer:ImprovisedAttack","RobotSpaceExplorer:Counterblock","RobotSpaceExplorer:FrostMissile"],"picked":"SKIP","floor":1.0},{"not_picked":["RobotSpaceExplorer:FranticSearch","RobotSpaceExplorer:GlueShot","RobotSpaceExplorer:Discharger"],"picked":"SKIP","floor":4.0},{"not_picked":["RobotSpaceExplorer:FranticSearch","RobotSpaceExplorer:Discharger"],"picked":"RobotSpaceExplorer:GlueShot","floor":4.0},{"not_picked":["RobotSpaceExplorer:FrostMissile","RobotSpaceExplorer:ToxicBomb","RobotSpaceExplorer:ShovelStrike"],"picked":"SKIP","floor":8.0},{"not_picked":["RobotSpaceExplorer:PowerCollector","RobotSpaceExplorer:IronShell","RobotSpaceExplorer:DoubleBlock"],"picked":"SKIP","floor":10.0},{"not_picked":["RobotSpaceExplorer:ImprovisedAttack","RobotSpaceExplorer:Pulsar","RobotSpaceExplorer:Autoloader"],"picked":"Singing Bowl","floor":11.0},{"not_picked":["RobotSpaceExplorer:IronShell","RobotSpaceExplorer:PowerCollector","RobotSpaceExplorer:ImprovisedAttack"],"picked":"Singing Bowl","floor":12.0},{"not_picked":["RobotSpaceExplorer:FreezeRay","RobotSpaceExplorer:BigMissile","RobotSpaceExplorer:SurgingShield"],"picked":"Singing Bowl","floor":13.0},{"not_picked":["RobotSpaceExplorer:DroneSwarm","RobotSpaceExplorer:Blaster","RobotSpaceExplorer:HighVoltage"],"picked":"Singing Bowl","floor":16.0},{"not_picked":["RobotSpaceExplorer:SurgingStrike","RobotSpaceExplorer:LaserBurst","RobotSpaceExplorer:FreezingShield"],"picked":"Singing Bowl","floor":18.0},{"not_picked":["RobotSpaceExplorer:SwiftStep","RobotSpaceExplorer:Pulsar","RobotSpaceExplorer:SurgingShield"],"picked":"Singing Bowl","floor":19.0},{"not_picked":["RobotSpaceExplorer:ImprovisedAttack","RobotSpaceExplorer:Probe","RobotSpaceExplorer:StunGrenade"],"picked":"Singing Bowl","floor":19.0},{"not_picked":["RobotSpaceExplorer:FranticSearch","RobotSpaceExplorer:HighVoltage","RobotSpaceExplorer:FreezingShield"],"picked":"Singing Bowl","floor":19.0},{"not_picked":["RobotSpaceExplorer:LuckyStrike","RobotSpaceExplorer:Probe","RobotSpaceExplorer:FrostMissile"],"picked":"Singing Bowl","floor":19.0},{"not_picked":["RobotSpaceExplorer:GlueSpray","RobotSpaceExplorer:SlimeMissile","RobotSpaceExplorer:ShockKick+1"],"picked":"Singing Bowl","floor":19.0},{"not_picked":["RobotSpaceExplorer:Pulsar","RobotSpaceExplorer:FrostMissile","RobotSpaceExplorer:MiniDrones"],"picked":"Singing Bowl","floor":21.0},{"not_picked":["RobotSpaceExplorer:ShovelStrike","RobotSpaceExplorer:FranticSearch","RobotSpaceExplorer:LaserBurst+1"],"picked":"Singing Bowl","floor":22.0},{"not_picked":["RobotSpaceExplorer:ShockMissile","RobotSpaceExplorer:BigMissile","RobotSpaceExplorer:MiniDrones"],"picked":"Singing Bowl","floor":23.0},{"not_picked":["RobotSpaceExplorer:FrostMissile","RobotSpaceExplorer:SurgingStrike","RobotSpaceExplorer:SurgingShield"],"picked":"Singing Bowl","floor":24.0},{"not_picked":["RobotSpaceExplorer:Autoloader","RobotSpaceExplorer:SwiftStep","RobotSpaceExplorer:SlimeMissile"],"picked":"Singing Bowl","floor":25.0},{"not_picked":["RobotSpaceExplorer:FrostMissile","RobotSpaceExplorer:Counterblock","RobotSpaceExplorer:FreezingShield"],"picked":"Singing Bowl","floor":28.0},{"not_picked":["RobotSpaceExplorer:LaserBurst","RobotSpaceExplorer:Calculate","RobotSpaceExplorer:FranticSearch"],"picked":"Singing Bowl","floor":29.0},{"not_picked":["RobotSpaceExplorer:Discharger","RobotSpaceExplorer:PowerCollector","RobotSpaceExplorer:BigMissile"],"picked":"Singing Bowl","floor":30.0},{"not_picked":["RobotSpaceExplorer:Wormhole","RobotSpaceExplorer:BlastShield"],"picked":"RobotSpaceExplorer:Exploration","floor":33.0},{"not_picked":["RobotSpaceExplorer:ShockKick","RobotSpaceExplorer:Blitz","RobotSpaceExplorer:ScrapShield"],"picked":"Singing Bowl","floor":34.0},{"not_picked":["RobotSpaceExplorer:FrostMissile","RobotSpaceExplorer:StunGrenade+1","RobotSpaceExplorer:Discharger+1"],"picked":"Singing Bowl","floor":35.0},{"not_picked":["RobotSpaceExplorer:FreezeRay","RobotSpaceExplorer:MetalStrike","RobotSpaceExplorer:SlimeMissile"],"picked":"Singing Bowl","floor":37.0},{"not_picked":["RobotSpaceExplorer:SlimeMissile","RobotSpaceExplorer:ScrapMissile","RobotSpaceExplorer:GlueShot+1"],"picked":"Singing Bowl","floor":39.0},{"not_picked":["RobotSpaceExplorer:HighVoltage","RobotSpaceExplorer:GlueShot","RobotSpaceExplorer:FreezingShield"],"picked":"Singing Bowl","floor":41.0},{"not_picked":["RobotSpaceExplorer:MakeshiftVolley+1","RobotSpaceExplorer:SwiftStep+1","RobotSpaceExplorer:Ammunition"],"picked":"Singing Bowl","floor":45.0},{"not_picked":["RobotSpaceExplorer:ScrapMissile","RobotSpaceExplorer:FranticSearch","RobotSpaceExplorer:Probe"],"picked":"Singing Bowl","floor":46.0},{"not_picked":["RobotSpaceExplorer:ToxicBomb","RobotSpaceExplorer:Jetpack","RobotSpaceExplorer:JunkDive+1"],"picked":"Singing Bowl","floor":47.0},{"not_picked":["RobotSpaceExplorer:Pulsar","RobotSpaceExplorer:Jetpack"],"picked":"RobotSpaceExplorer:PowerCollector","floor":55.0}],"player_experience":2346408,"relics_obtained":[{"floor":9.0,"key":"RobotSpaceExplorer:BottledGravity"},{"floor":11.0,"key":"Singing Bowl"},{"floor":13.0,"key":"AT_SilvercatRing"},{"floor":23.0,"key":"RobotSpaceExplorer:FoglandsKnife"},{"floor":29.0,"key":"Juzu Bracelet"},{"floor":41.0,"key":"HornCleat"},{"floor":43.0,"key":"Dream Catcher"},{"floor":44.0,"key":"AT_BellowingDragoncrestRing"},{"floor":45.0,"key":"AT_SunfireAegis"},{"floor":45.0,"key":"Bag of Preparation"},{"floor":47.0,"key":"Centennial Puzzle"},{"floor":55.0,"key":"Mummified Hand"}],"event_choices":[{"damage_healed":0.0,"max_hp_gain":0.0,"max_hp_loss":0.0,"gold_gain":75.0,"event_name":"World of Goop","player_choice":"Gather Gold","floor":3.0,"gold_loss":0.0,"damage_taken":11.0},{"damage_healed":0.0,"max_hp_gain":5.0,"max_hp_loss":0.0,"gold_gain":0.0,"event_name":"Big Fish","player_choice":"Donut","floor":5.0,"gold_loss":0.0,"damage_taken":0.0},{"cards_removed":["RobotSpaceExplorer:Strike"],"damage_healed":0.0,"max_hp_gain":0.0,"max_hp_loss":0.0,"gold_gain":0.0,"event_name":"Golden Wing","player_choice":"Card Removal","floor":7.0,"gold_loss":0.0,"damage_taken":7.0},{"damage_healed":0.0,"max_hp_gain":0.0,"max_hp_loss":0.0,"gold_gain":0.0,"event_name":"Upgrade Shrine","player_choice":"Upgraded","floor":14.0,"gold_loss":0.0,"damage_taken":0.0,"cards_upgraded":["AT_RightCognition"]},{"damage_healed":0.0,"max_hp_gain":0.0,"max_hp_loss":0.0,"gold_gain":0.0,"event_name":"The Library","player_choice":"Read","floor":20.0,"gold_loss":0.0,"damage_taken":0.0,"cards_obtained":["RobotSpaceExplorer:SelfCleaning"]},{"damage_healed":0.0,"max_hp_gain":0.0,"max_hp_loss":0.0,"gold_gain":0.0,"event_name":"Addict","player_choice":"Obtained Relic","floor":27.0,"gold_loss":85.0,"damage_taken":0.0,"relics_obtained":["White Beast Statue"]},{"damage_healed":0.0,"max_hp_gain":0.0,"max_hp_loss":0.0,"gold_gain":0.0,"event_name":"Upgrade Shrine","player_choice":"Upgraded","floor":31.0,"gold_loss":0.0,"damage_taken":0.0,"cards_upgraded":["RobotSpaceExplorer:SelfCleaning"]},{"damage_healed":0.0,"max_hp_gain":0.0,"max_hp_loss":0.0,"gold_gain":0.0,"event_name":"The Woman in Blue","player_choice":"Bought 1 Potion","floor":36.0,"gold_loss":0.0,"damage_taken":0.0},{"damage_healed":0.0,"max_hp_gain":0.0,"max_hp_loss":0.0,"gold_gain":0.0,"event_name":"Lab","player_choice":"Got Potions","floor":38.0,"gold_loss":0.0,"damage_taken":0.0}],"is_beta":false,"boss_relics":[{"not_picked":["Fusion Hammer","SacredBark"],"picked":"Pandora\u0027s Box"},{"not_picked":["Runic Dome","RobotSpaceExplorer:Reprocessor"],"picked":"Tiny House"}],"items_purged_floors":[2,19,54],"is_endless":false,"potions_floor_spawned":[4,8,11,13,22,23,24,25,28,29,30,33,35,37,39,41,45,46,47,55],"ascension_level":20}}