{"host":"Moondoggy","time":1608345666,"event":{"mods":["2.2 Compatiblity","AchievementEnabler","Act Like it!","Aspiration","Bard","BaseMod","Beaked The Cultist","Better Altar","Better Match","Better Note","Better Sensory Stone","Better Skull","Better Third Choice","BetterRewards","Block Reminder","CapriCore","Colored Map","Colored Powertips","Downfall","Duelist Mod","Ekko","Gensokyo","GifTheSpireLib","Glutton Mod","GungeonMod","Halation","Hallownest","Hermit","Hero for Fun","Highlight Path","Hubris","Jorbs\u0027s Wanderer Trilogy","KinomotoSakuraMod(ñÿîVñ{?)","Koishi","LagranYue(ùfäiòNÅEåé)","Lobotomy","LobotomyExtend","Luminous","Mad Scientist","Magitek Elite","MarisaÅiñ∂âJÅ@ñÇóùçπÅj","Mimic Mod","Minty Spire (QoL Compilation)","Railgun Mod","Rare Cards Sparkle","ReimuÅiîé??öÎÅj","RemiliaÅiÂQïƒ‰ª?Åj","Replay The Spire","Robot Space Explorer","Shade Mod","Spicy Shops","StSLib","Td1madao Mod","The Administrix","The Alterego","The Animator","The Blackbeard","The Bug Knight","The Construct","The Cursed","The Disciple","The Dragon Tamer","The Factory","The Forsaken","The Gatherer","The Hierophant","The Immortal","The Kombatant","The Mystic","The Necromancer","The Poker Player","The Runesmith","The Senshi","The Servant 0.9.4","The Wild Card","The Witch","TheSwordswoman","WarShipGirlsR/??è≠èóR mod","Yuri Mod"],"gold_per_floor":[117,3,21,21,37,37,48,60,60,60,79,4,4,36,36,136,136,153,153,63,29,48,82,82,101,101,101,144,170,192,232,238,238],"floor_reached":32,"playtime":4400,"items_purged":[],"score":341,"play_id":"fd53d63f-62e9-45ca-8540-2da862363c02","local_time":"20201218214106","is_ascension_mode":false,"campfire_choices":[{"floor":6,"key":"REST"},{"floor":13,"key":"REST"},{"floor":15,"key":"REST"},{"floor":27,"key":"RECALL"}],"circlet_count":0,"master_deck":["Luminous:Light_Flash_Shower","Luminous:Light_Flash_Shower","Luminous:Dark_Abyssal_Drop","Luminous:Dark_Abyssal_Drop","Luminous:Defend_Luminous","Luminous:Defend_Luminous","Luminous:Defend_Luminous","Luminous:Defend_Luminous","Luminous:Switch_Luminous","Luminous:Blinding_Pillar_Luminous+1","Luminous:Light_Wash_Luminous","Luminous:Light_Glare","Luminous:Concentrate_Luminous","Luminous:Balance_Ender","Luminous:Dark_Dim_Erosion","Luminous:Concentrate_Luminous","Luminous:Mana_Overload_Luminous","Luminous:Dark_Pressure_Void","Luminous:Dusk_Guard_Luminous","Luminous:Light_Reflection","Luminous:Light_Glare","Luminous:Balance_Aether_Conduit","Luminous:Date_of_Light_Luminous","Luminous:Lania_Blessing_Luminous","Luminous:Concentrate_Luminous+1","Shame","Luminous:Blinding_Pillar_Luminous+1","Luminous:Dusk_Guard_Luminous","hubris:DuctTapeCard","Luminous:Light_Sylvan_Lance+1","Luminous:Darks_Surge_Luminous","Luminous:Light_Gather+1","Luminous:Shadow_Shell_Luminous+1","Luminous:Sympathy_Luminous+1","Luminous:Light_Ray_of_Redemption"],"relics":["Luminous:MirrorRelic","LagranYue:RandomDrawCardRelic","LagranYue:GuideDeadRelic","Replay:Wax Seal","TungstenRod","LetterFromLob","Centennial Puzzle","hubris:FunFungus","MagicBullet_r","LaetitiaHeart","Letter Opener","Ring of Chaos","WarpedTongs","Hallownest:StagBellRelic1","hubris:DuctTape","halation:IllGainedPizza"],"acts_visited":["Exordium","Hallownest:Greenpath","Hallownest:CityofTears"],"potions_floor_usage":[22,23,31],"damage_taken":[{"damage":1,"enemies":"2_ Uuma","floor":1,"turns":6},{"damage":5,"enemies":"Hallownest:2_Baldur","floor":3,"turns":4},{"damage":0,"enemies":"Hallownest:monsterHuskGuard","floor":5,"turns":7},{"damage":25,"enemies":"Hallownest:1_Baldur_1_Crawlid_1_Warrior","floor":7,"turns":6},{"damage":0,"enemies":"Hallownest:monsterFoolEater","floor":8,"turns":2},{"damage":12,"enemies":"Hallownest:2_Tiktiks_1_Baldur_1_Crawlid","floor":11,"turns":5},{"damage":6,"enemies":"Hallownest:eliteVengeflyKing","floor":14,"turns":7},{"damage":0,"enemies":"Hallownest:BossBrokenVessel","floor":16,"turns":9},{"damage":25,"enemies":"Hallownest:Guard_and_Sentry","floor":18,"turns":6},{"damage":23,"enemies":"Hallownest:Flukemon_and_Top","floor":22,"turns":6},{"damage":4,"enemies":"Hallownest:eliteWatcherKnight","floor":23,"turns":18},{"damage":34,"enemies":"Hallownest:monsterShrumalOgre","floor":25,"turns":6},{"damage":39,"enemies":"DemoMod:4_Bullet_Kins","floor":28,"turns":14},{"damage":4,"enemies":"DemoMod:Red_and_blue_shotgun_kin","floor":29,"turns":4},{"damage":17,"enemies":"DemoMod:Veteran_shot_gun_kin_and_red_shotgun_kin_with_gunsinger","floor":30,"turns":5},{"damage":25,"enemies":"DemoMod:Red_and_blue_shotgun_kin_with_gunsinger","floor":31,"turns":5},{"damage":16,"enemies":"DemoMod:Veteran_shot_gun_kin_and_blue_shotgun_kin","floor":32,"turns":2}],"seed_played":"-7713234474995690127","potions_obtained":[{"floor":3,"key":"Regen Potion"},{"floor":8,"key":"SpeedPotion"},{"floor":14,"key":"SteroidPotion"},{"floor":16,"key":"SkillPotion"},{"floor":18,"key":"Fruit Juice"},{"floor":25,"key":"FearPotion"}],"is_trial":false,"path_per_floor":["M","$","M","?","M","R","M","M","T","?","M","$","R","E","R","B",null,"M","?","?","$","M","E","?","M","T","R","M","M","M","M","M"],"character_chosen":"LuminousClass","items_purchased":["Replay:Wax Seal","DemoMod:GnawedKey","Luminous:Blinding_Pillar_Luminous+1","Luminous:Light_Wash_Luminous","Luminous:Light_Glare","TungstenRod","Luminous:Dark_Dim_Erosion","Luminous:Concentrate_Luminous","Luminous:Balance_Aether_Conduit","Luminous:Blinding_Pillar_Luminous+1"],"campfire_rested":3,"item_purchase_floors":[0,0,0,0,0,0,2,2,12,21],"current_hp_per_floor":[50,50,45,30,30,52,27,27,27,45,33,33,55,49,71,71,75,50,50,50,50,32,73,56,27,80,80,47,43,31,16,0,0],"gold":238,"neow_bonus":"","is_daily":false,"chose_seed":false,"campfire_upgraded":0,"win_rate":0.0,"timestamp":1608345666,"path_taken":["M","?","M","?","?","R","M","M","T","?","M","$","R","E","R","BOSS","M","?","?","?","M","E","?","M","T","R","M","M","M","M","M"],"items_purchased_type":["Relic","Relic","Card","Card","Card","Relic","Card","Card","Card","Card"],"build_version":"2020-12-17","purchased_purges":0,"victory":false,"max_hp_per_floor":[75,75,75,75,75,75,75,75,75,75,75,75,75,75,75,75,75,75,75,75,75,80,80,80,80,80,80,80,80,80,80,80,80],"card_choices":[{"not_picked":["Luminous:Light_Disperse","Luminous:Dark_Pressure_Void"],"picked":"Luminous:Balance_Ender","floor":1},{"not_picked":["Luminous:Light_Gather","Luminous:Light_Wash_Luminous"],"picked":"Luminous:Mana_Overload_Luminous","floor":3},{"not_picked":["Luminous:Light_Gather","Luminous:Mana_Overload_Luminous"],"picked":"Luminous:Dark_Pressure_Void","floor":5},{"not_picked":["Luminous:Light_Glare","Luminous:Accumulation_Luminous"],"picked":"Luminous:Dusk_Guard_Luminous","floor":7},{"not_picked":["Luminous:Blinding_Pillar_Luminous","Luminous:Dark_Pressure_Void"],"picked":"Luminous:Light_Reflection","floor":8},{"not_picked":["Luminous:Light_Spectral_Light","Luminous:Dark_Apocalypse"],"picked":"Luminous:Light_Glare","floor":11},{"not_picked":["Luminous:Dark_Dim_Erosion","Luminous:Dark_Pressure_Void"],"picked":"Luminous:Date_of_Light_Luminous","floor":14},{"not_picked":["Luminous:Arcane_Rage_Luminous","Luminous:Chaos_Field_Luminous"],"picked":"Luminous:Lania_Blessing_Luminous","floor":16},{"not_picked":["Luminous:Light_Wash_Luminous","Luminous:Accumulation_Luminous"],"picked":"Luminous:Concentrate_Luminous+1","floor":18},{"not_picked":["Luminous:Accumulation_Luminous","Luminous:Tune_Luminous"],"picked":"Luminous:Dusk_Guard_Luminous","floor":22},{"not_picked":["Luminous:Light_Wash_Luminous+1","Luminous:Light_Glare"],"picked":"Luminous:Light_Sylvan_Lance+1","floor":23},{"not_picked":["Luminous:Dark_Pressure_Void","Luminous:Magic_Guard_Luminous"],"picked":"Luminous:Darks_Surge_Luminous","floor":25},{"not_picked":["Luminous:Arcane_Rage_Luminous","Luminous:Dark_Dim_Erosion"],"picked":"Luminous:Light_Gather+1","floor":28},{"not_picked":["Luminous:Light_Glare+1","Luminous:Blinding_Pillar_Luminous+1"],"picked":"Luminous:Shadow_Shell_Luminous+1","floor":29},{"not_picked":["Luminous:Light_Disperse","Luminous:Dark_Arcane_Pitch+1"],"picked":"Luminous:Sympathy_Luminous+1","floor":30},{"not_picked":["Luminous:Concentrate_Luminous","Luminous:Dark_Extract"],"picked":"Luminous:Light_Ray_of_Redemption","floor":31}],"player_experience":266361,"relics_obtained":[{"floor":1,"key":"LetterFromLob"},{"floor":9,"key":"hubris:FunFungus"},{"floor":14,"key":"Letter Opener"},{"floor":23,"key":"hubris:DuctTape"}],"event_choices":[{"damage_healed":0,"gold_gain":0,"player_choice":"RE ","damage_taken":19,"relics_obtained":["Centennial Puzzle"],"max_hp_gain":0,"max_hp_loss":0,"event_name":"betterSkull:BetterSkull","floor":4,"gold_loss":0,"cards_upgraded":[]},{"damage_healed":0,"gold_gain":0,"player_choice":"RE ","damage_taken":21,"relics_obtained":["halation:IllGainedPizza"],"max_hp_gain":0,"max_hp_loss":0,"event_name":"betterSkull:BetterSkull","floor":24,"gold_loss":0,"cards_upgraded":[]}],"is_beta":true,"boss_relics":[{"not_picked":["aspiration:BeakedSkillbook","hubris:RunicObelisk"],"picked":"Ring of Chaos"}],"items_purged_floors":[],"is_endless":false,"potions_floor_spawned":[3,8,14,16,18,25],"killed_by":"DemoMod:Veteran_shot_gun_kin_and_blue_shotgun_kin","ascension_level":0}}