{"host":"dx8mnueonnkh60qu","time":1608368307,"event":{"mods":["AchievementEnabler","Act Like it!","Aspiration","BaseMod","Better Silent Start","Better Third Choice","Defuse TimeMaze Blight","Dota2Spire","Downfall","Hubris","Marked Mod","Minty Spire (QoL Compilation)","Rare Cards Sparkle","Relic Stats","Robot Space Explorer","Spicy Shops","Spikes Relics","StSLib","SuperFastMode","The Blue Laboratory"],"gold_per_floor":[99,116,116,41,59,88,88,117,42,67,79,93,112,212,232,333,333,333,14,14,26,26,26,79,79,108,108,121,131,151,167,178,277,277,277,312,312,312,312,312,339,357,375,300,247,259,348,348,367,367,367,392,235,235,235],"floor_reached":56,"playtime":3461,"items_purged":["champ:GladiatorsShout","champ:Strike+1"],"score":1392,"play_id":"51985e1c-8088-4b59-8fcd-0dd89314b885","local_time":"20201219035827","is_ascension_mode":false,"campfire_choices":[{"data":"champ:Taunt","floor":1,"key":"SMITH"},{"data":"champ:PreciseThrust","floor":4,"key":"SMITH"},{"data":"champ:CrookedStrike","floor":9,"key":"SMITH"},{"data":"champ:Improvising","floor":18,"key":"SMITH"},{"data":"TalkToTheHand","floor":22,"key":"SMITH"},{"data":"champ:StanceDance","floor":25,"key":"SMITH"},{"data":"champ:Duel","floor":27,"key":"SMITH"},{"data":"Echo Form","floor":35,"key":"SMITH"},{"data":"expansioncontent:DefensiveMode","floor":38,"key":"SMITH"},{"floor":40,"key":"RECALL"},{"data":"Skim","floor":44,"key":"SMITH"},{"data":"champ:GladiatorStyle","floor":54,"key":"SMITH"}],"circlet_count":0,"master_deck":["champ:Strike+1","champ:Strike+1","champ:Strike+1","champ:Defend+1","champ:Defend+1","champ:Defend+1","champ:Defend+1","champ:Execute","champ:Taunt+1","champ:PreciseThrust+1","champ:SkillfulDodge","champ:FlashCut","champ:CrookedStrike+1","champ:Duel+1","champ:StanceDance+1","champ:Shatter","champ:BringItOn","champ:Improvising+1","champ:Circumvent","TalkToTheHand+1","champ:FocusedGladiator+1","Skim+1","Combust+1","Echo Form+1","Dagger Throw+1","expansioncontent:DefensiveMode+1","Anger","Bandage Up+1","CutThroughFate+1","champ:Improvising+1","champ:GladiatorStyle+1","expansioncontent:DarkVoid+1","Evolve","champ:GladiatorStyle+1"],"relics":["Sandwich","downfall:HeartBlessingBlue","ShockBauble","champ:DefensiveTrainingManual","Dota2Spire:BlackKingBar","downfall:HeartBlessingGreen","aspiration:FrozenJewel","WristBlade","hubris:Backtick","Dota2Spire:ShivaGuard","SpikesRelics:DaevaFist","Membership Card","PrismaticShard","Dream Catcher","StrikeDummy","Dota2Spire:Bloodstone","Dota2Spire:Dagon","MealTicket","downfall:HeartBlessingRed","sneckomod:BlankCard","Dota2Spire:AssaultCuirass","DollysMirror","StoneCalendar","Rawhide"],"acts_visited":["Exordium","TheCity","TheBeyond","TheEnding"],"potions_floor_usage":[16,42],"damage_taken":[{"damage":13,"enemies":"Cultist","floor":2,"turns":3},{"damage":5,"enemies":"Small Slimes","floor":5,"turns":4},{"damage":53,"enemies":"3 Sentries","floor":6,"turns":6},{"damage":9,"enemies":"Lagavulin","floor":8,"turns":5},{"damage":39,"enemies":"3 Sentries","floor":10,"turns":7},{"damage":0,"enemies":"Jaw Worm","floor":11,"turns":5},{"damage":0,"enemies":"2 Fungi Beasts","floor":12,"turns":2},{"damage":13,"enemies":"3 Louse","floor":13,"turns":4},{"damage":18,"enemies":"3 Louse","floor":14,"turns":6},{"damage":0,"enemies":"Blue Slaver","floor":15,"turns":3},{"damage":31,"enemies":"downfall:Silent","floor":16,"turns":10},{"damage":9,"enemies":"downfall:FleeingMerchant","floor":19,"turns":4},{"damage":7,"enemies":"Spheric Guardian","floor":21,"turns":4},{"damage":0,"enemies":"Slavers","floor":26,"turns":6},{"damage":5,"enemies":"Snecko","floor":28,"turns":3},{"damage":7,"enemies":"Shelled Parasite and Fungi","floor":29,"turns":4},{"damage":9,"enemies":"Cultist and Chosen","floor":30,"turns":3},{"damage":6,"enemies":"Snake Plant","floor":31,"turns":4},{"damage":1,"enemies":"Shelled Parasite and Fungi","floor":32,"turns":4},{"damage":41,"enemies":"downfall:Watcher","floor":33,"turns":6},{"damage":23,"enemies":"Nemesis","floor":36,"turns":5},{"damage":14,"enemies":"3 Shapes","floor":42,"turns":5},{"damage":2,"enemies":"3 Darklings","floor":43,"turns":4},{"damage":33,"enemies":"downfall:FleeingMerchant","floor":45,"turns":4},{"damage":5,"enemies":"Spire Growth","floor":46,"turns":5},{"damage":5,"enemies":"downfall:FleeingMerchant","floor":47,"turns":4},{"damage":1,"enemies":"4 Shapes","floor":49,"turns":4},{"damage":22,"enemies":"downfall:Defect","floor":50,"turns":6},{"damage":10,"enemies":"downfall:CharBossMerchant","floor":52,"turns":11},{"damage":45,"enemies":"downfall:NeowBoss","floor":55,"turns":31}],"seed_played":"1271510132331195875","potions_obtained":[{"floor":2,"key":"Dota2Spire:HealingSalve"},{"floor":10,"key":"blueLaboratory:BottledHope"},{"floor":12,"key":"blueLaboratory:CorrosionFlask"},{"floor":16,"key":"LiquidBronze"},{"floor":29,"key":"DuplicationPotion"},{"floor":46,"key":"SteroidPotion"}],"is_trial":false,"path_per_floor":["R","M","T","R","M","E","T","E","R","E","M","M","M","?","M","B",null,"R","$","?","M","R","?","T","R","E","R","M","M","M","M","M","B",null,"R","E","?","R","?","R","T","M","M","R","?","M","$","?","M","B",null,"E","$","R","B",null],"character_chosen":"THE_CHAMP","items_purchased":["SpikesRelics:DaevaFist","Membership Card","sneckomod:BlankCard","Dota2Spire:AssaultCuirass","DollysMirror","champ:GladiatorStyle","Rawhide","champ:GladiatorStyle"],"campfire_rested":0,"item_purchase_floors":[19,19,47,47,47,47,53,53],"current_hp_per_floor":[90,90,90,100,100,94,94,90,90,77,77,77,69,61,61,58,100,100,100,92,92,92,92,92,92,92,92,92,87,87,89,88,78,100,100,96,96,96,100,100,100,91,89,89,85,85,100,100,99,85,100,93,100,100,82],"gold":235,"neow_bonus":"BOSS_RELIC","is_daily":false,"chose_seed":false,"campfire_upgraded":11,"win_rate":0.0,"timestamp":1608368307,"path_taken":["R","?","?","R","M","E","T","E","R","E","M","M","?","?","M","BOSS","R","$","?","M","R","?","T","R","E","R","M","M","M","M","M","BOSS","R","E","?","R","?","R","T","M","M","R","?","M","$","?","M","BOSS","E","$","R","BOSS"],"items_purchased_type":["Relic","Relic","Relic","Relic","Relic","Card","Relic","Card"],"build_version":"2020-12-13","purchased_purges":2,"victory":true,"max_hp_per_floor":[90,90,90,100,100,100,100,100,100,100,100,100,100,100,100,100,100,100,100,100,100,100,100,100,100,100,100,100,100,100,100,100,100,100,100,100,100,100,100,100,100,100,100,100,100,100,100,100,100,100,100,100,100,100,100],"relic_stats":{"Dream Catcher":0,"counters":[30,172],"MealTicket":22,"StoneCalendar":[52],"obtain_stats":[{"ShockBauble":6,"sneckomod:BlankCard":47,"champ:ChampionCrown":0,"downfall:HeartBlessingGreen":9,"StoneCalendar":52,"Rawhide":53,"PrismaticShard":20,"Dream Catcher":24,"hubris:Backtick":17,"WristBlade":14,"downfall:HeartBlessingBlue":4,"champ:DefensiveTrainingManual":7,"DollysMirror":47,"MealTicket":41,"Dota2Spire:AssaultCuirass":47,"Dota2Spire:BlackKingBar":8,"downfall:HeartBlessingRed":44,"Dota2Spire:Dagon":36,"Dota2Spire:ShivaGuard":17,"Dota2Spire:Bloodstone":34,"aspiration:FrozenJewel":10,"Sandwich":0,"SpikesRelics:DaevaFist":19,"Membership Card":19,"StrikeDummy":26},{"ShockBauble":3,"sneckomod:BlankCard":26,"champ:ChampionCrown":0,"downfall:HeartBlessingGreen":4,"StoneCalendar":29,"Rawhide":29,"PrismaticShard":12,"Dream Catcher":13,"hubris:Backtick":11,"WristBlade":9,"downfall:HeartBlessingBlue":1,"champ:DefensiveTrainingManual":3,"DollysMirror":26,"MealTicket":21,"Dota2Spire:AssaultCuirass":26,"Dota2Spire:BlackKingBar":4,"downfall:HeartBlessingRed":23,"Dota2Spire:Dagon":21,"Dota2Spire:ShivaGuard":11,"Dota2Spire:Bloodstone":20,"aspiration:FrozenJewel":5,"Sandwich":0,"SpikesRelics:DaevaFist":12,"Membership Card":12,"StrikeDummy":14},{"ShockBauble":13,"sneckomod:BlankCard":120,"champ:ChampionCrown":0,"downfall:HeartBlessingGreen":18,"StoneCalendar":141,"Rawhide":141,"PrismaticShard":59,"Dream Catcher":63,"hubris:Backtick":55,"WristBlade":42,"downfall:HeartBlessingBlue":3,"champ:DefensiveTrainingManual":13,"DollysMirror":120,"MealTicket":98,"Dota2Spire:AssaultCuirass":120,"Dota2Spire:BlackKingBar":18,"downfall:HeartBlessingRed":107,"Dota2Spire:Dagon":98,"Dota2Spire:ShivaGuard":55,"Dota2Spire:Bloodstone":93,"aspiration:FrozenJewel":25,"Sandwich":0,"SpikesRelics:DaevaFist":59,"Membership Card":59,"StrikeDummy":69}]},"card_choices":[{"not_picked":["champ:BladeFlurry","champ:Encircle"],"picked":"champ:PreciseThrust","floor":2},{"not_picked":["champ:CrookedStrike","champ:Haymaker"],"picked":"champ:SkillfulDodge","floor":5},{"not_picked":["champ:LastStand","champ:Encircle"],"picked":"champ:FlashCut","floor":6},{"not_picked":["champ:ArenaPreparation","champ:MurderStrike"],"picked":"champ:CrookedStrike","floor":8},{"not_picked":["champ:FlashCut","champ:RecklessLeap"],"picked":"champ:Duel","floor":10},{"not_picked":["champ:AdrenalArmor","champ:Backstep"],"picked":"champ:StanceDance","floor":11},{"not_picked":["champ:Encircle","champ:FocusedGladiator","champ:FlashCut"],"picked":"SKIP","floor":12},{"not_picked":["champ:FlashCut","champ:BerserkersShout"],"picked":"champ:Shatter","floor":13},{"not_picked":["champ:Circumvent","champ:RapidStrikes"],"picked":"champ:BringItOn","floor":15},{"not_picked":["champ:VampiricStrike","champ:PerfectForm"],"picked":"champ:Improvising","floor":16},{"not_picked":["champ:BladeFlurry+1","champ:StanceDance+1"],"picked":"champ:GladiatorsShout","floor":19},{"not_picked":["champ:EnragedBash","champ:PerfectedStrike"],"picked":"champ:Circumvent","floor":20},{"not_picked":["RobotSpaceExplorer:IronShell","champ:CrookedStrike+1"],"picked":"TalkToTheHand","floor":21},{"not_picked":["Steam","RobotSpaceExplorer:GlueSpray+1","Perfected Strike"],"picked":"SKIP","floor":26},{"not_picked":["champ:Riposte+1","Poisoned Stab+1"],"picked":"champ:FocusedGladiator+1","floor":28},{"not_picked":["champ:CrookedStrike","RobotSpaceExplorer:Ammunition"],"picked":"Skim","floor":29},{"not_picked":["Quick Slash","Guardian:Planning","Distraction"],"picked":"SKIP","floor":30},{"not_picked":["hexamod:FlamesFromBeyond","Cleave"],"picked":"Combust+1","floor":31},{"not_picked":["Degenerate+1","RobotSpaceExplorer:ExhaustFan"],"picked":"Echo Form","floor":32},{"not_picked":["RobotSpaceExplorer:GlueSpray","Guardian:Gem_Green"],"picked":"Dagger Throw+1","floor":36},{"not_picked":["expansioncontent:FaceSlap","expansioncontent:AwakenDeath"],"picked":"expansioncontent:DefensiveMode","floor":37},{"not_picked":["Guardian:SpikerProtocol","Barrage","champ:EnGarde"],"picked":"SKIP","floor":42},{"not_picked":["Flying Knee+1","RobotSpaceExplorer:ShovelStrike"],"picked":"Anger","floor":43},{"not_picked":["RobotSpaceExplorer:GlueShot+1","Slimebound:Prepare","Heavy Blade+1"],"picked":"SKIP","floor":45},{"not_picked":["Prepared+1","champ:FanOfKnives"],"picked":"Bandage Up+1","floor":46},{"not_picked":["Reinforced Body","Chill+1"],"picked":"CutThroughFate+1","floor":47},{"not_picked":["RobotSpaceExplorer:Smokescreen","Infinite Blades+1"],"picked":"expansioncontent:DarkVoid+1","floor":49},{"not_picked":["Consecrate+1","Rampage+1"],"picked":"Evolve","floor":52}],"player_experience":560933,"relics_obtained":[{"floor":6,"key":"ShockBauble"},{"floor":7,"key":"champ:DefensiveTrainingManual"},{"floor":8,"key":"Dota2Spire:BlackKingBar"},{"floor":10,"key":"aspiration:FrozenJewel"},{"floor":14,"key":"WristBlade"},{"floor":20,"key":"PrismaticShard"},{"floor":24,"key":"Dream Catcher"},{"floor":26,"key":"StrikeDummy"},{"floor":36,"key":"Dota2Spire:Dagon"},{"floor":41,"key":"MealTicket"},{"floor":52,"key":"StoneCalendar"}],"event_choices":[{"damage_healed":0,"gold_gain":0,"player_choice":"Simplicity","damage_taken":0,"max_hp_gain":0,"max_hp_loss":8,"event_name":"betterThird:BetterWriting","floor":23,"gold_loss":0}],"is_beta":false,"boss_relics":[{"not_picked":["Ectoplasm","expansioncontent:StudyCardRelic"],"picked":"hubris:Backtick"},{"not_picked":["Calling Bell","hubris:TerracottaHorce"],"picked":"Dota2Spire:Bloodstone"}],"items_purged_floors":[45,47],"is_endless":false,"potions_floor_spawned":[2,10,12,13,15,16,29,31,32,33,46,49,52],"ascension_level":0}}