{"host":"qy7jow5usmjkdnnq","time":1608418507,"event":{"mods":["BaseMod","Colored Map","Downfall","Minty Spire (QoL Compilation)","Permanent Neow","Relic Stats","StSLib"],"gold_per_floor":[99,112,122,132,150,161,211,136,165,90,90,105,105,118,131,227,227,227,238,238,238,266,280,280,205,62,90,90,90,102,118,132,235,235,235,288,313,588,606,623,703,562,894,894,911,578,636,686,704,704,704,732,20,20,20],"floor_reached":56,"playtime":6764,"items_purged":["Shame","sneckomod:Bewildered","Regret","champ:Strike+1"],"score":1949,"play_id":"14abe790-cb77-467d-b45d-14ff54a62160","local_time":"20201219235507","is_ascension_mode":false,"campfire_choices":[{"floor":1,"key":"RECALL"},{"data":"champ:Taunt","floor":8,"key":"SMITH"},{"data":"champ:StanceDance","floor":10,"key":"SMITH"},{"data":"champ:EnGarde","floor":18,"key":"SMITH"},{"data":"champ:TornadoPunch","floor":21,"key":"SMITH"},{"data":"champ:HoldFirm","floor":25,"key":"SMITH"},{"data":"champ:Improvising","floor":35,"key":"SMITH"},{"data":"champ:Improvising","floor":44,"key":"SMITH"},{"data":"champ:CalledShot","floor":54,"key":"SMITH"}],"circlet_count":0,"master_deck":["champ:Strike+1","champ:Strike+1","champ:Defend+1","champ:Defend+1","champ:Defend+1","champ:Defend+1","champ:Execute","champ:Taunt+1","expansioncontent:TimeRipple","champ:FlashCut","champ:BladeFlurry","champ:ShieldThrow","champ:StanceDance+1","champ:EnGarde+1","champ:DefensiveShout","champ:GladiatorsShout","champ:Circumvent","champ:HoldFirm+1","champ:CrownThrow","champ:TornadoPunch+1","champ:StanceDance+1","champ:ShieldWall","champ:BringItOn","champ:Improvising+1","champ:DefensiveShout+1","champ:EnGarde+1","champ:Improvising+1","champ:FlashCut+1","champ:Circumvent","champ:CrookedStrike+1","champ:CalledShot+1","Apotheosis"],"relics":["champ:ChampionCrown","Oddly Smooth Stone","downfall:HeartBlessingRed","Shuriken","downfall:HeartBlessingGreen","Cursed Key","Toy Ornithopter","downfall:HeartBlessingBlue","Turnip","Enchiridion","Busted Crown","Lizard Tail","InkBottle","Letter Opener","Old Coin","Toolbox","Ice Cream","Mango","Bronze Scales","Strawberry"],"acts_visited":["Exordium","TheCity","TheBeyond","TheEnding"],"potions_floor_usage":[16,16,39,42,55,55,55],"damage_taken":[{"damage":14,"enemies":"Jaw Worm","floor":2,"turns":4},{"damage":5,"enemies":"Cultist","floor":3,"turns":4},{"damage":12,"enemies":"Small Slimes","floor":4,"turns":4},{"damage":12,"enemies":"Exordium Thugs","floor":5,"turns":4},{"damage":6,"enemies":"2 Fungi Beasts","floor":6,"turns":2},{"damage":26,"enemies":"3 Sentries","floor":9,"turns":6},{"damage":5,"enemies":"3 Louse","floor":12,"turns":2},{"damage":17,"enemies":"Blue Slaver","floor":14,"turns":4},{"damage":5,"enemies":"2 Fungi Beasts","floor":15,"turns":3},{"damage":5,"enemies":"downfall:Silent","floor":16,"turns":8},{"damage":5,"enemies":"Shell Parasite","floor":19,"turns":5},{"damage":0,"enemies":"Book of Stabbing","floor":22,"turns":4},{"damage":5,"enemies":"Spheric Guardian","floor":23,"turns":3},{"damage":5,"enemies":"downfall:FleeingMerchant","floor":26,"turns":4},{"damage":3,"enemies":"Slavers","floor":27,"turns":5},{"damage":0,"enemies":"Cultist and Chosen","floor":30,"turns":2},{"damage":12,"enemies":"Sentry and Sphere","floor":31,"turns":5},{"damage":8,"enemies":"Centurion and Healer","floor":32,"turns":6},{"damage":9,"enemies":"downfall:Defect","floor":33,"turns":2},{"damage":21,"enemies":"2 Orb Walkers","floor":36,"turns":4},{"damage":9,"enemies":"Giant Head","floor":37,"turns":5},{"damage":9,"enemies":"3 Shapes","floor":39,"turns":3},{"damage":20,"enemies":"Orb Walker","floor":40,"turns":2},{"damage":25,"enemies":"downfall:FleeingMerchant","floor":42,"turns":4},{"damage":9,"enemies":"Reptomancer","floor":43,"turns":5},{"damage":8,"enemies":"Sphere and 2 Shapes","floor":45,"turns":4},{"damage":11,"enemies":"downfall:FleeingMerchant","floor":47,"turns":3},{"damage":5,"enemies":"Mind Bloom Boss Battle","floor":48,"turns":4},{"damage":0,"enemies":"Maw","floor":49,"turns":4},{"damage":3,"enemies":"downfall:Ironclad","floor":50,"turns":4},{"damage":36,"enemies":"downfall:CharBossMerchant","floor":52,"turns":4},{"damage":22,"enemies":"downfall:NeowBoss","floor":55,"turns":18}],"seed_played":"3259952905876038204","potions_obtained":[{"floor":3,"key":"Dexterity Potion"},{"floor":6,"key":"hexamod:EctoCoolerPotion"},{"floor":9,"key":"LiquidBronze"},{"floor":27,"key":"SteroidPotion"},{"floor":30,"key":"SpeedPotion"},{"floor":31,"key":"BlessingOfTheForge"},{"floor":32,"key":"LiquidMemories"},{"floor":33,"key":"hexamod:EctoCoolerPotion"},{"floor":37,"key":"Weak Potion"},{"floor":40,"key":"Slimebound:ThreeZeroPotion"},{"floor":43,"key":"EntropicBrew"}],"is_trial":false,"path_per_floor":["R","M","M","M","M","M","T","R","E","R","?","M","?","M","M","B",null,"R","M","?","R","E","M","T","R","$","E","?","?","M","M","M","B",null,"R","?","E","?","M","M","T","$","E","R","M","?","$","?","M","B",null,"E","$","R","B",null],"character_chosen":"THE_CHAMP","items_purchased":["champ:BringItOn","champ:Circumvent","Toolbox","Bronze Scales","Strawberry","champ:CalledShot","Apotheosis"],"campfire_rested":0,"item_purchase_floors":[26,42,47,53,53,53,53],"current_hp_per_floor":[90,84,84,77,70,64,64,64,43,43,28,28,28,16,16,11,90,90,85,85,85,85,85,85,95,95,92,92,76,76,64,64,55,100,100,79,84,84,95,90,90,91,87,87,87,113,107,107,107,107,113,91,98,98,105],"gold":20,"neow_bonus":"RANDOM_COLORLESS","is_daily":false,"chose_seed":false,"campfire_upgraded":8,"win_rate":0.0,"timestamp":1608418507,"path_taken":["R","M","M","M","M","M","T","R","E","R","?","?","?","M","M","BOSS","R","M","?","R","E","M","T","R","?","E","?","?","M","?","M","BOSS","R","?","E","?","M","?","T","$","E","R","M","?","$","?","M","BOSS","E","$","R","BOSS"],"items_purchased_type":["Card","Card","Relic","Relic","Relic","Card","Card"],"build_version":"2020-12-13","purchased_purges":4,"victory":true,"max_hp_per_floor":[90,90,90,90,90,90,90,90,90,90,90,90,90,90,90,90,90,90,90,90,90,90,90,90,100,100,100,100,100,100,100,100,100,100,100,100,100,100,100,100,100,100,100,100,100,113,113,113,113,113,113,127,134,134,134],"relic_stats":{"Lizard Tail":0,"Busted Crown":22,"counters":[32,141],"Shuriken":[31],"Bronze Scales":[24],"Turnip":[21],"Letter Opener":[117],"Cursed Key":2,"obtain_stats":[{"Ice Cream":48,"downfall:HeartBlessingRed":8,"Oddly Smooth Stone":7,"Enchiridion":29,"champ:ChampionCrown":0,"downfall:HeartBlessingGreen":10,"Mango":52,"Letter Opener":41,"Cursed Key":17,"Old Coin":43,"Lizard Tail":36,"Busted Crown":34,"Shuriken":9,"downfall:HeartBlessingBlue":25,"Bronze Scales":53,"Strawberry":53,"Toolbox":47,"Turnip":27,"Toy Ornithopter":22,"InkBottle":37},{"Ice Cream":28,"downfall:HeartBlessingRed":5,"Oddly Smooth Stone":5,"Enchiridion":15,"champ:ChampionCrown":0,"downfall:HeartBlessingGreen":6,"Mango":31,"Letter Opener":23,"Cursed Key":10,"Old Coin":25,"Lizard Tail":20,"Busted Crown":19,"Shuriken":6,"downfall:HeartBlessingBlue":13,"Bronze Scales":31,"Strawberry":31,"Toolbox":27,"Turnip":15,"Toy Ornithopter":12,"InkBottle":21},{"Ice Cream":111,"downfall:HeartBlessingRed":18,"Oddly Smooth Stone":18,"Enchiridion":62,"champ:ChampionCrown":0,"downfall:HeartBlessingGreen":24,"Mango":123,"Letter Opener":91,"Cursed Key":41,"Old Coin":100,"Lizard Tail":81,"Busted Crown":77,"Shuriken":24,"downfall:HeartBlessingBlue":53,"Bronze Scales":123,"Strawberry":123,"Toolbox":107,"Turnip":62,"Toy Ornithopter":50,"InkBottle":86}],"Toy Ornithopter":25,"InkBottle":[32]},"card_choices":[{"not_picked":["expansioncontent:HyperBeam","Madness"],"picked":"expansioncontent:TimeRipple","floor":0},{"not_picked":["champ:FightOn","champ:DefensiveShout"],"picked":"champ:FlashCut","floor":2},{"not_picked":["champ:Backstep","champ:FalseCounter"],"picked":"champ:BladeFlurry","floor":3},{"not_picked":["champ:Haymaker","champ:DefensiveShout"],"picked":"champ:ShieldThrow","floor":4},{"not_picked":["champ:BladeFlurry","champ:AdrenalArmor"],"picked":"champ:StanceDance","floor":5},{"not_picked":["champ:FocusedDefense","champ:Encircle"],"picked":"champ:EnGarde","floor":6},{"not_picked":["champ:FocusedGladiator","champ:Backstep"],"picked":"champ:DefensiveShout","floor":9},{"not_picked":["champ:AdrenalArmor","champ:FanOfKnives"],"picked":"champ:GladiatorsShout","floor":12},{"not_picked":["champ:Encircle","champ:BerserkersShout"],"picked":"champ:Circumvent","floor":14},{"not_picked":["champ:CrookedStrike","champ:BringItOn"],"picked":"champ:HoldFirm","floor":15},{"not_picked":["champ:SteelEdge","champ:StrikeOfGenius"],"picked":"champ:CrownThrow","floor":16},{"not_picked":["champ:EndlessRage+1","champ:ShieldWall"],"picked":"champ:TornadoPunch","floor":19},{"not_picked":["champ:PerfectedStrike+1","champ:BerserkersShout","champ:Encircle"],"picked":"SKIP","floor":22},{"not_picked":["champ:PerfectedStrike+1","champ:DeathBlow"],"picked":"champ:ShieldWall","floor":23},{"not_picked":["champ:Duel","champ:Backstep","champ:BerserkerStyle"],"picked":"SKIP","floor":26},{"not_picked":["champ:FlashCut","champ:Encircle"],"picked":"champ:Improvising","floor":27},{"not_picked":["champ:BringItOn","champ:SkillfulDodge"],"picked":"champ:DefensiveShout+1","floor":30},{"not_picked":["champ:Haymaker","champ:BerserkersShout+1","champ:RecklessLeap"],"picked":"SKIP","floor":31},{"not_picked":["champ:GladiatorsShout","champ:Lariat"],"picked":"champ:EnGarde+1","floor":32},{"not_picked":["champ:HoldFirm","champ:SwordThrow"],"picked":"champ:Improvising","floor":33},{"not_picked":["champ:BladeFlurry+1"],"picked":"SKIP","floor":37},{"not_picked":[],"picked":"champ:FlashCut+1","floor":39},{"not_picked":["champ:PerfectedStrike+1"],"picked":"SKIP","floor":40},{"not_picked":["champ:BerserkerStyle"],"picked":"SKIP","floor":42},{"not_picked":["champ:ShieldWall+1"],"picked":"SKIP","floor":43},{"not_picked":["champ:FlashCut"],"picked":"SKIP","floor":45},{"not_picked":["champ:BladeFlurry"],"picked":"SKIP","floor":47},{"not_picked":[],"picked":"champ:CrookedStrike+1","floor":48},{"not_picked":["champ:GutPunch+1"],"picked":"SKIP","floor":49},{"not_picked":["champ:EndlessRage"],"picked":"SKIP","floor":52}],"player_experience":497208,"relics_obtained":[{"floor":7,"key":"Oddly Smooth Stone"},{"floor":9,"key":"Shuriken"},{"floor":22,"key":"Toy Ornithopter"},{"floor":27,"key":"Turnip"},{"floor":29,"key":"Enchiridion"},{"floor":36,"key":"Lizard Tail"},{"floor":37,"key":"InkBottle"},{"floor":41,"key":"Letter Opener"},{"floor":43,"key":"Old Coin"},{"floor":48,"key":"Ice Cream"},{"floor":52,"key":"Mango"}],"event_choices":[{"cards_removed":["champ:Strike"],"damage_healed":0,"gold_gain":0,"player_choice":"Card Removal","damage_taken":0,"max_hp_gain":0,"max_hp_loss":0,"event_name":"The Cleric","floor":13,"gold_loss":0},{"damage_healed":0,"gold_gain":0,"player_choice":"Copied","damage_taken":0,"max_hp_gain":0,"max_hp_loss":0,"event_name":"Duplicator","floor":20,"gold_loss":0,"cards_obtained":["champ:StanceDance"]},{"damage_healed":0,"gold_gain":0,"player_choice":"Simplicity","damage_taken":0,"max_hp_gain":0,"max_hp_loss":0,"event_name":"Back to Basics","floor":28,"gold_loss":0,"cards_upgraded":["champ:Strike","champ:Strike","champ:Strike","champ:Defend","champ:Defend","champ:Defend","champ:Defend"]},{"damage_healed":0,"gold_gain":0,"player_choice":"Fight","damage_taken":0,"max_hp_gain":0,"max_hp_loss":0,"event_name":"Mysterious Sphere","floor":36,"gold_loss":0}],"is_beta":false,"boss_relics":[{"not_picked":["Fusion Hammer","Empty Cage"],"picked":"Cursed Key"},{"not_picked":["expansioncontent:StudyCardRelic","Runic Pyramid"],"picked":"Busted Crown"}],"items_purged_floors":[26,42,47,53],"is_endless":false,"potions_floor_spawned":[3,6,9,14,27,30,31,32,33,37,40,43,48],"ascension_level":0}}