{"host":"1a8vswsp13vmqqwt","time":1608394785,"event":{"mods":["AchievementEnabler","BaseMod","Downfall","Minty Spire (QoL Compilation)","StSLib"],"gold_per_floor":[99,549,574,574,574,609,635,670,670,702,714,730,749,322,342,342,342],"floor_reached":16,"playtime":613,"items_purged":[],"score":203,"play_id":"97fead63-c850-49d3-8d4e-f8d062647577","local_time":"20201219191945","is_ascension_mode":false,"campfire_choices":[{"data":"hexamod:Float","floor":1,"key":"SMITH"},{"data":"hexamod:GhostShield","floor":4,"key":"SMITH"},{"data":"hexamod:Incineration","floor":9,"key":"SMITH"}],"circlet_count":0,"master_deck":["hexamod:Strike","hexamod:Strike","hexamod:Strike","hexamod:Strike","hexamod:Defend","hexamod:Defend","hexamod:Defend","hexamod:Defend","hexamod:Sear","hexamod:Float+1","Slimebound:Icky","Slimebound:Icky","Slimebound:Icky","hexamod:GhostShield+1","hexamod:Incineration+1","hexamod:ThermalTransfer","hexamod:RecurringNightmare","hexamod:ThermalTransfer","hexamod:EmpoweringStance","hexamod:PhantomCloak","hexamod:CatchUp","hexamod:HeatCrush","hexamod:RainOfEmbers","hexamod:ShieldOfDarkness"],"relics":["hexamod:SpiritBrand","downfall:HeartsMalice","Pen Nib","Turnip","Blood Vial","Bronze Scales","Anchor","Sling","Strawberry"],"acts_visited":["Exordium"],"potions_floor_usage":[16,16,16],"damage_taken":[{"damage":0,"enemies":"Lagavulin","floor":3,"turns":1},{"damage":0,"enemies":"Gremlin Nob","floor":6,"turns":1},{"damage":0,"enemies":"Lagavulin","floor":8,"turns":1},{"damage":24,"enemies":"Gremlin Nob","floor":10,"turns":5},{"damage":0,"enemies":"2 Louse","floor":11,"turns":3},{"damage":0,"enemies":"Cultist","floor":12,"turns":3},{"damage":1,"enemies":"Small Slimes","floor":13,"turns":3},{"damage":0,"enemies":"downfall:FleeingMerchant","floor":14,"turns":4},{"damage":12,"enemies":"2 Fungi Beasts","floor":15,"turns":4},{"damage":60,"enemies":"downfall:Defect","floor":16,"turns":8}],"seed_played":"-6214085690292733802","potions_obtained":[{"floor":3,"key":"Weak Potion"},{"floor":11,"key":"SkillPotion"},{"floor":13,"key":"AttackPotion"}],"is_trial":false,"path_per_floor":["R","?","E","R","?","E","T","E","R","E","M","M","M","$","M","B"],"character_chosen":"THE_SPIRIT","items_purchased":["Sling","Strawberry","hexamod:HeatCrush","hexamod:RainOfEmbers"],"campfire_rested":0,"item_purchase_floors":[14,14,14,14],"current_hp_per_floor":[70,70,70,70,70,70,70,70,70,46,48,50,51,60,50,0,0],"gold":342,"neow_bonus":"THREE_ENEMY_KILL","is_daily":false,"chose_seed":false,"campfire_upgraded":3,"win_rate":0.0,"timestamp":1608394785,"path_taken":["R","?","E","R","?","E","T","E","R","E","?","M","M","$","M","BOSS"],"items_purchased_type":["Relic","Relic","Card","Card"],"build_version":"2020-12-13","purchased_purges":0,"victory":false,"max_hp_per_floor":[70,70,70,70,70,70,70,70,70,70,70,70,70,77,77,77,77],"card_choices":[{"not_picked":["hexamod:HeatShield","hexamod:GhostOfSpireFuture"],"picked":"hexamod:GhostShield","floor":3},{"not_picked":["hexamod:HauntingEcho","hexamod:Haunt"],"picked":"hexamod:Incineration","floor":6},{"not_picked":["hexamod:SwordOfDarkness","hexamod:GhostLash"],"picked":"hexamod:ThermalTransfer","floor":8},{"not_picked":["hexamod:SwordOfDarkness","hexamod:Hexaguard"],"picked":"hexamod:RecurringNightmare","floor":10},{"not_picked":["hexamod:SwordOfDarkness","hexamod:ShieldOfDarkness"],"picked":"hexamod:ThermalTransfer","floor":11},{"not_picked":["hexamod:HauntingEcho","hexamod:Again"],"picked":"hexamod:EmpoweringStance","floor":12},{"not_picked":["hexamod:RecurringNightmare","hexamod:GhostLash"],"picked":"hexamod:PhantomCloak","floor":13},{"not_picked":["hexamod:RetreatToShadows","hexamod:BacktrackSmack"],"picked":"hexamod:CatchUp","floor":14},{"not_picked":["hexamod:NightmareGuise","hexamod:GhostShield"],"picked":"hexamod:ShieldOfDarkness","floor":15}],"player_experience":157825,"relics_obtained":[{"floor":3,"key":"Pen Nib"},{"floor":6,"key":"Turnip"},{"floor":7,"key":"Blood Vial"},{"floor":8,"key":"Bronze Scales"},{"floor":10,"key":"Anchor"}],"event_choices":[{"damage_healed":0,"gold_gain":0,"player_choice":"Ignored","damage_taken":0,"max_hp_gain":0,"max_hp_loss":0,"event_name":"NoteForYourself","floor":5,"gold_loss":0}],"is_beta":false,"boss_relics":[],"items_purged_floors":[],"is_endless":false,"potions_floor_spawned":[3,11,13],"killed_by":"downfall:Defect","ascension_level":0}}