{"host":"0z6l31g9ps0v9zzp","time":1608356188,"event":{"mods":["Act Like it!","BaseMod","CapriCore","Minty Spire (QoL Compilation)","MostiFishMod","StSLib","Waifu the Spire"],"gold_per_floor":[117,135,150,150,164,195,206,234,281,295,330,355,292,315,315,391,391,411,429,344,75,86,116,41,72,72,98,114,114,145,161,161,239,239,258,258,308,308,325,355,370,396,396,396,421,421,449,466,466,466],"floor_reached":51,"playtime":786,"items_purged":["Strike_R","Armaments+1"],"score":2516,"play_id":"70549e18-c29d-4444-8e2d-7a0ebd5275a0","local_time":"20201219133628","is_ascension_mode":true,"campfire_choices":[{"data":"Armaments","floor":15,"key":"SMITH"},{"data":"Burning Pact","floor":29,"key":"SMITH"},{"data":"Pummel","floor":32,"key":"SMITH"},{"data":"Apotheosis","floor":44,"key":"SMITH"},{"data":"Sword Boomerang","floor":49,"key":"SMITH"}],"circlet_count":0,"master_deck":["AscendersBane","Strike_R","Strike_R","Strike_R","Defend_R","Defend_R","Defend_R","Defend_R","Bash","Cleave","Burning Pact+1","Pummel+1","Sword Boomerang+1","MostiFishMod:UniRed","MostiFishMod:ChineseTea","Pommel Strike","Apotheosis+1"],"relics":["Burning Blood","DaveBox","Civilization","NeowsBlessing","Question Card","Bag of Marbles","Vajra","Kunai","MawBank","Odd Mushroom","ImportantClient","xbg","Tiny Chest","Shuriken","Ice Cream","Bottled Lightning","The Courier","Omamori","BirthdayGift-Tetrahedron","Akabeko","Pear","Juzu Bracelet","Bottled Flame","ThornShield","DaCapo"],"acts_visited":["Exordium","TheCity","TheBeyond"],"potions_floor_usage":[16],"damage_taken":[{"damage":0,"enemies":"Small Slimes","floor":1,"turns":1},{"damage":0,"enemies":"2 Louse","floor":2,"turns":1},{"damage":0,"enemies":"Jaw Worm","floor":3,"turns":1},{"damage":8,"enemies":"Large Slime","floor":5,"turns":3},{"damage":0,"enemies":"3 Sentries","floor":6,"turns":5},{"damage":0,"enemies":"Blue Slaver","floor":7,"turns":2},{"damage":0,"enemies":"Gremlin Nob","floor":8,"turns":2},{"damage":23,"enemies":"Exordium Thugs","floor":10,"turns":2},{"damage":0,"enemies":"Lagavulin","floor":11,"turns":2},{"damage":0,"enemies":"Exordium Wildlife","floor":12,"turns":1},{"damage":0,"enemies":"The Mushroom Lair","floor":14,"turns":1},{"damage":96,"enemies":"Hexaghost","floor":16,"turns":3},{"damage":0,"enemies":"Spheric Guardian","floor":18,"turns":1},{"damage":12,"enemies":"3 Byrds","floor":19,"turns":3},{"damage":0,"enemies":"Snake Plant","floor":22,"turns":1},{"damage":0,"enemies":"Book of Stabbing","floor":23,"turns":1},{"damage":0,"enemies":"Gremlin Leader","floor":25,"turns":1},{"damage":0,"enemies":"Slavers","floor":27,"turns":1},{"damage":0,"enemies":"Cultist and Chosen","floor":28,"turns":1},{"damage":0,"enemies":"Gremlin Leader","floor":30,"turns":1},{"damage":0,"enemies":"Shelled Parasite and Fungi","floor":31,"turns":1},{"damage":0,"enemies":"Automaton","floor":33,"turns":1},{"damage":6,"enemies":"3 Shapes","floor":35,"turns":1},{"damage":0,"enemies":"3 Darklings","floor":39,"turns":1},{"damage":0,"enemies":"Reptomancer","floor":40,"turns":1},{"damage":2,"enemies":"Maw","floor":41,"turns":2},{"damage":0,"enemies":"Giant Head","floor":42,"turns":1},{"damage":0,"enemies":"Mind Bloom Boss Battle","floor":45,"turns":1},{"damage":0,"enemies":"Nemesis","floor":47,"turns":1},{"damage":0,"enemies":"Writhing Mass","floor":48,"turns":1},{"damage":0,"enemies":"Time Eater","floor":50,"turns":1}],"seed_played":"858698942472460952","potions_obtained":[{"floor":3,"key":"Explosive Potion"},{"floor":5,"key":"Strength Potion"},{"floor":16,"key":"Ancient Potion"}],"is_trial":false,"path_per_floor":["M","M","M","?","M","E","M","E","T","M","E","M","$","?","R","B",null,"M","M","?","$","M","E","?","E","T","E","M","R","E","M","R","B",null,"M","?","?","T","M","E","M","E","T","R","?","?","E","M","R","B",null],"character_chosen":"IRONCLAD","items_purchased":["MostiFishMod:UniRed","MostiFishMod:ChineseTea"],"campfire_rested":0,"item_purchase_floors":[21,21],"current_hp_per_floor":[76,81,86,60,65,81,98,116,116,113,134,157,157,183,183,114,188,216,235,235,235,267,300,300,336,336,375,411,411,449,489,489,705,705,749,739,739,739,795,862,916,971,971,971,1027,1027,1084,1142,1142,1201],"gold":466,"neow_bonus":"THREE_ENEMY_KILL","is_daily":false,"chose_seed":false,"campfire_upgraded":5,"win_rate":0.0,"timestamp":1608356188,"path_taken":["M","M","M","?","M","E","M","E","T","M","E","M","$","?","R","BOSS","M","M","?","$","M","E","?","E","T","E","M","R","E","M","R","BOSS","M","?","?","?","M","E","M","E","T","R","?","?","E","M","R","BOSS"],"items_purchased_type":["Card","Card"],"build_version":"2020-12-13","purchased_purges":2,"victory":true,"max_hp_per_floor":[77,81,86,86,93,103,114,126,126,140,155,172,172,192,192,213,213,235,260,260,260,286,313,313,343,343,376,411,411,449,489,489,705,705,749,749,749,749,799,862,916,971,971,971,1027,1027,1084,1142,1142,1201],"card_choices":[{"not_picked":["Headbutt","Shockwave"],"picked":"Cleave","floor":1},{"not_picked":["Body Slam","Twin Strike","Anger"],"picked":"Burning Pact","floor":2},{"not_picked":["Thunderclap","MostiFishMod:BrandingRite","Shrug It Off","Reckless Charge"],"picked":"SKIP","floor":3},{"not_picked":["Warcry","Intimidate","Rampage","Anger"],"picked":"SKIP","floor":5},{"not_picked":["Clothesline","Thunderclap","Power Through","Flex"],"picked":"SKIP","floor":6},{"not_picked":["Shrug It Off","Twin Strike","Rupture"],"picked":"Pummel","floor":7},{"not_picked":["Pummel","Clothesline","Fire Breathing","Warcry"],"picked":"SKIP","floor":8},{"not_picked":["Inflame","Evolve","Battle Trance","Spot Weakness"],"picked":"SKIP","floor":10},{"not_picked":["Infernal Blade","Power Through","Pummel","Whirlwind"],"picked":"SKIP","floor":11},{"not_picked":["MostiFishMod:404NotFound","Whirlwind","Power Through","Headbutt"],"picked":"SKIP","floor":12},{"not_picked":["Twin Strike","Dark Embrace","Clash"],"picked":"Armaments","floor":14},{"not_picked":["Offering","Bludgeon","Feed"],"picked":"MostiFishMod:NeverNightCountry","floor":16},{"not_picked":["True Grit","Havoc","Iron Wave","Power Through"],"picked":"SKIP","floor":18},{"not_picked":["Reckless Charge","Clothesline","Power Through+1"],"picked":"Sword Boomerang","floor":19},{"not_picked":["Entrench","Body Slam","Exhume","Burning Pact"],"picked":"SKIP","floor":22},{"not_picked":["Perfected Strike","Iron Wave","Warcry"],"picked":"Pommel Strike","floor":23},{"not_picked":["Entrench","MostiFishMod:OrdinaryWorld","Dual Wield","Battle Trance"],"picked":"SKIP","floor":25},{"not_picked":["Sword Boomerang","Twin Strike","Armaments","Dropkick"],"picked":"SKIP","floor":27},{"not_picked":["Ghostly Armor","Pommel Strike","Spot Weakness","Body Slam"],"picked":"SKIP","floor":28},{"not_picked":["Dropkick","Fiend Fire","Burning Pact","Bloodletting"],"picked":"SKIP","floor":30},{"not_picked":["Pommel Strike","Body Slam","Second Wind+1","Sword Boomerang+1"],"picked":"SKIP","floor":31},{"not_picked":["Spot Weakness","Body Slam+1","Bloodletting","Flame Barrier"],"picked":"SKIP","floor":35},{"not_picked":["Forethought","Thinking Ahead","Panache"],"picked":"Apotheosis","floor":36},{"not_picked":["Headbutt","Clash+1","Hemokinesis+1","Second Wind"],"picked":"SKIP","floor":39},{"not_picked":["Clothesline","Rupture","Pummel","Thunderclap"],"picked":"SKIP","floor":40},{"not_picked":["Searing Blow","Headbutt","Pommel Strike","Fire Breathing+1"],"picked":"SKIP","floor":41},{"not_picked":["Pummel","Immolate","Clash","Exhume"],"picked":"SKIP","floor":42},{"not_picked":["Demon Form","Uppercut","Sword Boomerang","Shrug It Off+1"],"picked":"SKIP","floor":47},{"not_picked":["Carnage","Cleave","Flex","Iron Wave"],"picked":"SKIP","floor":48}],"player_experience":278252,"relics_obtained":[{"floor":1,"key":"Question Card"},{"floor":6,"key":"Vajra"},{"floor":8,"key":"Kunai"},{"floor":11,"key":"MawBank"},{"floor":14,"key":"Odd Mushroom"},{"floor":16,"key":"ImportantClient"},{"floor":23,"key":"Shuriken"},{"floor":25,"key":"Ice Cream"},{"floor":26,"key":"Bottled Lightning"},{"floor":27,"key":"The Courier"},{"floor":30,"key":"Omamori"},{"floor":38,"key":"Akabeko"},{"floor":40,"key":"Pear"},{"floor":42,"key":"Juzu Bracelet"},{"floor":43,"key":"Bottled Flame"},{"floor":45,"key":"ThornShield"},{"floor":47,"key":"DaCapo"}],"event_choices":[{"damage_healed":0,"gold_gain":0,"player_choice":"Success","damage_taken":26,"relics_obtained":["Bag of Marbles"],"max_hp_gain":0,"max_hp_loss":0,"event_name":"Scrap Ooze","floor":4,"gold_loss":0},{"damage_healed":0,"gold_gain":0,"player_choice":"Fought Mushrooms","damage_taken":0,"max_hp_gain":0,"max_hp_loss":0,"event_name":"Mushrooms","floor":14,"gold_loss":0},{"damage_healed":0,"gold_gain":0,"player_choice":"Obtained Relic","damage_taken":0,"relics_obtained":["Tiny Chest"],"max_hp_gain":0,"max_hp_loss":0,"event_name":"Addict","floor":20,"gold_loss":85},{"cards_removed":["Strike_R"],"damage_healed":0,"gold_gain":0,"player_choice":"Gave Gold","damage_taken":0,"max_hp_gain":0,"max_hp_loss":0,"event_name":"Beggar","floor":24,"gold_loss":75},{"damage_healed":0,"gold_gain":0,"player_choice":"Memory 3","damage_taken":10,"max_hp_gain":0,"max_hp_loss":0,"event_name":"SensoryStone","floor":36,"gold_loss":0},{"damage_healed":0,"gold_gain":50,"player_choice":"Pray","damage_taken":0,"max_hp_gain":0,"max_hp_loss":0,"event_name":"Golden Shrine","floor":37,"gold_loss":0},{"damage_healed":0,"gold_gain":0,"player_choice":"Fight","damage_taken":0,"max_hp_gain":0,"max_hp_loss":0,"event_name":"MindBloom","floor":45,"gold_loss":0},{"damage_healed":0,"gold_gain":0,"player_choice":"Got Potions","damage_taken":0,"max_hp_gain":0,"max_hp_loss":0,"event_name":"Lab","floor":46,"gold_loss":0}],"is_beta":false,"boss_relics":[{"not_picked":["OneHitWonderSystem","Busted Crown"],"picked":"xbg"},{"not_picked":["FixedStarFall","JellyFishMachine"],"picked":"BirthdayGift-Tetrahedron"}],"items_purged_floors":[13,21],"is_endless":false,"potions_floor_spawned":[3,5,6,8,11,14,16,22,23,25,30,39,41,42,47],"ascension_level":19}}