{"host":"e1hsr9gtjq2d74pi","time":1608340657,"event":{"mods":["Act Like it!","BaseMod","Beaked The Cultist","BetterRewards","Clockwork Mod","Conspire","Downfall","Hermit","Hero for Fun","Hubris","Marisa????????","Minty Spire (QoL Compilation)","Shop Mod","Spicy Shops","StSLib","The Animator","The Construct","The Cursed","The Servant 0.9.4","UnlockEverythingMod"],"gold_per_floor":[112,0,0,11,27,27,27,27,27,45,45,59,75,93,93,93,93],"floor_reached":16,"playtime":588,"items_purged":[],"score":94,"play_id":"6ffb944b-2ce2-44c4-a54c-79a45ede6595","local_time":"20201218171737","is_ascension_mode":false,"campfire_choices":[{"data":"construct:Enhance","floor":6,"key":"SMITH"},{"data":"construct:Enhance+1","floor":8,"key":"SMITH"},{"data":"construct:PointDefense","floor":11,"key":"SMITH"},{"data":"construct:PointDefense","floor":15,"key":"SMITH"}],"circlet_count":0,"master_deck":["construct:Strike_Gold","construct:Strike_Gold","construct:Strike_Gold","construct:Strike_Gold","construct:Strike_Gold","construct:Defend_Gold","construct:Defend_Gold","construct:Defend_Gold","construct:Defend_Gold","construct:Defend_Gold","construct:AttackMode","construct:DefenseMode","Normality","Secret Weapon","construct:Enhance+2","construct:PointDefense+1","construct:PointDefense+1"],"relics":["construct:ClockworkPhoenix","hubris:Towel","Pen Nib"],"acts_visited":["Exordium"],"potions_floor_usage":[3,10,16,16,16],"damage_taken":[{"damage":8,"enemies":"2 Louse","floor":1,"turns":3},{"damage":4,"enemies":"conspire:RoseBush","floor":4,"turns":5},{"damage":18,"enemies":"Jaw Worm","floor":5,"turns":7},{"damage":0,"enemies":"Looter","floor":10,"turns":4},{"damage":14,"enemies":"Large Slime","floor":12,"turns":10},{"damage":13,"enemies":"2 Fungi Beasts","floor":13,"turns":4},{"damage":20,"enemies":"Blue Slaver","floor":14,"turns":4},{"damage":41,"enemies":"Slime Boss","floor":16,"turns":8}],"seed_played":"4949219448478677880","potions_obtained":[{"floor":1,"key":"construct:MegaPotion"},{"floor":3,"key":"Fruit Juice"},{"floor":3,"key":"Energy Potion"},{"floor":3,"key":"Slimebound:ThreeZeroPotion"},{"floor":12,"key":"Regen Potion"},{"floor":13,"key":"AttackPotion"}],"is_trial":false,"path_per_floor":["M","$","?","M","M","R","?","R","T","M","R","M","M","M","R","B"],"character_chosen":"THE_CONSTRUCT_MOD","items_purchased":["construct:Enhance"],"campfire_rested":0,"item_purchase_floors":[2],"current_hp_per_floor":[77,77,82,78,60,60,60,60,60,60,60,46,33,13,13,0,0],"gold":93,"neow_bonus":"RANDOM_COLORLESS_2","is_daily":false,"chose_seed":false,"campfire_upgraded":4,"win_rate":0.0,"timestamp":1608340657,"path_taken":["M","$","?","?","M","R","?","R","T","M","R","M","M","M","R","BOSS"],"items_purchased_type":["Card"],"build_version":"2020-12-13","purchased_purges":0,"victory":false,"max_hp_per_floor":[85,85,90,90,90,90,90,90,90,90,90,90,90,90,90,90,90],"card_choices":[{"not_picked":["Transmutation","expansioncontent:StudyTheSpire"],"picked":"Secret Weapon","floor":0},{"not_picked":["construct:Forcefield","construct:FierceBash","construct:SyphonStrike"],"picked":"SKIP","floor":1},{"not_picked":["construct:LongRangeLance","construct:Analyze"],"picked":"construct:PointDefense","floor":4},{"not_picked":["construct:SyphonStrike","construct:Isolate","construct:SaveState"],"picked":"SKIP","floor":5},{"not_picked":["construct:Backfire","construct:FocusedBeam"],"picked":"construct:PointDefense","floor":10},{"not_picked":["construct:FocusedBeam","construct:Anticipate","construct:Missile"],"picked":"SKIP","floor":12},{"not_picked":["construct:Anticipate","construct:CriticalHit","construct:OneWayMirror"],"picked":"SKIP","floor":13},{"not_picked":["construct:Backfire","construct:ShiftStrike","construct:Autoturret"],"picked":"SKIP","floor":14}],"player_experience":448641,"relics_obtained":[{"floor":9,"key":"Pen Nib"}],"event_choices":[{"damage_healed":0,"gold_gain":0,"player_choice":"Got Potions","damage_taken":0,"max_hp_gain":0,"max_hp_loss":0,"event_name":"Lab","floor":3,"gold_loss":0}],"is_beta":false,"boss_relics":[],"items_purged_floors":[],"is_endless":false,"potions_floor_spawned":[1,12,13,14],"killed_by":"Slime Boss","ascension_level":0}}