{"host":"vjkx177ju3wjmzef","time":1608418401,"event":{"mods":["BaseMod","Block Reminder","Colored Map","Colored Powertips","DeckTracker","Googly Eyes","Highlight Path","Minty Spire (QoL Compilation)","Quick Restart","Random Character Button","Relic Stats","StSLib"],"gold_per_floor":[118,218,238,29,41,70,29,59,59,73,73,92,126,156,156,255,255,273,173,173,189,204,204,204,219,290,37,57,68,68,87,87,87,87],"floor_reached":33,"playtime":2610,"items_purged":["Strike_P","Strike_P","Defend_P"],"score":294,"play_id":"cf84c0f3-2c66-44a9-b045-9618b79c646e","local_time":"20201219165321","is_ascension_mode":false,"campfire_choices":[{"data":"Eruption","floor":11,"key":"SMITH"},{"data":"BattleHymn","floor":15,"key":"SMITH"},{"floor":23,"key":"REST"},{"data":"Crescendo","floor":30,"key":"SMITH"},{"floor":32,"key":"REST"}],"circlet_count":0,"master_deck":["Defend_P+1","Defend_P+1","Eruption+1","Vigilance","Prostrate+1","CarveReality","FlurryOfBlows","BattleHymn+1","FlurryOfBlows","Pray","Halt+1","FearNoEvil","EmptyBody","Evaluate","LessonLearned","EmptyFist+1","ClearTheMind+1","PathToVictory+1","LikeWater","SandsOfTime","ClearTheMind","Worship","FlurryOfBlows+1","Halt","Crescendo+1"],"relics":["PureWater","Oddly Smooth Stone","Toy Ornithopter","Pantograph","Matryoshka","MealTicket","Bird Faced Urn","Astrolabe","MutagenicStrength","Blood Vial","Molten Egg 2"],"acts_visited":["Exordium","TheCity"],"potions_floor_usage":[8,13,21],"damage_taken":[{"damage":0,"enemies":"Small Slimes","floor":1,"turns":3},{"damage":0,"enemies":"Cultist","floor":3,"turns":3},{"damage":0,"enemies":"2 Louse","floor":5,"turns":2},{"damage":6,"enemies":"3 Sentries","floor":6,"turns":5},{"damage":0,"enemies":"Lagavulin","floor":8,"turns":5},{"damage":11,"enemies":"Red Slaver","floor":10,"turns":2},{"damage":0,"enemies":"Gremlin Gang","floor":12,"turns":3},{"damage":14,"enemies":"Gremlin Nob","floor":13,"turns":3},{"damage":26,"enemies":"The Guardian","floor":16,"turns":8},{"damage":20,"enemies":"3 Byrds","floor":18,"turns":4},{"damage":15,"enemies":"Shell Parasite","floor":21,"turns":7},{"damage":34,"enemies":"Snake Plant","floor":22,"turns":7},{"damage":1,"enemies":"Centurion and Healer","floor":25,"turns":5},{"damage":32,"enemies":"Cultist and Chosen","floor":28,"turns":7},{"damage":6,"enemies":"Shelled Parasite and Fungi","floor":29,"turns":5},{"damage":19,"enemies":"Centurion and Healer","floor":31,"turns":10},{"damage":77,"enemies":"Champ","floor":33,"turns":8}],"seed_played":"3371516315081478172","potions_obtained":[{"floor":6,"key":"Block Potion"},{"floor":8,"key":"Dexterity Potion"},{"floor":13,"key":"ColorlessPotion"},{"floor":29,"key":"Regen Potion"},{"floor":31,"key":"SkillPotion"}],"is_trial":false,"path_per_floor":["M","?","M","$","M","E","$","E","T","M","R","M","E","?","R","B",null,"M","$","?","M","M","R","?","M","T","$","M","M","R","M","R","B"],"character_chosen":"WATCHER","items_purchased":["FlurryOfBlows","BattleHymn","Pray","Worship","FlurryOfBlows+1"],"campfire_rested":2,"item_purchase_floors":[4,4,7,27,27],"current_hp_per_floor":[72,72,72,72,72,66,66,71,71,60,60,60,51,51,51,46,72,52,67,54,48,18,41,41,44,44,59,33,33,33,20,43,0,0],"gold":87,"neow_bonus":"RANDOM_COMMON_RELIC","is_daily":false,"chose_seed":false,"campfire_upgraded":3,"win_rate":0.0,"timestamp":1608418401,"path_taken":["M","?","?","$","M","E","$","E","T","M","R","?","E","?","R","BOSS","M","$","?","M","M","R","?","M","T","$","M","M","R","M","R","BOSS"],"items_purchased_type":["Card","Card","Card","Card","Card"],"build_version":"2020-12-13","purchased_purges":3,"victory":false,"max_hp_per_floor":[72,72,72,72,72,72,72,72,72,72,72,72,72,72,72,72,72,72,72,77,77,77,77,77,77,77,77,77,77,77,77,77,77,77],"relic_stats":{"Blood Vial":8,"counters":[17,87],"Pantograph":46,"Bird Faced Urn":[28],"Astrolabe":["EmptyFist","ClearTheMind","PathToVictory"],"MealTicket":30,"obtain_stats":[{"Blood Vial":26,"Matryoshka":9,"Pantograph":8,"Bird Faced Urn":14,"Astrolabe":17,"MutagenicStrength":24,"Oddly Smooth Stone":0,"MealTicket":13,"Molten Egg 2":26,"PureWater":0,"Toy Ornithopter":6},{"Blood Vial":13,"Matryoshka":5,"Pantograph":5,"Bird Faced Urn":8,"Astrolabe":9,"MutagenicStrength":12,"Oddly Smooth Stone":0,"MealTicket":8,"Molten Egg 2":13,"PureWater":0,"Toy Ornithopter":4},{"Blood Vial":57,"Matryoshka":18,"Pantograph":18,"Bird Faced Urn":26,"Astrolabe":34,"MutagenicStrength":52,"Oddly Smooth Stone":0,"MealTicket":26,"Molten Egg 2":57,"PureWater":0,"Toy Ornithopter":13}],"Toy Ornithopter":15},"card_choices":[{"not_picked":["CrushJoints","Consecrate"],"picked":"Prostrate","floor":1},{"not_picked":["Prostrate","FearNoEvil"],"picked":"CarveReality","floor":3},{"not_picked":["Conclude","Fasting2","Study"],"picked":"SKIP","floor":5},{"not_picked":["Consecrate","BowlingBash"],"picked":"FlurryOfBlows","floor":6},{"not_picked":["Swivel","Prostrate"],"picked":"Halt","floor":8},{"not_picked":["Halt","Judgement"],"picked":"FearNoEvil","floor":10},{"not_picked":["WreathOfFlame","Protect"],"picked":"EmptyBody","floor":12},{"not_picked":["Study","CutThroughFate"],"picked":"Evaluate","floor":13},{"not_picked":["DeusExMachina","Judgement"],"picked":"LessonLearned","floor":16},{"not_picked":["CrushJoints","Perseverance"],"picked":"LikeWater","floor":18},{"not_picked":["Evaluate","PathToVictory"],"picked":"SandsOfTime","floor":21},{"not_picked":["CarveReality","EmptyFist"],"picked":"ClearTheMind","floor":22},{"not_picked":["Halt+1","Fasting2+1","TalkToTheHand"],"picked":"SKIP","floor":25},{"not_picked":["Perseverance","WreathOfFlame"],"picked":"Halt","floor":28},{"not_picked":["FollowUp+1","PathToVictory+1"],"picked":"Crescendo","floor":29},{"not_picked":["FlyingSleeves+1","CarveReality+1","Sanctity"],"picked":"SKIP","floor":31}],"player_experience":127249,"relics_obtained":[{"floor":6,"key":"Toy Ornithopter"},{"floor":8,"key":"Pantograph"},{"floor":9,"key":"Matryoshka"},{"floor":13,"key":"MealTicket"},{"floor":26,"key":"Blood Vial"},{"floor":26,"key":"Molten Egg 2"}],"event_choices":[{"damage_healed":0,"gold_gain":100,"player_choice":"Gold","damage_taken":0,"max_hp_gain":0,"max_hp_loss":0,"event_name":"Wheel of Change","floor":2,"gold_loss":0},{"damage_healed":0,"gold_gain":30,"player_choice":"Searched \u00272\u0027 times","damage_taken":0,"relics_obtained":["Bird Faced Urn"],"max_hp_gain":0,"max_hp_loss":0,"event_name":"Dead Adventurer","floor":14,"gold_loss":0},{"damage_healed":0,"gold_gain":0,"player_choice":"Shed Blood","damage_taken":18,"max_hp_gain":5,"max_hp_loss":0,"event_name":"Forgotten Altar","floor":20,"gold_loss":0},{"damage_healed":0,"gold_gain":0,"player_choice":"Inject Mutagens","damage_taken":0,"relics_obtained":["MutagenicStrength"],"max_hp_gain":0,"max_hp_loss":0,"event_name":"Drug Dealer","floor":24,"gold_loss":0}],"is_beta":false,"boss_relics":[{"not_picked":["SacredBark","Cursed Key"],"picked":"Astrolabe"}],"items_purged_floors":[4,19,27],"is_endless":false,"potions_floor_spawned":[6,8,13,29,31],"killed_by":"Champ","ascension_level":0}}