{"host":"gcl3kjho9wmyw479","time":1608349750,"event":{"mods":["Act Like it!","BaseMod","Better Note","Minty Spire (QoL Compilation)","Permanent Neow","Quick Restart","Replay The Spire","Shop Mod","StSLib","SuperFastMode","Wandering Minibosses"],"gold_per_floor":[409,409,409,171,171,171,202,234,234,334,368,386,386,189,189,284,384,399,399,399,429,255,255,280,280,304,339,369,128,128,128,128,232,232,244,262,262,262,315,344,344,344,394,406,434,160,160,188,188,188,188,188,137,169,169],"floor_reached":56,"playtime":1967,"items_purged":["Beam Cell","Beam Cell","Panic Button","Panic Button"],"score":1512,"play_id":"ee1c7671-869d-46e8-9ab6-3a6cdb91240c","local_time":"20201218224910","daily_mods":["SealedDeck","Heirloom","Flight","DeadlyEvents","Elite Swarm"],"is_ascension_mode":false,"campfire_choices":[{"data":"Chill","floor":6,"key":"SMITH"},{"data":"Replay:Bootleg Shield Generator","floor":15,"key":"SMITH"},{"floor":23,"key":"RECALL"},{"data":"Gash","floor":25,"key":"SMITH"},{"floor":32,"key":"DIG"},{"data":"Good Instincts","floor":41,"key":"SMITH"}],"circlet_count":0,"master_deck":["Go for the Eyes","BootSequence","Gash+1","Beam Cell","Chill+1","Good Instincts+1","Replay:Bootleg Shield Generator+1","Gash+1","White Noise+1","Dramatic Entrance+1","Gash+1"],"relics":["Unceasing Top","Old Coin","Regal Pillow","Replay:WaspNest","Turnip","Quantum Egg","TungstenRod","Replay:Bottled Steam","Centennial Puzzle","Boot","Mirror","MerchantsRug","HandDrill","NeowsBlessing","Anchor","Empty Cage","Mango","Molten Egg 2","MawBank","Chameleon Ring","Dream Catcher","Nunchaku","Replay:Kaleidoscope"],"acts_visited":["Exordium","TheCity","TheBeyond","TheEnding"],"potions_floor_usage":[55,55,55],"damage_taken":[{"damage":0,"enemies":"Jaw Worm","floor":1,"turns":1},{"damage":0,"enemies":"Gremlin Nob","floor":7,"turns":1},{"damage":0,"enemies":"Replay:BlueRogue","floor":8,"turns":1},{"damage":0,"enemies":"Gremlin Nob","floor":11,"turns":1},{"damage":0,"enemies":"2 Louse","floor":12,"turns":1},{"damage":0,"enemies":"Slime Boss","floor":16,"turns":1},{"damage":0,"enemies":"Shell Parasite","floor":18,"turns":1},{"damage":0,"enemies":"Gremlin Leader","floor":21,"turns":1},{"damage":0,"enemies":"Book of Stabbing","floor":24,"turns":1},{"damage":0,"enemies":"Slavers","floor":27,"turns":1},{"damage":0,"enemies":"Replay:Snechameleon","floor":28,"turns":1},{"damage":0,"enemies":"Automaton","floor":33,"turns":1},{"damage":0,"enemies":"3 Darklings","floor":35,"turns":1},{"damage":0,"enemies":"3 Shapes","floor":36,"turns":1},{"damage":0,"enemies":"2 Orb Walkers","floor":39,"turns":1},{"damage":0,"enemies":"R_Hoarder","floor":40,"turns":6},{"damage":0,"enemies":"3 Darklings","floor":45,"turns":1},{"damage":0,"enemies":"Giant Head","floor":48,"turns":1},{"damage":0,"enemies":"Awakened One","floor":50,"turns":2},{"damage":0,"enemies":"Shield and Spear","floor":54,"turns":1},{"damage":9,"enemies":"The Heart","floor":55,"turns":4}],"seed_played":"732095280587151123","potions_obtained":[{"floor":8,"key":"Block Potion"},{"floor":12,"key":"Reflective Coating"},{"floor":16,"key":"AttackPotion"},{"floor":27,"key":"ColorlessPotion"},{"floor":36,"key":"EssenceOfSteel"},{"floor":40,"key":"PowerPotion"},{"floor":49,"key":"GamblersBrew"}],"is_trial":true,"path_per_floor":["M","WH","?","$","WH","R","E","E","T","WH","E","M","WH","$","R","B",null,"M","?","WH","E","$","R","E","R","T","E","E","$","$","WH","R","B",null,"M","M","$","$","?","E","R","WH","T","?","M","$","WH","E","R","B",null,"R","$","E","B",null],"character_chosen":"DEFECT","items_purchased":["Chill","Good Instincts","Replay:Bootleg Shield Generator","Gash","MerchantsRug","HandDrill","Swift Potion","Chameleon Ring","Gash+1"],"campfire_rested":0,"item_purchase_floors":[4,4,14,22,29,29,46,46,53],"current_hp_per_floor":[75,75,75,75,75,75,75,75,75,75,75,75,82,82,82,82,82,82,82,58,58,58,58,58,58,58,58,58,58,58,58,58,58,82,82,82,82,82,96,96,96,96,96,96,96,96,96,96,96,96,96,96,96,96,87],"gold":169,"neow_bonus":"RANDOM_COMMON_RELIC","is_daily":false,"chose_seed":false,"campfire_upgraded":4,"win_rate":0.0,"timestamp":1608349750,"path_taken":["M","WH","?","$","WH","R","E","E","T","WH","E","M","WH","$","R","BOSS","M","?","WH","?","$","R","E","R","T","E","E","$","$","WH","R","BOSS","M","M","$","$","?","E","R","WH","T","?","?","$","WH","?","R","BOSS","R","$","E","BOSS"],"items_purchased_type":["Card","Card","Card","Card","Relic","Relic","Potion","Relic","Card"],"build_version":"2020-12-13","purchased_purges":4,"victory":true,"max_hp_per_floor":[75,75,75,75,75,75,75,75,75,75,75,75,82,82,82,82,82,82,82,82,82,82,82,82,82,82,82,82,82,82,82,82,82,82,82,82,82,82,96,96,96,96,96,96,96,96,96,96,96,96,96,96,96,96,96],"card_choices":[{"not_picked":["Leap","Hologram","ReplayGash"],"picked":"SKIP","floor":1},{"not_picked":["Echo Form","Reboot","Machine Learning"],"picked":"SKIP","floor":7},{"not_picked":["Echo Form","Reboot","Machine Learning"],"picked":"SKIP","floor":7},{"not_picked":["Buffer","Rainbow","Thunder Strike"],"picked":"SKIP","floor":8},{"not_picked":["Mirror Shield","Echo Form","Electrodynamics"],"picked":"SKIP","floor":11},{"not_picked":["Reinforced Body","Darkness","Melter"],"picked":"SKIP","floor":12},{"not_picked":["Reinforced Body","Darkness","Melter"],"picked":"SKIP","floor":12},{"not_picked":["Rip and Tear+1","Conserve Battery+1","Rebound"],"picked":"SKIP","floor":18},{"not_picked":["ReplayRNGCard","Multi-Cast","Rainbow"],"picked":"SKIP","floor":21},{"not_picked":["Buffer","Rainbow","Core Surge"],"picked":"SKIP","floor":24},{"not_picked":["Creative AI","Hyperbeam","Multi-Cast"],"picked":"SKIP","floor":27},{"not_picked":["Hyperbeam","Core Surge","Rainbow"],"picked":"SKIP","floor":28},{"not_picked":["Compile Driver","Streamline+1"],"picked":"White Noise+1","floor":35},{"not_picked":["Ball Lightning+1","Glacier+1","Gash"],"picked":"SKIP","floor":36},{"not_picked":["Mirror Shield","Multi-Cast","Machine Learning"],"picked":"SKIP","floor":40},{"not_picked":["Discovery","Dark Shackles"],"picked":"Dramatic Entrance","floor":42},{"not_picked":["Cold Snap+1","Coolheaded+1","Steam"],"picked":"SKIP","floor":45},{"not_picked":["ReplayTheSpireMod:Omega Cannon+1","Rainbow","ReplayTheSpireMod:Fabricate Wheel"],"picked":"SKIP","floor":48},{"not_picked":["Fission","Amplify","All For One+1"],"picked":"SKIP","floor":54}],"player_experience":407041,"relics_obtained":[{"floor":7,"key":"Replay:WaspNest"},{"floor":8,"key":"Turnip"},{"floor":11,"key":"Quantum Egg"},{"floor":21,"key":"TungstenRod"},{"floor":24,"key":"Replay:Bottled Steam"},{"floor":26,"key":"Centennial Puzzle"},{"floor":27,"key":"Boot"},{"floor":28,"key":"Mirror"},{"floor":32,"key":"Anchor"},{"floor":39,"key":"Mango"},{"floor":40,"key":"Molten Egg 2"},{"floor":43,"key":"MawBank"},{"floor":48,"key":"Nunchaku"},{"floor":54,"key":"Replay:Kaleidoscope"}],"event_choices":[{"damage_healed":0,"gold_gain":0,"player_choice":"Ignored","damage_taken":0,"max_hp_gain":0,"max_hp_loss":0,"event_name":"Liars Game","floor":3,"gold_loss":0},{"cards_removed":["Panic Button"],"damage_healed":0,"gold_gain":0,"player_choice":"Give","damage_taken":0,"max_hp_gain":0,"max_hp_loss":0,"event_name":"betterNote:BetterNote","floor":19,"gold_loss":0,"cards_obtained":["Warcry"]},{"damage_healed":0,"gold_gain":0,"player_choice":"Fight","damage_taken":0,"max_hp_gain":0,"max_hp_loss":0,"event_name":"Mysterious Sphere","floor":39,"gold_loss":0}],"is_beta":false,"boss_relics":[{"not_picked":["Sozu","Snecko Eye"],"picked":"Replay:Wanted Poster"},{"not_picked":["Kintsugi","Nuclear Battery"],"picked":"Empty Cage"}],"items_purged_floors":[4,14,22,29],"is_endless":false,"potions_floor_spawned":[8,12,16,27,33,36,39,40,48,54],"ascension_level":0}}