{"host":"4nnhb5rglsgyie7t","time":1608377241,"event":{"mods":["Act Like it!","BaseMod","Challenge The Spire","Gensokyo","Koishi","Marisa（F雨　魔理沙）","Minty Spire (QoL Compilation)","Prisma Mod","Remilia（蕾米莉亚）","Replay The Spire","Shop Mod","StSLib","Td1madao Mod","The Servant 0.9.4","Youmu（魂魄妖梦）","Yuyuko","【东方二次创作】八云紫mod","【功能Mod】聪明的最终Boss","【角色mod】十八桐人"],"gold_per_floor":[114,130,130,144,144,144,39,70,70,70,70,70,81,81,81,97,97,201,201,220,230,230,242,72,72,100,138,185,234,279,358,427,484,484,597,597,621,921,345,384,384,384,432,472,472,472,512,512,269,118,118,142,142,142,27,85,101],"floor_reached":58,"playtime":7010,"items_purged":[],"score":1120,"play_id":"5c40c87a-0195-4080-a9f6-144248c61b9d","local_time":"20201219192721","is_ascension_mode":false,"campfire_choices":[{"floor":6.0,"key":"RECALL"},{"data":"Song of Papilio","floor":11.0,"key":"SMITH"},{"data":"Past Graveyard","floor":25.0,"key":"SMITH"},{"data":"Fondling of Papilio","floor":34.0,"key":"SMITH"},{"data":"The Way to Death","floor":42.0,"key":"SMITH"},{"data":"Gauzy Sakura","floor":48.0,"key":"SMITH"},{"data":"Fondling of Papilio","floor":51.0,"key":"SMITH"},{"data":"Bloom","floor":54.0,"key":"SMITH"}],"circlet_count":0,"master_deck":["Fantasy Butterflies","Fantasy Butterflies","Fantasy Butterflies","Fantasy Butterflies","Fantasy Butterflies","Dreamy Sakura","Dreamy Sakura","Dreamy Sakura","Dreamy Sakura","Deathly Ground","Faramita\u0027s Temptation","Song of Papilio+1","Fondling of Papilio+1","Infinite Sin","Scenery of Papilio","Childlike","Bloom+1","Chase The Sukhavati","Past Graveyard+1","Unstable Ward","Steamed Phantom","Lunch","Fondling of Papilio+1","Pot Of Greed","Pot Of Greed","Pot Of Greed","Phantom Butterflies","Gauzy Sakura+1","The Way to Death+1","Elegance+1","Dancing Butterflies","Spear of Papilio","Flash of Steel","Mirror of Mind","Triple Snow+1","ReplayTheSpireMod:Faulty Equipment","Serene Spring","Gauzy Sakura+1","Pot Of Greed","Home of Suicide","Sweet of Phantom+1"],"relics":["Coronal","Yuyuko\u0027s fan","NeowsBlessing","Gensokyo:OccultBall","MerchantsRug","Replay:Bandana","Grinning Jar","Ghost Lamp","Bag of Preparation","Pen Nib","Replay:Grab Bag","Busted Crown","Cursed Key","Honey Jar","Black Star","PreservedInsect","Quantum Egg","Lee\u0027s Waffle","Ice Cream","Replay:Accelerometer","Ornamental Fan","Pet Ghost","Pantograph","Blood Vial"],"acts_visited":["Exordium","Gensokyo:Gensokyo","TheBeyond","TheEnding"],"potions_floor_usage":[57,57,57],"damage_taken":[{"damage":1.0,"enemies":"Gensokyo:Python","floor":1.0,"turns":1.0},{"damage":1.0,"enemies":"Gensokyo:2_Kodama","floor":2.0,"turns":1.0},{"damage":1.0,"enemies":"Gensokyo:Gryphon","floor":4.0,"turns":1.0},{"damage":21.0,"enemies":"Gensokyo:Aya","floor":8.0,"turns":3.0},{"damage":17.0,"enemies":"Gensokyo:Python_and_Kodama","floor":13.0,"turns":3.0},{"damage":11.0,"enemies":"Gensokyo:2_Rabbits","floor":16.0,"turns":3.0},{"damage":50.0,"enemies":"Gensokyo:Kokoro","floor":18.0,"turns":10.0},{"damage":39.0,"enemies":"Gensokyo:Chomper","floor":20.0,"turns":6.0},{"damage":27.0,"enemies":"Gensokyo:2_Gloops","floor":21.0,"turns":4.0},{"damage":24.0,"enemies":"Gensokyo:Wraith","floor":23.0,"turns":4.0},{"damage":34.0,"enemies":"Gensokyo:Koishi","floor":26.0,"turns":13.0},{"damage":30.0,"enemies":"Gensokyo:Monolith_and_Dog","floor":27.0,"turns":4.0},{"damage":68.0,"enemies":"Gensokyo:Tenshi","floor":29.0,"turns":8.0},{"damage":55.0,"enemies":"Gensokyo:Slime_Group","floor":30.0,"turns":6.0},{"damage":18.0,"enemies":"Gensokyo:Reisen","floor":32.0,"turns":6.0},{"damage":6.0,"enemies":"Gensokyo:3_Gloops","floor":33.0,"turns":3.0},{"damage":51.0,"enemies":"Gensokyo:Kaguya","floor":35.0,"turns":7.0},{"damage":52.0,"enemies":"Orb Walker","floor":37.0,"turns":4.0},{"damage":8.0,"enemies":"3 Shapes","floor":40.0,"turns":3.0},{"damage":37.0,"enemies":"Nemesis","floor":43.0,"turns":3.0},{"damage":25.0,"enemies":"Writhing Mass","floor":44.0,"turns":4.0},{"damage":3.0,"enemies":"Sphere and 2 Shapes","floor":47.0,"turns":2.0},{"damage":58.0,"enemies":"Replay:Hell Engine","floor":52.0,"turns":7.0},{"damage":67.0,"enemies":"Shield and Spear","floor":56.0,"turns":7.0},{"damage":124,"enemies":"The Heart","floor":57,"turns":7}],"seed_played":"-2875797332980247060","potions_obtained":[{"floor":2.0,"key":"Turbid Wine"},{"floor":8.0,"key":"Ancient Potion"},{"floor":16.0,"key":"Dexterity Potion"},{"floor":18.0,"key":"Turbid Wine"},{"floor":20.0,"key":"Turbid Wine"},{"floor":20.0,"key":"Fire Potion"},{"floor":26.0,"key":"Turbid Wine"},{"floor":27.0,"key":"Turbid Wine"},{"floor":29.0,"key":"Turbid Wine"},{"floor":30.0,"key":"Turbid Wine"},{"floor":30.0,"key":"Energy Potion"},{"floor":32.0,"key":"Turbid Wine"},{"floor":32.0,"key":"SpeedPotion"},{"floor":35.0,"key":"Turbid Wine"},{"floor":37.0,"key":"Turbid Wine"},{"floor":40.0,"key":"Turbid Wine"},{"floor":40.0,"key":"Explosive Potion"},{"floor":43.0,"key":"LiquidBronze"},{"floor":44.0,"key":"Turbid Wine"},{"floor":47.0,"key":"Ancient Potion"},{"floor":56.0,"key":"EssenceOfSteel"}],"is_trial":false,"path_per_floor":["M","M","?","M","?","R","$","E","T","$","R","?","M","PTL","PTL","M","R","B",null,"M","M","?","M","$","R","E","M","T","E","M","?","E","M","R","B",null,"M","?","$","M","?","R","E","M","T","?","M","R","$","$","R","B",null,"R","$","E","B",null],"character_chosen":"YUYOKO","items_purchased":["Scenery of Papilio","MerchantsRug","Lunch","Dancing Butterflies","PreservedInsect","Quantum Egg","Lee\u0027s Waffle","Ornamental Fan","Home of Suicide","Pet Ghost"],"campfire_rested":0,"item_purchase_floors":[7,24,24,39,39,39,39,49,50,55],"current_hp_per_floor":[39,39,39,38,38,38,38,21,21,21,21,21,33,33,33,31,31,22,40,31,17,17,13,13,13,24,32,32,29,20,20,31,33,33,30,40,20,20,47,44,44,44,28,43,43,43,45,45,45,45,45,40,47,47,47,40,34],"gold":101,"neow_bonus":"THREE_ENEMY_KILL","is_daily":false,"chose_seed":false,"campfire_upgraded":7,"win_rate":0.0,"timestamp":1608377241,"path_taken":["M","M","?","?","?","R","?","E","T","?","R","?","M","PTL","PTL","M","R","BOSS","M","M","?","?","$","R","E","M","T","E","M","?","E","M","R","BOSS","M","?","?","M","?","R","E","M","T","?","?","R","?","$","R","BOSS","R","$","E","BOSS"],"items_purchased_type":["Card","Relic","Card","Card","Relic","Relic","Relic","Relic","Card","Relic"],"build_version":"2020-12-13","purchased_purges":0,"victory":true,"max_hp_per_floor":[40,40,40,40,40,40,40,40,40,40,40,40,40,40,40,40,40,40,40,40,40,40,40,40,40,40,40,40,40,40,40,40,40,40,40,40,40,40,47,47,47,47,47,47,47,47,47,47,47,47,47,47,47,47,47,47,47],"card_choices":[{"not_picked":["Become Phantom","Fondling of Papilio"],"picked":"Song of Papilio","floor":1.0},{"not_picked":["Unreal","Triple Snow","Dark Wind"],"picked":"SKIP","floor":2.0},{"not_picked":["The Forgotten Winter","Stifle"],"picked":"Fondling of Papilio","floor":4.0},{"not_picked":["Open The Fan","Full Moon"],"picked":"Infinite Sin","floor":5.0},{"not_picked":["Bomb","Dark Wind"],"picked":"Open The Fan","floor":5.0},{"not_picked":["Ticket to Heaven","Ghost Lead"],"picked":"Childlike","floor":8.0},{"not_picked":["The Forgotten Winter","Unstable Ward","Spear of Papilio"],"picked":"SKIP","floor":13.0},{"not_picked":["Phantom Gift","Open The Fan"],"picked":"Bloom","floor":16.0},{"not_picked":["Sakura Sakura","Snowing Sakura"],"picked":"Past Graveyard","floor":18.0},{"not_picked":["Dancing Butterflies","Snow","Spear of Papilio"],"picked":"SKIP","floor":20.0},{"not_picked":["Wandering Soul","Bloom"],"picked":"Unstable Ward","floor":21.0},{"not_picked":["Redemption of Death","Phantom Gift"],"picked":"Steamed Phantom","floor":23.0},{"not_picked":["Ghostdom Sakura","Sakura Ward"],"picked":"Dying Sakura","floor":26.0},{"not_picked":["Serene Spring","Death Dancing"],"picked":"Fondling of Papilio","floor":27.0},{"not_picked":["Unknown Petal","Childlike+1"],"picked":"Phantom Butterflies","floor":29.0},{"not_picked":["End of Faramita","Steamed Phantom+1","The Forgotten Winter"],"picked":"SKIP","floor":30.0},{"not_picked":["Unstable Ward","The Forgotten Winter"],"picked":"Gauzy Sakura+1","floor":31.0},{"not_picked":["Gone+1","Dark Wind","Full Moon+1"],"picked":"SKIP","floor":32.0},{"not_picked":["Reverse The Screen","Become Phantom","All Wander+1"],"picked":"SKIP","floor":33.0},{"not_picked":["Past Graveyard","Home of Suicide"],"picked":"The Way to Death","floor":35.0},{"not_picked":["Dying Sakura"],"picked":"Elegance+1","floor":37.0},{"not_picked":["Unstable Ward"],"picked":"Spear of Papilio","floor":40.0},{"not_picked":["Bandage Up"],"picked":"Flash of Steel","floor":41.0},{"not_picked":["The Forgotten Winter"],"picked":"Mirror of Mind","floor":43.0},{"not_picked":["Dark Wind"],"picked":"Triple Snow+1","floor":44.0},{"not_picked":["Triple Snow"],"picked":"Gauzy Sakura","floor":47.0},{"not_picked":["Mirror of Mind"],"picked":"Sweet of Phantom+1","floor":56.0}],"player_experience":122171,"relics_obtained":[{"floor":8.0,"key":"AntiCross"},{"floor":18.0,"key":"Gensokyo:OccultBall"},{"floor":20.0,"key":"Gensokyo:OccultBall"},{"floor":26.0,"key":"Replay:Bandana"},{"floor":28.0,"key":"Grinning Jar"},{"floor":29.0,"key":"Ghost Lamp"},{"floor":31.0,"key":"Bag of Preparation"},{"floor":32.0,"key":"Pen Nib"},{"floor":35.0,"key":"Gensokyo:OccultBall"},{"floor":37.0,"key":"Gensokyo:OccultBall"},{"floor":43.0,"key":"Ice Cream"},{"floor":43.0,"key":"Dream Catcher"},{"floor":44.0,"key":"Gensokyo:OccultBall"},{"floor":45.0,"key":"Replay:Accelerometer"},{"floor":56.0,"key":"Pantograph"},{"floor":56.0,"key":"Blood Vial"}],"event_choices":[{"damage_healed":0.0,"max_hp_gain":0.0,"max_hp_loss":0.0,"gold_gain":300.0,"event_name":"Wheel of Change","player_choice":"Gold","floor":38.0,"gold_loss":0.0,"damage_taken":0.0},{"damage_healed":0.0,"max_hp_gain":0.0,"max_hp_loss":0.0,"gold_gain":0.0,"event_name":"SensoryStone","player_choice":"Memory 1","floor":41.0,"gold_loss":0.0,"damage_taken":0.0},{"damage_healed":0.0,"max_hp_gain":0.0,"max_hp_loss":0.0,"gold_gain":0.0,"cards_transformed":["Dying Sakura"],"event_name":"Transmorgrifier","player_choice":"Transformed","floor":46.0,"gold_loss":0.0,"damage_taken":0.0,"cards_obtained":["Serene Spring"]}],"is_beta":false,"boss_relics":[{"not_picked":["Snecko Eye","ChewingGum","Coffee Dripper"]},{"not_picked":["ReplayTheSpireMod:DimensionalGlitch","Ring of Chaos"],"picked":"Replay:Grab Bag"},{"not_picked":["Velvet Choker","Runic Dome"],"picked":"Busted Crown"},{"not_picked":["Sozu","SlaversCollar"],"picked":"Cursed Key"},{"not_picked":["Runic Pyramid","SacredBark"],"picked":"Honey Jar"},{"not_picked":["Pandora\u0027s Box","Astrolabe"],"picked":"Black Star"}],"items_purged_floors":[],"is_endless":false,"potions_floor_spawned":[2,8,16,20,30,32,40,43,47,56],"ascension_level":0}}