{"host":"v4s5k3c6jywmeofl","time":1608409775,"event":{"mods":["Act Like it!","BaseMod","Colored Map","Downfall","Gensokyo","Hallownest","Hermit","Marisa????????","Minty Spire (QoL Compilation)","Quick Restart","Random Character Button","Rare Cards Sparkle","Replay The Spire","StSLib","The Animator","The Bug Knight","The Cursed","The Hierophant","The Servant 0.9.4"],"gold_per_floor":[111,124,124,144,144,157,157,157,236,249,249,249,280,290,290,393,393,407,407,407,407,419,419,419],"floor_reached":23,"playtime":1410,"items_purged":[],"score":191,"play_id":"7da77960-e769-4eaf-997a-94b13413553f","local_time":"20201219152935","is_ascension_mode":false,"campfire_choices":[{"data":"HollowMod:SoulEater","floor":7,"key":"SMITH"},{"data":"HollowMod:ChannelNail","floor":11,"key":"SMITH"},{"floor":15,"key":"REST"}],"circlet_count":0,"master_deck":["HollowMod:NailStrikeStart","HollowMod:NailStrikeStart","HollowMod:NailStrikeStart","HollowMod:QuickDashStart","HollowMod:QuickDashStart","HollowMod:PogoStrike","HollowMod:ChannelNail+1","HollowMod:SoulEater+1","Pain","HollowMod:GoodIntentions","HollowMod:RecoilStrike","HollowMod:DashSlash","HollowMod:DesolateDive","HollowMod:theNailsmith","HollowMod:MawleksShell+1","HollowMod:SoulSplash+1","HollowMod:SoulVessel","HollowMod:Grubsong"],"relics":["HollowMod:VesselMask","NeowsBlessing","Gensokyo:LunaticRedEyes","Gensokyo:Justice","Gensokyo:YoukaiFlower","Gensokyo:NagashiBinaDoll","HollowMod:KingsBrand","Replay:Grab Bag","Sozu","Cursed Key","Astrolabe","Black Star","Gensokyo:ConquerorOfFear","Gensokyo:ChorusOfJoy"],"acts_visited":["Gensokyo:Gensokyo","Gensokyo:Gensokyoer"],"potions_floor_usage":[],"damage_taken":[{"damage":0,"enemies":"Gensokyo:3_Fairies","floor":1,"turns":1},{"damage":0,"enemies":"Gensokyo:2_Kodama","floor":2,"turns":1},{"damage":0,"enemies":"Gensokyo:Gryphon","floor":4,"turns":1},{"damage":20,"enemies":"Gensokyo:VengefulSpirit","floor":6,"turns":4},{"damage":5,"enemies":"Gensokyo:Python_and_Kodama","floor":10,"turns":3},{"damage":23,"enemies":"Gensokyo:Cirno","floor":13,"turns":5},{"damage":1,"enemies":"Gensokyo:2_Rabbits","floor":14,"turns":2},{"damage":31,"enemies":"Gensokyo:Yukari","floor":16,"turns":8},{"damage":5,"enemies":"Gensokyo:2_Gloops","floor":18,"turns":4},{"damage":41,"enemies":"Gensokyo:3_Dogs","floor":22,"turns":6},{"damage":29,"enemies":"Gensokyo:Tenshi","floor":23,"turns":6}],"seed_played":"569930773778615016","potions_obtained":[{"floor":6,"key":"Guardian:BlockOnCardUsePotion"},{"floor":14,"key":"SpeedPotion"}],"is_trial":false,"path_per_floor":["M","M","?","M","?","M","R","?","T","M","R","?","E","M","R","B",null,"M","?","?","?","M","E"],"character_chosen":"THE_BUGKNIGHT","items_purchased":[],"campfire_rested":1,"item_purchase_floors":[],"current_hp_per_floor":[75,75,75,75,75,55,55,55,55,50,50,50,27,26,48,17,75,70,70,70,70,29,0,0],"gold":419,"neow_bonus":"THREE_ENEMY_KILL","is_daily":false,"chose_seed":false,"campfire_upgraded":2,"win_rate":0.0,"timestamp":1608409775,"path_taken":["M","M","?","M","?","M","R","?","T","?","R","?","E","?","R","BOSS","M","?","?","?","M","E"],"items_purchased_type":[],"build_version":"2020-12-13","purchased_purges":0,"victory":false,"max_hp_per_floor":[75,75,75,75,75,75,75,75,75,75,75,75,75,75,75,75,75,75,75,75,75,75,75,75],"card_choices":[{"not_picked":["HollowMod:DoubleDash","HollowMod:LifebloodCocoon"],"picked":"HollowMod:ChannelNail","floor":1},{"not_picked":["HollowMod:NewLittleFool","HollowMod:DungDefenderAura"],"picked":"HollowMod:SoulEater","floor":2},{"not_picked":["HollowMod:VengefulVoid","HollowMod:DreamGate"],"picked":"HollowMod:HowlingWraiths","floor":4},{"not_picked":["HollowMod:HowlingWraiths","HollowMod:CornifersMapStart"],"picked":"HollowMod:GoodIntentions","floor":6},{"not_picked":["HollowMod:DoubleDash","HollowMod:InfectedCysts"],"picked":"HollowMod:RecoilStrike","floor":10},{"not_picked":["HollowMod:VoidDash","HollowMod:HeavyBlow"],"picked":"HollowMod:DashSlash","floor":13},{"not_picked":["HollowMod:SharpenedShadows","HollowMod:ShadowDash"],"picked":"HollowMod:DesolateDive","floor":14},{"not_picked":["HollowMod:MidwifesHunger","HollowMod:LifebloodCore"],"picked":"HollowMod:theNailsmith","floor":16},{"not_picked":["HollowMod:LifebloodCocoon","HollowMod:SharpenedNail"],"picked":"HollowMod:SoulVessel","floor":18},{"not_picked":["HollowMod:ShapeofUnn","HollowMod:HeavyBlow"],"picked":"HollowMod:Grubsong","floor":22}],"player_experience":84625,"relics_obtained":[{"floor":13,"key":"HollowMod:KingsBrand"},{"floor":22,"key":"Gensokyo:ConquerorOfFear"}],"event_choices":[],"is_beta":false,"boss_relics":[{"not_picked":["Empty Cage","Ring of Chaos"],"picked":"Replay:Grab Bag"},{"not_picked":["ReplayTheSpireMod:DimensionalGlitch","Replay:Bronze Core"],"picked":"Sozu"},{"not_picked":["Abe\u0027s Treasure","Busted Crown"],"picked":"Cursed Key"},{"not_picked":["SacredBark","Kintsugi"],"picked":"Astrolabe"},{"not_picked":["Snecko Eye","Calling Bell"],"picked":"Black Star"}],"items_purged_floors":[],"is_endless":false,"potions_floor_spawned":[6,14,18],"killed_by":"Gensokyo:Tenshi","ascension_level":0}}