{"host":"tm3ghj8mno6gwywm","time":1608339961,"event":{"mods":["2.2 Compatiblity","AchievementEnabler","Bard","BaseMod","Beaked The Cultist","Better Third Choice","Colored Map","Colored Powertips","Conspire","Downfall","Glutton Mod","GungeonMod","Halation","Hermit","Hubris","Infinite Spire","Jorbs\u0027s Wanderer Trilogy","Lobotomy","Mad Scientist","Marisa????????","Marked Mod","Mimic Mod","Minty Spire (QoL Compilation)","Potionbrewer","Quick Restart","READ ME - Guardian Mod","Replay The Spire","Shade Mod","Shop Mod","Somnambulant","Spicy Shops","StSLib","SuperFastMode","The Bug Knight","The Construct","The Cursed","The Disciple","The Factory","The Hierophant","The IronCluck","The Judge","The Jungle","The Necromancer","The Runesmith","The Servant 0.9.4","egg"],"gold_per_floor":[119,129,129,146,164,164,176,211,241,268,268,268,279,279,279,379,379,394,413,425,24,24,24,24],"floor_reached":23,"playtime":626,"items_purged":[],"score":203,"play_id":"3cfb7100-9908-4dff-98c7-4b9e67add9d3","local_time":"20201218200601","is_ascension_mode":false,"campfire_choices":[{"floor":6,"key":"RECALL"},{"floor":11,"key":"REST"},{"floor":12,"key":"REST"},{"data":"Bash","floor":15,"key":"SMITH"}],"circlet_count":0,"master_deck":["Strike_R","Strike_R","Strike_R","Strike_R","Defend_R","Defend_R","Defend_R","Defend_R","Bash+1","ReplayReversal+1","Hemokinesis+1","Rupture+1","Rampage+1","ReplayTheSpireMod:LeadingStrike+1","Flex+1","Headbutt+1","Clash+1","hubris:CleavingFinish+1","Berserk+1","Blood for Blood+1","Sword Boomerang+1","Intimidate+1","Fire Breathing+1"],"relics":["Burning Blood","WingedGreaves","Membership Card","Quantum Egg","Frozen Egg 2","Toxic Egg 2","Molten Egg 2","Black Star","Mummified Hand","Lizard Tail","Paper Frog","DemoMod:WeirdEgg","hubris:ToyBattleship","Art of War","potionbrewer:MortarAndPestle","Runic Cube","sneckomod:BlankCard","beaked:ShinyBauble","Replay:Ringing Soul","ReplayTheSpireMod:Lightbulb"],"acts_visited":["Exordium","TheCity"],"potions_floor_usage":[10,16,16,20,23],"damage_taken":[{"damage":1,"enemies":"Cultist","floor":1,"turns":4},{"damage":26,"enemies":"infinitespire:Voidling","floor":2,"turns":4},{"damage":8,"enemies":"Jaw Worm","floor":4,"turns":2},{"damage":7,"enemies":"Looter","floor":5,"turns":2},{"damage":17,"enemies":"3 Louse","floor":7,"turns":3},{"damage":27,"enemies":"HollowMod:MossKnight","floor":8,"turns":5},{"damage":2,"enemies":"conspire:2 RoseBushes","floor":9,"turns":8},{"damage":51,"enemies":"Lagavulin","floor":10,"turns":6},{"damage":3,"enemies":"conspire:2 RoseBushes","floor":13,"turns":3},{"damage":42,"enemies":"Hexaghost","floor":16,"turns":7},{"damage":11,"enemies":"Chosen","floor":18,"turns":3},{"damage":37,"enemies":"Snake Plant","floor":19,"turns":4},{"damage":25,"enemies":"Sentry and Sphere","floor":20,"turns":4},{"damage":26,"enemies":"Nightmare","floor":23,"turns":4}],"seed_played":"-5552193721888370111","potions_obtained":[{"floor":2,"key":"DemoMod:LeadSkinPotion"},{"floor":5,"key":"Elixir"},{"floor":13,"key":"SkillPotion"},{"floor":18,"key":"Guardian:BlockOnCardUsePotion"},{"floor":19,"key":"SkillPotion"}],"is_trial":false,"path_per_floor":["M","M","?","M","M","R","M","E","MIM","E","R","R","M","?","R","B",null,"M","M","M","$","?","NM"],"character_chosen":"IRONCLAD","items_purchased":["Fire Breathing+1","sneckomod:BlankCard","beaked:ShinyBauble","Replay:Ringing Soul","ReplayTheSpireMod:Lightbulb"],"campfire_rested":2,"item_purchase_floors":[21,21,21,21,21],"current_hp_per_floor":[80,60,60,58,57,57,46,25,29,26,50,74,77,77,77,41,80,75,44,25,25,25,0,0],"gold":24,"neow_bonus":"THREE_CARDS","is_daily":false,"chose_seed":false,"campfire_upgraded":1,"win_rate":0.0,"timestamp":1608339961,"path_taken":["M","M","?","M","?","R","?","E","MIM","E","R","R","M","?","R","BOSS","M","M","M","$","?","NM"],"items_purchased_type":["Card","Relic","Relic","Relic","Relic"],"build_version":"2020-12-13","purchased_purges":0,"victory":false,"max_hp_per_floor":[80,80,80,80,80,80,80,80,80,80,80,80,80,80,80,80,80,80,80,80,80,80,80,80],"card_choices":[{"not_picked":["Cleave","Sword Boomerang"],"picked":"ReplayReversal","floor":0},{"not_picked":["ReplayReversal+1","Anger+1"],"picked":"Hemokinesis+1","floor":1},{"not_picked":["Armaments+1","ReplayTheSpireMod:Strike From Hell+1"],"picked":"Rupture+1","floor":2},{"not_picked":["Clothesline+1","Warcry+1"],"picked":"Rampage+1","floor":4},{"not_picked":["True Grit+1","conspire:ExplosiveBarrier+1"],"picked":"ReplayTheSpireMod:LeadingStrike+1","floor":5},{"not_picked":["Replay:Many Hands+1","Abandon+1","Warcry+1"],"picked":"SKIP","floor":7},{"not_picked":["DemoMod:WhiteBlade+1","Flame Barrier+1"],"picked":"Flex+1","floor":8},{"not_picked":["Warcry+1","Perfected Strike+1"],"picked":"Headbutt+1","floor":9},{"not_picked":["conspire:HitWhereItHurts+1","Metallicize+1"],"picked":"Clash+1","floor":10},{"not_picked":["Twin Strike+1","ReplayTheSpireMod:Strike From Hell+1"],"picked":"hubris:CleavingFinish+1","floor":13},{"not_picked":["Barricade+1","hubris:StunningStrike+1"],"picked":"Berserk+1","floor":16},{"not_picked":["Dropkick+1","True Grit+1"],"picked":"Blood for Blood+1","floor":18},{"not_picked":["Clothesline+1","Pommel Strike+1"],"picked":"Sword Boomerang+1","floor":19},{"not_picked":["Feel No Pain+1","Entrench+1"],"picked":"Intimidate+1","floor":20}],"player_experience":778207,"relics_obtained":[{"floor":8,"key":"Paper Frog"},{"floor":8,"key":"DemoMod:WeirdEgg"},{"floor":9,"key":"hubris:ToyBattleship"},{"floor":10,"key":"Art of War"},{"floor":10,"key":"potionbrewer:MortarAndPestle"}],"event_choices":[{"cards_removed":["Strike_R"],"damage_healed":0,"gold_gain":0,"player_choice":"Card Removal","damage_taken":0,"max_hp_gain":0,"max_hp_loss":0,"event_name":"Wheel of Change","floor":3,"gold_loss":0},{"damage_healed":0,"gold_gain":0,"player_choice":"Leave","damage_taken":0,"max_hp_gain":0,"max_hp_loss":0,"event_name":"The Cleric","floor":14,"gold_loss":0}],"is_beta":false,"boss_relics":[{"not_picked":["Replay:Ancient Bell","halation:HeavySnake"],"picked":"Runic Cube"}],"items_purged_floors":[],"is_endless":false,"potions_floor_spawned":[2,5,13,18,19],"killed_by":"Nightmare","ascension_level":0}}