{"host":"9ndbo4kgsfoemf7y","time":1608369162,"event":{"mods":["AchievementEnabler","BaseMod","Colored Map","DeckTracker","Keyboard Shortcuts","Minty Spire (QoL Compilation)","Permanent Neow","Quick Restart","Relic Stats","StSLib","SuperFastMode"],"gold_per_floor":[119,139,155,169,179,214,214,242,242,242,261,261,272,272,272,272,272],"floor_reached":16,"playtime":359,"items_purged":[],"score":217,"play_id":"43f6823b-2026-46f2-a03a-8bd14375d77c","local_time":"20201219181242","is_ascension_mode":true,"campfire_choices":[{"data":"Flame Barrier","floor":7,"key":"SMITH"},{"data":"Dark Embrace","floor":10,"key":"SMITH"},{"data":"Bash","floor":12,"key":"SMITH"},{"floor":15,"key":"REST"}],"circlet_count":0,"master_deck":["AscendersBane","Strike_R","Strike_R","Strike_R","Strike_R","Strike_R","Defend_R","Defend_R","Defend_R","Defend_R","Bash+1","Carnage","Flame Barrier+1","Cleave","Pommel Strike","Twin Strike","Dark Embrace+1","Inflame"],"relics":["Burning Blood","NeowsBlessing","StoneCalendar","Toxic Egg 2","Eternal Feather","CultistMask"],"acts_visited":["Exordium"],"potions_floor_usage":[1,6,8,16],"damage_taken":[{"damage":0,"enemies":"Cultist","floor":1,"turns":1},{"damage":0,"enemies":"Small Slimes","floor":2,"turns":1},{"damage":0,"enemies":"Jaw Worm","floor":3,"turns":1},{"damage":5,"enemies":"3 Louse","floor":4,"turns":4},{"damage":16,"enemies":"Lots of Slimes","floor":5,"turns":4},{"damage":11,"enemies":"Gremlin Nob","floor":6,"turns":4},{"damage":15,"enemies":"3 Sentries","floor":8,"turns":6},{"damage":30,"enemies":"Exordium Thugs","floor":11,"turns":5},{"damage":31,"enemies":"Large Slime","floor":13,"turns":4},{"damage":67,"enemies":"The Guardian","floor":16,"turns":10}],"seed_played":"6556002304045691230","potions_obtained":[{"floor":1,"key":"EntropicBrew"},{"floor":5,"key":"ColorlessPotion"},{"floor":6,"key":"DistilledChaos"},{"floor":13,"key":"Explosive Potion"}],"is_trial":false,"path_per_floor":["M","M","M","M","M","E","R","E","T","R","M","R","M","?","R","B"],"character_chosen":"IRONCLAD","items_purchased":[],"campfire_rested":1,"item_purchase_floors":[],"current_hp_per_floor":[74,75,75,75,65,60,60,51,51,60,36,45,20,20,51,0,0],"gold":272,"neow_bonus":"THREE_ENEMY_KILL","is_daily":false,"chose_seed":false,"campfire_upgraded":3,"win_rate":0.0,"timestamp":1608369162,"path_taken":["M","?","M","M","M","E","R","E","T","R","M","R","M","?","R","BOSS"],"items_purchased_type":[],"build_version":"2020-12-13","purchased_purges":0,"victory":false,"max_hp_per_floor":[75,75,75,75,75,75,75,75,75,75,75,75,75,75,75,75,75],"relic_stats":{"counters":[10,40],"StoneCalendar":[32],"Eternal Feather":27,"obtain_stats":[{"NeowsBlessing":0,"StoneCalendar":6,"Eternal Feather":9,"CultistMask":14,"Toxic Egg 2":8,"Burning Blood":0},{"NeowsBlessing":0,"StoneCalendar":6,"Eternal Feather":7,"CultistMask":9,"Toxic Egg 2":7,"Burning Blood":0},{"NeowsBlessing":0,"StoneCalendar":15,"Eternal Feather":21,"CultistMask":30,"Toxic Egg 2":21,"Burning Blood":0}],"Burning Blood":42},"card_choices":[{"not_picked":["Wild Strike","Body Slam"],"picked":"Carnage","floor":1},{"not_picked":["Wild Strike","Spot Weakness"],"picked":"Flame Barrier","floor":2},{"not_picked":["Warcry","Hemokinesis"],"picked":"Cleave","floor":3},{"not_picked":["Cleave","Sentinel"],"picked":"Pommel Strike","floor":4},{"not_picked":["Clothesline","Pommel Strike"],"picked":"Twin Strike","floor":5},{"not_picked":["Rupture","True Grit","Sever Soul"],"picked":"SKIP","floor":6},{"not_picked":["Cleave","Wild Strike"],"picked":"Dark Embrace","floor":8},{"not_picked":["Clash","Dark Embrace"],"picked":"Inflame","floor":11},{"not_picked":["Warcry+1","Disarm+1","Havoc+1"],"picked":"SKIP","floor":13}],"player_experience":709321,"relics_obtained":[{"floor":6,"key":"StoneCalendar"},{"floor":8,"key":"Toxic Egg 2"},{"floor":9,"key":"Eternal Feather"}],"event_choices":[{"damage_healed":0,"gold_gain":0,"player_choice":"Trade","damage_taken":0,"relics_obtained":["CultistMask"],"max_hp_gain":0,"max_hp_loss":0,"event_name":"FaceTrader","floor":14,"gold_loss":0}],"is_beta":false,"boss_relics":[],"items_purged_floors":[],"is_endless":false,"potions_floor_spawned":[1,5,6,13],"killed_by":"The Guardian","ascension_level":18}}