{"host":"v0n6ky7dmveherv3","time":1608399331,"event":{"mods":["BaseMod","Better Third Choice","Downfall","Minty Spire (QoL Compilation)","StSLib"],"gold_per_floor":[0,32,92,92,92,109,109,136,136,469,481,481,481,481,499,499,499],"floor_reached":16,"playtime":900,"items_purged":[],"score":174,"play_id":"f1507090-80ca-4be0-b24f-5840fa8adc69","local_time":"20201219103531","is_ascension_mode":true,"campfire_choices":[{"data":"champ:StrikeOfGenius","floor":1.0,"key":"SMITH"},{"floor":5.0,"key":"REST"},{"floor":9.0,"key":"REST"}],"circlet_count":0,"master_deck":["champ:Strike","champ:Strike","champ:Defend","champ:Defend","champ:Defend","champ:Execute","champ:Taunt","champ:Riposte","champ:StrikeOfGenius+1","champ:ShieldWall","champ:PerfectedStrike","champ:BladeFlurry","champ:RisingSlash","champ:Control","Vault"],"relics":["champ:ChampionCrown","Bag of Preparation","Art of War","PreservedInsect","Regal Pillow","Old Coin","Happy Flower","Pear"],"acts_visited":["Exordium"],"potions_floor_usage":[],"damage_taken":[{"damage":23.0,"enemies":"Lagavulin","floor":2.0,"turns":8.0},{"damage":49.0,"enemies":"Lagavulin Event","floor":3.0,"turns":6.0},{"damage":10.0,"enemies":"Small Slimes","floor":6.0,"turns":4.0},{"damage":8.0,"enemies":"Gremlin Nob","floor":8.0,"turns":3.0},{"damage":39,"enemies":"3 Sentries","floor":10,"turns":5},{"damage":17,"enemies":"Jaw Worm","floor":11,"turns":3},{"damage":1,"enemies":"Cultist","floor":15,"turns":3},{"damage":56,"enemies":"downfall:Defect","floor":16,"turns":7}],"seed_played":"-2611205154543414616","potions_obtained":[{"floor":2.0,"key":"Weak Potion"},{"floor":8.0,"key":"Block Potion"},{"floor":10,"key":"SmokeBomb"}],"is_trial":false,"path_per_floor":["R","E","?","?","R","M","T","E","R","E","M","?","T","?","M","B"],"character_chosen":"THE_CHAMP","items_purchased":[],"campfire_rested":2,"item_purchase_floors":[],"current_hp_per_floor":[90,83,47,12,39,34,34,26,68,46,43,38,48,48,47,0,0],"gold":499,"neow_bonus":"TRANSFORM_TWO_CARDS","is_daily":false,"chose_seed":false,"campfire_upgraded":1,"win_rate":0.0,"timestamp":1608399331,"path_taken":["R","E","?","?","R","M","T","E","R","E","?","?","?","?","M","BOSS"],"items_purchased_type":[],"build_version":"2020-12-13","purchased_purges":0,"victory":false,"max_hp_per_floor":[90,90,90,90,90,90,90,90,90,90,90,90,100,100,100,100,100],"card_choices":[{"not_picked":["champ:PreciseThrust","champ:Circumvent"],"picked":"champ:ShieldWall","floor":2.0},{"not_picked":["champ:BringItOn","champ:EnGarde"],"picked":"champ:PerfectedStrike","floor":3.0},{"not_picked":["champ:FanOfKnives","champ:BringItOn"],"picked":"champ:BladeFlurry","floor":6.0},{"not_picked":["champ:Haymaker","champ:Circumvent"],"picked":"champ:RisingSlash","floor":8.0},{"not_picked":["champ:DefensiveShout","champ:SkillfulDodge","champ:BerserkersShout"],"picked":"SKIP","floor":10},{"not_picked":["champ:BerserkerStyle","champ:FalseCounter"],"picked":"champ:Control","floor":11},{"not_picked":["champ:PreciseThrust","champ:DefensiveShout","champ:BerserkersShout"],"picked":"SKIP","floor":15}],"player_experience":92154,"relics_obtained":[{"floor":2.0,"key":"Bag of Preparation"},{"floor":3.0,"key":"Art of War"},{"floor":7.0,"key":"PreservedInsect"},{"floor":8.0,"key":"Regal Pillow"},{"floor":10,"key":"Old Coin"},{"floor":13,"key":"Pear"}],"event_choices":[],"is_beta":false,"boss_relics":[],"items_purged_floors":[],"is_endless":false,"potions_floor_spawned":[2,8,10],"killed_by":"downfall:Defect","ascension_level":1}}