{"host":"y76clbnovzmw9ubx","time":1608416617,"event":{"mods":["AchievementEnabler","BaseMod","Minty Spire (QoL Compilation)","Permanent Neow","Relic Stats"],"gold_per_floor":[115,115,135,135,84,84,119,142,191,210,210,247,247,260,260,342,342,366,381,408,333,350,350,371,371,371],"floor_reached":25,"playtime":1628,"items_purged":[],"score":430,"play_id":"b1e395b1-9310-4331-bcba-075db4190507","local_time":"20201219172337","is_ascension_mode":true,"campfire_choices":[{"data":"Gash","floor":6,"key":"SMITH"},{"data":"Gash","floor":11,"key":"SMITH"},{"data":"Scrape","floor":13,"key":"SMITH"},{"data":"Beam Cell","floor":15,"key":"SMITH"},{"floor":23,"key":"REST"}],"circlet_count":0,"master_deck":["AscendersBane","Dualcast","Leap","BootSequence","Heatsinks","Rip and Tear","Self Repair","Core Surge","Scrape+1","Hologram","Undo","Beam Cell+1","Zap","Gash+1","Gash+1","Capacitor","Skim","Glacier","Electrodynamics","Beam Cell","Gash","Cold Snap"],"relics":["Pandora\u0027s Box","CeramicFish","Regal Pillow","Ancient Tea Set","Runic Pyramid"],"acts_visited":["Exordium","TheCity"],"potions_floor_usage":[16,22],"damage_taken":[{"damage":3,"enemies":"2 Louse","floor":1,"turns":3},{"damage":0,"enemies":"Cultist","floor":3,"turns":3},{"damage":7,"enemies":"Lagavulin","floor":7,"turns":5},{"damage":8,"enemies":"Small Slimes","floor":8,"turns":2},{"damage":1,"enemies":"Exordium Thugs","floor":10,"turns":3},{"damage":24,"enemies":"Gremlin Nob","floor":12,"turns":4},{"damage":0,"enemies":"Exordium Wildlife","floor":14,"turns":4},{"damage":65,"enemies":"Slime Boss","floor":16,"turns":9},{"damage":3,"enemies":"Spheric Guardian","floor":18,"turns":5},{"damage":11,"enemies":"3 Byrds","floor":19,"turns":5},{"damage":16,"enemies":"Centurion and Healer","floor":20,"turns":6},{"damage":35,"enemies":"Snake Plant","floor":22,"turns":4},{"damage":21,"enemies":"3 Cultists","floor":24,"turns":5},{"damage":39,"enemies":"Book of Stabbing","floor":25,"turns":4}],"seed_played":"-4709804465666120172","potions_obtained":[{"floor":3,"key":"Dexterity Potion"},{"floor":4,"key":"Regen Potion"},{"floor":12,"key":"AttackPotion"},{"floor":19,"key":"CultistPotion"}],"is_trial":false,"path_per_floor":["M","?","M","?","$","R","E","M","T","M","R","E","R","M","R","B",null,"M","M","M","?","M","R","M","E"],"character_chosen":"DEFECT","items_purchased":["Gash"],"campfire_rested":1,"item_purchase_floors":[5],"current_hp_per_floor":[68,68,71,71,71,71,71,70,70,71,71,54,54,61,61,16,57,61,50,41,41,13,49,35,0,0],"gold":371,"neow_bonus":"BOSS_RELIC","is_daily":false,"chose_seed":false,"campfire_upgraded":4,"win_rate":0.0,"timestamp":1608416617,"path_taken":["M","?","?","?","$","R","E","M","T","M","R","E","R","M","R","BOSS","M","M","M","?","M","R","M","E"],"items_purchased_type":["Card"],"build_version":"2020-12-13","purchased_purges":0,"victory":false,"max_hp_per_floor":[71,71,71,71,71,71,71,71,71,71,71,71,71,71,71,71,71,71,71,71,71,71,71,71,71,71],"relic_stats":{"Regal Pillow":15,"counters":[14,62],"CeramicFish":72,"Pandora\u0027s Box":["Leap","BootSequence","Heatsinks","Rip and Tear","Self Repair","Core Surge","Scrape","Hologram"],"obtain_stats":[{"Regal Pillow":9,"CeramicFish":7,"Pandora\u0027s Box":0,"Cracked Core":0,"Ancient Tea Set":12,"Runic Pyramid":17},{"Regal Pillow":4,"CeramicFish":3,"Pandora\u0027s Box":0,"Cracked Core":0,"Ancient Tea Set":6,"Runic Pyramid":8},{"Regal Pillow":13,"CeramicFish":11,"Pandora\u0027s Box":0,"Cracked Core":0,"Ancient Tea Set":20,"Runic Pyramid":33}]},"card_choices":[{"not_picked":["Coolheaded","Streamline"],"picked":"Undo","floor":1},{"not_picked":["Leap","Coolheaded","Tempest"],"picked":"SKIP","floor":3},{"not_picked":["Sweeping Beam","Turbo"],"picked":"Gash","floor":7},{"not_picked":["Rebound","Conserve Battery"],"picked":"Capacitor","floor":8},{"not_picked":["Redo","Barrage"],"picked":"Skim","floor":10},{"not_picked":["Streamline","All For One"],"picked":"Glacier","floor":12},{"not_picked":["Consume","Hologram","Compile Driver"],"picked":"SKIP","floor":14},{"not_picked":["Meteor Strike","Biased Cognition"],"picked":"Electrodynamics","floor":16},{"not_picked":["Compile Driver+1","Cold Snap"],"picked":"Beam Cell","floor":18},{"not_picked":["Genetic Algorithm","Self Repair","Tempest+1"],"picked":"SKIP","floor":19},{"not_picked":["Rebound","Darkness"],"picked":"Gash","floor":20},{"not_picked":["Loop","Compile Driver+1","Amplify"],"picked":"SKIP","floor":22},{"not_picked":["Loop","Skim"],"picked":"Cold Snap","floor":24}],"player_experience":2915854,"relics_obtained":[{"floor":7,"key":"CeramicFish"},{"floor":9,"key":"Regal Pillow"},{"floor":12,"key":"Ancient Tea Set"}],"event_choices":[{"damage_healed":0,"gold_gain":0,"player_choice":"2 cards matched","damage_taken":0,"max_hp_gain":0,"max_hp_loss":0,"event_name":"Match and Keep!","floor":2,"gold_loss":0,"cards_obtained":["Beam Cell","Zap"]},{"damage_healed":0,"gold_gain":0,"player_choice":"Got Potions","damage_taken":0,"max_hp_gain":0,"max_hp_loss":0,"event_name":"Lab","floor":4,"gold_loss":0},{"cards_removed":["Zap"],"damage_healed":0,"gold_gain":0,"player_choice":"Gave Gold","damage_taken":0,"max_hp_gain":0,"max_hp_loss":0,"event_name":"Beggar","floor":21,"gold_loss":75}],"is_beta":false,"boss_relics":[{"not_picked":["Cursed Key","Tiny House"],"picked":"Runic Pyramid"}],"items_purged_floors":[],"is_endless":false,"potions_floor_spawned":[3,7,12,14,19,20],"killed_by":"Book of Stabbing","ascension_level":20}}