{"host":"xodzlm10r37577ou","time":1608354290,"event":{"mods":["Act Like it!","BaseMod","Gensokyo","Koishi","KomeijiMod","Marisa£®ÏF”Í°°ƒß¿Ì…≥£©","Minty Spire (QoL Compilation)","Reimu£®≤©¿ˆ¡È√Œ£©","Remilia£®¿Ÿ√◊¿Ú—«£©","Replay The Spire","StSLib","The Administrix","The Servant 0.9.4","Youmu£®ªÍ∆«—˝√Œ£©"],"gold_per_floor":[117,117,127,127,139,139,164,164,164,199,199,226,226,241,241,341,341,354,354,364,378,398,431,323,323,323,358,371,371,286,313,313,414,414,432,432,29,41,41,70,70,95,121,121,136,154,154,154,154,129],"floor_reached":51,"playtime":4802,"items_purged":["Koishi:BasicDefend"],"score":894,"play_id":"cf81beea-cb17-4184-bd1e-0a9fcfcd8ccb","local_time":"20201219130449","is_ascension_mode":true,"campfire_choices":[{"data":"Koishi:LastRemote","floor":6.0,"key":"SMITH"},{"data":"Koishi:IdleWhim","floor":11.0,"key":"SMITH"},{"data":"Koishi:SprinkleStarAndHeart","floor":13.0,"key":"SMITH"},{"data":"Koishi:LastRemote","floor":15.0,"key":"SMITH"},{"data":"Koishi:SubconsciousSweep","floor":25.0,"key":"SMITH"},{"data":"Koishi:SuperEgo","floor":32,"key":"SMITH"},{"data":"Koishi:RuptureMind","floor":44,"key":"SMITH"},{"data":"Koishi:UnansweredLove","floor":47,"key":"SMITH"},{"data":"Koishi:BasicDefend","floor":49,"key":"SMITH"}],"circlet_count":0,"master_deck":["Koishi:BasicStrike","Koishi:BasicStrike","Koishi:BasicStrike","Koishi:BasicDefend+1","Koishi:BasicDefend","Koishi:BasicDefend","Koishi:Provoke+1","Koishi:HauntingSlash+1","Koishi:LastRemote+1","Koishi:LastRemote+1","Koishi:SprinkleStarAndHeart+1","Koishi:IdleWhim+1","Koishi:UnansweredLove+1","Koishi:ImGoingToCallYouNow+1","Koishi:HeartfeltFancy+1","Koishi:SuperEgo+1","Koishi:DanmakuParanoia+1","Koishi:EmbryosDream+1","Koishi:GeneticsOfTheUnconscious+1","Koishi:SubconsciousSweep+1","Koishi:BloodcurdlingScream+1","Koishi:SubconsciousSweep+1","Koishi:SubconsciousSweep+1","Pride","Koishi:RorschachInDanmaku+1","Koishi:RuptureMind+1","Koishi:SubconsciousSweep+1","Koishi:SubconsciousSweep+1","Madness+1","Madness+1","Koishi:ReflexRadar+1","Koishi:Untouchable+1"],"relics":["Koishi:ImaginaryFriend","NeowsBlessing","Meat on the Bone","Eternal Feather","Happy Flower","Toxic Egg 2","RedLine:ReiMu","Pet Ghost","StrikeDummy","Ancient Tea Set","GreatHeart","Darkstone Periapt","Replay:Baseball","Coffee Dripper","DollysMirror","Ornamental Fan","Replay:Mystery Machine","Regal Pillow","Gremlin Food"],"acts_visited":["Exordium","TheCity","TheBeyond"],"potions_floor_usage":[50,50,50],"damage_taken":[{"damage":0.0,"enemies":"Small Slimes","floor":1.0,"turns":1.0},{"damage":0.0,"enemies":"Cultist","floor":3.0,"turns":1.0},{"damage":0.0,"enemies":"Jaw Worm","floor":5.0,"turns":1.0},{"damage":17.0,"enemies":"3 Sentries","floor":7.0,"turns":12.0},{"damage":21.0,"enemies":"Gremlin Nob","floor":10.0,"turns":4.0},{"damage":11.0,"enemies":"3 Sentries","floor":12.0,"turns":7.0},{"damage":4.0,"enemies":"3 Louse","floor":14.0,"turns":2.0},{"damage":19.0,"enemies":"Slime Boss","floor":16.0,"turns":5.0},{"damage":17.0,"enemies":"Chosen","floor":18.0,"turns":5.0},{"damage":1.0,"enemies":"Spheric Guardian","floor":20.0,"turns":3.0},{"damage":5.0,"enemies":"Snecko","floor":21.0,"turns":10.0},{"damage":10.0,"enemies":"Centurion and Healer","floor":22.0,"turns":8.0},{"damage":36.0,"enemies":"Book of Stabbing","floor":23.0,"turns":10.0},{"damage":25,"enemies":"Slavers","floor":27,"turns":3},{"damage":0,"enemies":"Sentry and Sphere","floor":28,"turns":1},{"damage":0,"enemies":"Gremlin Leader","floor":31,"turns":4},{"damage":14,"enemies":"Pondfish","floor":33,"turns":9},{"damage":10,"enemies":"3 Shapes","floor":35,"turns":3},{"damage":12,"enemies":"Orb Walker","floor":38,"turns":2},{"damage":7,"enemies":"Reptomancer","floor":40,"turns":4},{"damage":11,"enemies":"Giant Head","floor":42,"turns":9},{"damage":5,"enemies":"3 Darklings","floor":45,"turns":2},{"damage":12,"enemies":"4 Shapes","floor":46,"turns":1},{"damage":37,"enemies":"Time Eater","floor":50,"turns":13}],"seed_played":"4287130400497645200","potions_obtained":[{"floor":1.0,"key":"PowerPotion"},{"floor":5.0,"key":"Fire Potion"},{"floor":7.0,"key":"GamblersBrew"},{"floor":16.0,"key":"Milkshake"},{"floor":18.0,"key":"Swift Potion"},{"floor":19.0,"key":"DistilledChaos"},{"floor":19.0,"key":"Fire Potion"},{"floor":23.0,"key":"LifebloodPotion"},{"floor":38,"key":"SkillPotion"}],"is_trial":false,"path_per_floor":["M","?","M","?","M","R","E","?","T","E","R","E","R","M","R","B",null,"M","?","M","M","M","E","$","R","T","E","M","?","?","E","R","B",null,"M","?","$","M","?","E","$","E","T","R","M","M","R","?","R","B",null],"character_chosen":"KOISHI","items_purchased":["Koishi:BloodcurdlingScream+1","DollysMirror","Ornamental Fan"],"campfire_rested":0,"item_purchase_floors":[24,37,37],"current_hp_per_floor":[60,60,60,60,60,60,48,48,48,31,37,40,49,60,60,60,60,60,60,60,60,60,45,45,57,57,32,32,32,32,49,60,60,60,50,50,50,45,37,49,49,60,60,60,55,43,60,60,60,40],"gold":129,"neow_bonus":"THREE_ENEMY_KILL","is_daily":false,"chose_seed":false,"campfire_upgraded":9,"win_rate":0.0,"timestamp":1608354289,"path_taken":["M","?","?","?","M","R","E","?","T","E","R","E","R","M","R","BOSS","M","?","?","M","M","E","$","R","T","E","M","?","?","E","R","BOSS","M","?","$","M","?","E","$","E","T","R","M","M","R","?","R","BOSS"],"items_purchased_type":["Card","Relic","Relic"],"build_version":"2020-12-13","purchased_purges":1,"victory":true,"max_hp_per_floor":[60,60,60,60,60,60,60,60,60,60,60,60,60,60,60,60,60,60,60,60,60,60,60,60,60,60,60,60,60,60,60,60,60,60,60,60,60,60,60,60,60,60,60,60,60,60,60,60,60,60],"card_choices":[{"not_picked":["Koishi:JumpScare","Koishi:HeartfeltFancy"],"picked":"Koishi:LastRemote","floor":1.0},{"not_picked":["Koishi:YoukaiPolygraph","Koishi:UnconsciousUrges"],"picked":"Koishi:LastRemote","floor":3.0},{"not_picked":["Koishi:PhantomBarrier","Koishi:PhilosophyOfTheDespised"],"picked":"Koishi:SprinkleStarAndHeart","floor":5.0},{"not_picked":["Koishi:SubconsciousSweep","Koishi:Prune"],"picked":"Koishi:IdleWhim","floor":7.0},{"not_picked":["Koishi:RacingHeart","Koishi:IdleWhim"],"picked":"Koishi:UnansweredLove","floor":10.0},{"not_picked":["Koishi:HeartfeltFancy+1","Koishi:FreudianInstinct"],"picked":"Koishi:ImGoingToCallYouNow+1","floor":12.0},{"not_picked":["Koishi:FidgetySnatcher","Koishi:ReflexRadar+1"],"picked":"Koishi:HeartfeltFancy+1","floor":14.0},{"not_picked":["Koishi:MindStellarRelief+1","Koishi:GrowingPain"],"picked":"Koishi:SuperEgo","floor":16.0},{"not_picked":["Koishi:SpiritedAway+1","Koishi:JumpScare+1"],"picked":"Koishi:DanmakuParanoia+1","floor":18.0},{"not_picked":["Koishi:BloodcurdlingScream+1","Koishi:HeartfeltFancy+1"],"picked":"Koishi:EmbryosDream+1","floor":20.0},{"not_picked":["Koishi:EmbryosDream+1","Koishi:LastRemote","Koishi:DreadfulBlow"],"picked":"SKIP","floor":21.0},{"not_picked":["Koishi:EmbryosDream+1","Koishi:LastRemote","Koishi:DreadfulBlow"],"picked":"SKIP","floor":21.0},{"not_picked":["Koishi:UnseenTerror","Koishi:DreadfulBlow"],"picked":"Koishi:GeneticsOfTheUnconscious+1","floor":22.0},{"not_picked":["Koishi:IdleWhim+1","Koishi:PhantomBarrier+1"],"picked":"Koishi:SubconsciousSweep","floor":23.0},{"not_picked":["Koishi:FreudianInstinct+1","Koishi:FleetingPhantom+1"],"picked":"Koishi:SubconsciousSweep+1","floor":27},{"not_picked":["Koishi:CatchAndRose+1","Koishi:FourthEye+1"],"picked":"Koishi:SubconsciousSweep+1","floor":28},{"not_picked":["Koishi:UnconsciousUprising+1","Koishi:MindNumbingTerror+1"],"picked":"Koishi:RorschachInDanmaku+1","floor":31},{"not_picked":["Koishi:MentalBreakdown","Koishi:SuperEgo"],"picked":"Koishi:RuptureMind","floor":33},{"not_picked":["Koishi:BloodcurdlingScream+1","Koishi:TremblingHands+1"],"picked":"Koishi:SubconsciousSweep+1","floor":35},{"not_picked":["Koishi:StingingMind","Koishi:TremblingHands","Koishi:ParalyzingFear+1"],"picked":"SKIP","floor":38},{"not_picked":["Koishi:HeartfeltFancy+1","Koishi:SprinkleStarAndHeart+1","Koishi:StingingMind"],"picked":"SKIP","floor":40},{"not_picked":["Koishi:HeartfeltFancy+1","Koishi:EmbersOfLove+1","Koishi:SubterraneanRose+1"],"picked":"SKIP","floor":42},{"not_picked":["Koishi:FreudianInstinct","Koishi:JumpScare+1"],"picked":"Koishi:ReflexRadar+1","floor":45},{"not_picked":["Koishi:Jaunt","Koishi:RacingHeart"],"picked":"Koishi:Untouchable+1","floor":46}],"player_experience":903946,"relics_obtained":[{"floor":7.0,"key":"Meat on the Bone"},{"floor":9.0,"key":"Eternal Feather"},{"floor":10.0,"key":"Happy Flower"},{"floor":12.0,"key":"Toxic Egg 2"},{"floor":23.0,"key":"Pet Ghost"},{"floor":26.0,"key":"StrikeDummy"},{"floor":27,"key":"Ancient Tea Set"},{"floor":31,"key":"Replay:Baseball"},{"floor":40,"key":"Replay:Mystery Machine"},{"floor":42,"key":"Regal Pillow"},{"floor":43,"key":"Gremlin Food"}],"event_choices":[{"damage_healed":0.0,"max_hp_gain":0.0,"max_hp_loss":0.0,"gold_gain":0.0,"event_name":"Accursed Blacksmith","player_choice":"Forge","floor":2.0,"gold_loss":0.0,"damage_taken":0.0,"cards_upgraded":["Koishi:HauntingSlash"]},{"damage_healed":0.0,"max_hp_gain":0.0,"max_hp_loss":0.0,"gold_gain":0.0,"event_name":"Liars Game","player_choice":"Ignored","floor":8.0,"gold_loss":0.0,"damage_taken":0.0},{"damage_healed":0.0,"max_hp_gain":0.0,"max_hp_loss":0.0,"gold_gain":0.0,"event_name":"Lab","player_choice":"Got Potions","floor":19.0,"gold_loss":0.0,"damage_taken":0.0},{"damage_healed":0,"gold_gain":0,"player_choice":"Obtained Relic","damage_taken":0,"relics_obtained":["Darkstone Periapt"],"max_hp_gain":0,"max_hp_loss":0,"event_name":"Addict","floor":30,"gold_loss":85},{"damage_healed":0,"gold_gain":0,"player_choice":"Ignored","damage_taken":0,"max_hp_gain":0,"max_hp_loss":0,"event_name":"Tomb of Lord Red Mask","floor":36,"gold_loss":0},{"damage_healed":0,"gold_gain":0,"player_choice":"Embrace Madness","damage_taken":8,"max_hp_gain":0,"max_hp_loss":0,"event_name":"Winding Halls","floor":39,"gold_loss":0,"cards_obtained":["Madness","Madness"]},{"damage_healed":0,"gold_gain":0,"player_choice":"Upgraded","damage_taken":0,"max_hp_gain":0,"max_hp_loss":0,"event_name":"Upgrade Shrine","floor":48,"gold_loss":0,"cards_upgraded":["Koishi:Provoke"]}],"is_beta":false,"boss_relics":[{"not_picked":["Ectoplasm","Replay:Ancient Bell"],"picked":"RedLine:ReiMu"},{"not_picked":["SlaversCollar","SacredBark"],"picked":"Coffee Dripper"}],"items_purged_floors":[24],"is_endless":false,"potions_floor_spawned":[1,5,7,16,18,20,22,23,38,42,46],"ascension_level":3}}