{"host":"sv2o2io561l6x04h","time":1608402218,"event":{"mods":["BaseMod","Bestiary","Better Altar","Better Match","Better Note","Better Sensory Stone","Colored Map","Conspire","Custom Start","DeckTracker","Highlight Path","Hubris","Minty Spire (QoL Compilation)","Replay The Spire","Shop Mod","StSLib","The Runesmith"],"gold_per_floor":[115,135,151,162,18,51,66,66,121,136,136,153,153,123,123,123,123],"floor_reached":16,"playtime":1067,"items_purged":["Runesmith:Defend_RS"],"score":104,"play_id":"5c98d160-bf46-4699-843b-2c61077fff1e","local_time":"20201219132338","is_ascension_mode":false,"campfire_choices":[{"floor":8.0,"key":"RECALL"},{"data":"Runesmith:Grindstone","floor":11.0,"key":"SMITH"},{"data":"Runesmith:CraftIncendium","floor":13.0,"key":"SMITH"},{"data":"Runesmith:Grindstone","floor":15,"key":"SMITH"}],"circlet_count":0,"master_deck":["Runesmith:Strike_RS","Runesmith:Strike_RS","Runesmith:Strike_RS","Runesmith:Strike_RS","Runesmith:Defend_RS","Runesmith:Defend_RS","Runesmith:Defend_RS","Runesmith:CraftFirestone","Runesmith:Fortify","Runesmith:Grindstone+1","Runesmith:PoweredAnvil","Runesmith:CraftProtectio","Runesmith:Grindstone+1","Runesmith:Reinforce","Runesmith:EarthShield","Runesmith:PoweredAnvil","Runesmith:CraftIncendium+1"],"relics":["Runesmith:BrokenRuby","NeowsBlessing","hubris:SlimyHat","Runesmith:AutoHammer"],"acts_visited":["Exordium"],"potions_floor_usage":[16],"damage_taken":[{"damage":0.0,"enemies":"Cultist","floor":1.0,"turns":1.0},{"damage":0.0,"enemies":"2 Louse","floor":2.0,"turns":2.0},{"damage":0.0,"enemies":"Small Slimes","floor":3.0,"turns":1.0},{"damage":0.0,"enemies":"Blue Slaver","floor":4.0,"turns":4.0},{"damage":38.0,"enemies":"3 Sentries","floor":6.0,"turns":13.0},{"damage":0.0,"enemies":"2 Fungi Beasts","floor":7.0,"turns":7.0},{"damage":1.0,"enemies":"3 Louse","floor":10.0,"turns":5.0},{"damage":5.0,"enemies":"Exordium Wildlife","floor":12.0,"turns":9.0},{"damage":8.0,"enemies":"Looter","floor":14.0,"turns":4.0},{"damage":21,"enemies":"Slime Boss","floor":16,"turns":6}],"seed_played":"-3303589300109246845","potions_obtained":[{"floor":2.0,"key":"Adrenaline Potion"},{"floor":3.0,"key":"Weak Potion"},{"floor":6.0,"key":"Death Potion"},{"floor":10.0,"key":"Adrenaline Potion"}],"is_trial":false,"path_per_floor":["M","M","M","M","$","E","M","R","T","M","R","M","R","M","R","B"],"character_chosen":"RUNESMITH_CLASS","items_purchased":["Runesmith:Reinforce"],"campfire_rested":0,"item_purchase_floors":[5],"current_hp_per_floor":[70,70,70,70,70,32,32,32,32,31,31,26,26,18,18,0,0],"gold":123,"neow_bonus":"THREE_ENEMY_KILL","is_daily":false,"chose_seed":false,"campfire_upgraded":3,"win_rate":0.0,"timestamp":1608402218,"path_taken":["M","M","?","M","$","E","M","R","T","?","R","M","R","M","R","BOSS"],"items_purchased_type":["Card"],"build_version":"2020-12-13","purchased_purges":1,"victory":false,"max_hp_per_floor":[70,70,70,70,70,70,70,70,70,70,70,70,70,70,70,70,70],"card_choices":[{"not_picked":["Runesmith:ChiselStab","Runesmith:FieryHammer"],"picked":"Runesmith:Grindstone","floor":1.0},{"not_picked":["Runesmith:Overpower","Runesmith:ElementalConversion"],"picked":"Runesmith:PoweredAnvil","floor":2.0},{"not_picked":["Runesmith:CraftReservo","Runesmith:StaticCage"],"picked":"Runesmith:CraftProtectio","floor":3.0},{"not_picked":["Runesmith:RuneHurl","Runesmith:ChiselStab"],"picked":"Runesmith:Grindstone","floor":4.0},{"not_picked":["Runesmith:StaticCage","Runesmith:CraftProtectio","Runesmith:Retool"],"picked":"SKIP","floor":6.0},{"not_picked":["Runesmith:Overpower","Runesmith:CraftProtectio"],"picked":"Runesmith:EarthShield","floor":7.0},{"not_picked":["Runesmith:ArcReactor","Runesmith:ShiftingStrike"],"picked":"Runesmith:PoweredAnvil","floor":10.0},{"not_picked":["Runesmith:Repurpose","Runesmith:GoWithTheFlow"],"picked":"Runesmith:CraftIncendium","floor":12.0},{"not_picked":["Runesmith:CraftMagma","Runesmith:Overpower","Runesmith:Retool"],"picked":"SKIP","floor":14.0}],"player_experience":201359,"relics_obtained":[{"floor":6.0,"key":"hubris:SlimyHat"},{"floor":9.0,"key":"Runesmith:AutoHammer"}],"event_choices":[],"is_beta":false,"boss_relics":[],"items_purged_floors":[5],"is_endless":false,"potions_floor_spawned":[2,3,6,10],"killed_by":"Slime Boss","ascension_level":0}}