{"host":"llpusn9usp8rznkj","time":1608412457,"event":{"mods":["2.2 Compatiblity","BaseMod","Colored Map","Colored Powertips","Conspire","Downfall","Hubris","Minty Spire (QoL Compilation)","Rare Cards Sparkle","Replay The Spire","StSLib","The Cursed"],"gold_per_floor":[116,116,166,184,203,203,219,219,219,219,219,236,236,236,236,236,236],"floor_reached":16,"playtime":453,"items_purged":[],"score":180,"play_id":"418d76e5-1200-42e7-9ac4-4b285525951b","local_time":"20201219161417","is_ascension_mode":true,"campfire_choices":[{"data":"Noxious Fumes","floor":6,"key":"SMITH"},{"data":"Infinite Blades","floor":8,"key":"SMITH"},{"data":"Prepared","floor":10,"key":"SMITH"},{"data":"Neutralize","floor":13,"key":"SMITH"},{"floor":15,"key":"REST"}],"circlet_count":0,"master_deck":["AscendersBane","Strike_G","Strike_G","Strike_G","Strike_G","Defend_G","Defend_G","Defend_G","Defend_G","Defend_G","Survivor","Neutralize+1","Blade Dance","Noxious Fumes+1","Infinite Blades+1","Prepared+1"],"relics":["Ring of the Snake","NeowsBlessing","ReplayTheSpireMod:Ring of Collecting","Ring of Greed","Golden Egg","Replay:Wax Seal","Counterbalance","hubris:TenFootPole"],"acts_visited":["Exordium"],"potions_floor_usage":[12],"damage_taken":[{"damage":0,"enemies":"Jaw Worm","floor":1,"turns":1},{"damage":0,"enemies":"2 Louse","floor":4,"turns":1},{"damage":0,"enemies":"Small Slimes","floor":5,"turns":1},{"damage":15,"enemies":"3 Louse","floor":7,"turns":5},{"damage":5,"enemies":"Large Slime","floor":12,"turns":6},{"damage":25,"enemies":"Slime Boss","floor":16,"turns":8}],"seed_played":"3018992331290675358","potions_obtained":[{"floor":4,"key":"LiquidBronze"},{"floor":5,"key":"SkillPotion"}],"is_trial":false,"path_per_floor":["M","?","?","M","M","R","M","R","T","R","?","M","R","?","R","B"],"character_chosen":"THE_SILENT","items_purchased":[],"campfire_rested":1,"item_purchase_floors":[],"current_hp_per_floor":[59,59,59,59,59,59,44,44,44,44,37,32,32,27,46,21,21],"gold":236,"neow_bonus":"THREE_ENEMY_KILL","is_daily":false,"chose_seed":false,"campfire_upgraded":4,"win_rate":0.0,"timestamp":1608412457,"path_taken":["M","?","?","M","M","R","M","R","T","R","?","M","R","?","R","BOSS"],"items_purchased_type":[],"build_version":"2020-12-13","purchased_purges":0,"victory":false,"max_hp_per_floor":[66,66,66,66,66,66,66,66,66,66,66,66,66,66,66,66,66],"card_choices":[{"not_picked":["Backflip","Flying Knee"],"picked":"Blade Dance","floor":1},{"not_picked":["Deadly Poison","Backflip"],"picked":"Noxious Fumes","floor":4},{"not_picked":["Dodge and Roll","Dagger Throw"],"picked":"Infinite Blades","floor":5},{"not_picked":["Deflect","Sneak Up"],"picked":"Prepared","floor":7},{"not_picked":["Poisoned Stab","Sneak Up","Choke"],"picked":"SKIP","floor":12}],"player_experience":1093565,"relics_obtained":[{"floor":3,"key":"ReplayTheSpireMod:Ring of Collecting"},{"floor":3,"key":"Ring of Greed"},{"floor":3,"key":"Golden Egg"},{"floor":3,"key":"Replay:Wax Seal"},{"floor":9,"key":"Counterbalance"}],"event_choices":[{"damage_healed":0,"gold_gain":0,"player_choice":"Disagree","damage_taken":0,"max_hp_gain":0,"max_hp_loss":0,"event_name":"conspire:LoneGhost","floor":2,"gold_loss":0},{"cards_removed":["Strike_G"],"damage_healed":0,"gold_gain":0,"player_choice":"Card Removal","damage_taken":7,"max_hp_gain":0,"max_hp_loss":0,"event_name":"Golden Wing","floor":11,"gold_loss":0},{"damage_healed":0,"gold_gain":0,"player_choice":"Success","damage_taken":5,"relics_obtained":["hubris:TenFootPole"],"max_hp_gain":0,"max_hp_loss":0,"event_name":"Scrap Ooze","floor":14,"gold_loss":0}],"is_beta":false,"boss_relics":[],"items_purged_floors":[],"is_endless":false,"potions_floor_spawned":[4,5,7],"killed_by":"Slime Boss","ascension_level":20}}