{"host":"640uue19m79c7wbt","time":1608357637,"event":{"mods":["BaseMod","Colored Map","Googly Eyes","Highlight Path","Minty Spire (QoL Compilation)","Quick Restart","StSLib"],"gold_per_floor":[117,117,0,175,175,175,200,200,200,234,245,51,51,126,126,231,231,245,20,20,31,44,44,73,73,73],"floor_reached":25,"playtime":696,"items_purged":["Doubt"],"score":413,"play_id":"dea195b8-a383-41e9-b00e-615f22540c1e","local_time":"20201219010037","is_ascension_mode":true,"campfire_choices":[{"data":"Choke","floor":6,"key":"SMITH"},{"data":"Noxious Fumes","floor":8,"key":"SMITH"},{"data":"Envenom","floor":13,"key":"SMITH"},{"floor":15,"key":"REST"},{"floor":23,"key":"RECALL"}],"circlet_count":0,"master_deck":["AscendersBane","Strike_G","Strike_G","Defend_G","Defend_G","Defend_G","Defend_G","Survivor","Neutralize","Cloak And Dagger+1","Choke+1","Noxious Fumes+1","Blade Dance","Envenom+1","Cloak And Dagger","Adrenaline","Blur+1","Masterful Stab+1","Infinite Blades+1","Cloak And Dagger+1","Caltrops+1","Flying Knee+1","Terror"],"relics":["Ring of the Snake","NeowsBlessing","Orichalcum","Paper Crane","WingedGreaves","Bag of Marbles","Astrolabe","Blood Vial","Happy Flower"],"acts_visited":["Exordium","TheCity"],"potions_floor_usage":[16,16,22,24],"damage_taken":[{"damage":0,"enemies":"Small Slimes","floor":1,"turns":1},{"damage":0,"enemies":"Lagavulin","floor":7,"turns":1},{"damage":0,"enemies":"3 Sentries","floor":10,"turns":1},{"damage":0,"enemies":"2 Louse","floor":11,"turns":2},{"damage":10,"enemies":"Slime Boss","floor":16,"turns":9},{"damage":2,"enemies":"3 Byrds","floor":18,"turns":4},{"damage":18,"enemies":"Shell Parasite","floor":21,"turns":5},{"damage":25,"enemies":"Snecko","floor":22,"turns":4},{"damage":29,"enemies":"Gremlin Leader","floor":24,"turns":6},{"damage":23,"enemies":"Centurion and Healer","floor":25,"turns":2}],"seed_played":"6870637978512087589","potions_obtained":[{"floor":7,"key":"Fire Potion"},{"floor":10,"key":"Regen Potion"},{"floor":21,"key":"Regen Potion"},{"floor":22,"key":"EssenceOfSteel"}],"is_trial":false,"path_per_floor":["M","?","$","?","?","R","E","R","T","E","M","$","R","?","R","B",null,"M","$","?","M","M","R","E","M"],"character_chosen":"THE_SILENT","items_purchased":["Choke","Noxious Fumes","Bag of Marbles","Cloak And Dagger","Blood Vial"],"campfire_rested":1,"item_purchase_floors":[3,3,12,12,19],"current_hp_per_floor":[63,51,51,51,51,51,51,51,51,51,51,51,51,40,61,61,68,66,66,66,50,41,41,14,0,0],"gold":73,"neow_bonus":"THREE_ENEMY_KILL","is_daily":false,"chose_seed":false,"campfire_upgraded":3,"win_rate":0.0,"timestamp":1608357637,"path_taken":["M","?","$","?","?","R","E","R","T","E","?","$","R","?","R","BOSS","M","$","?","M","M","R","E","?"],"items_purchased_type":["Card","Card","Relic","Card","Relic"],"build_version":"2020-12-13","purchased_purges":1,"victory":false,"max_hp_per_floor":[70,70,70,70,70,70,70,70,70,70,70,70,70,70,70,70,70,70,70,70,70,70,70,70,70,70],"card_choices":[{"not_picked":["Dodge and Roll","Endless Agony"],"picked":"Cloak And Dagger","floor":1},{"not_picked":["All Out Attack","Acrobatics","Sucker Punch"],"picked":"SKIP","floor":7},{"not_picked":["Deflect","Acrobatics"],"picked":"Blade Dance","floor":10},{"not_picked":["Backflip","Deadly Poison"],"picked":"Envenom","floor":11},{"not_picked":["Doppelganger","Grand Finale"],"picked":"Adrenaline","floor":16},{"not_picked":["Blade Dance","Sucker Punch"],"picked":"Cloak And Dagger+1","floor":18},{"not_picked":["Dagger Throw","Acrobatics"],"picked":"Caltrops+1","floor":21},{"not_picked":["Poisoned Stab","Dodge and Roll"],"picked":"Flying Knee+1","floor":22},{"not_picked":["Sucker Punch","Flechettes"],"picked":"Terror","floor":24}],"player_experience":1218400,"relics_obtained":[{"floor":7,"key":"Paper Crane"},{"floor":10,"key":"WingedGreaves"},{"floor":24,"key":"Happy Flower"}],"event_choices":[{"damage_healed":0,"gold_gain":0,"player_choice":"Success","damage_taken":12,"relics_obtained":["Orichalcum"],"max_hp_gain":0,"max_hp_loss":0,"event_name":"Scrap Ooze","floor":2,"gold_loss":0},{"damage_healed":0,"gold_gain":175,"player_choice":"AGREE","damage_taken":0,"max_hp_gain":0,"max_hp_loss":0,"event_name":"Liars Game","floor":4,"gold_loss":0,"cards_obtained":["Doubt"]},{"damage_healed":0,"gold_gain":0,"player_choice":"Upgraded","damage_taken":0,"max_hp_gain":0,"max_hp_loss":0,"event_name":"Upgrade Shrine","floor":5,"gold_loss":0,"cards_upgraded":["Cloak And Dagger"]},{"damage_healed":0,"gold_gain":75,"player_choice":"Gather Gold","damage_taken":11,"max_hp_gain":0,"max_hp_loss":0,"event_name":"World of Goop","floor":14,"gold_loss":0},{"cards_removed":["Strike_G"],"damage_healed":0,"gold_gain":0,"player_choice":"Purged","damage_taken":0,"max_hp_gain":0,"max_hp_loss":0,"event_name":"Purifier","floor":20,"gold_loss":0}],"is_beta":false,"boss_relics":[{"not_picked":["Sozu","Ring of the Serpent"],"picked":"Astrolabe"}],"items_purged_floors":[19],"is_endless":false,"potions_floor_spawned":[7,10,21,22],"killed_by":"Centurion and Healer","ascension_level":10}}