{"host":"x1qj4d8ympd5jdqh","time":1608380822,"event":{"mods":["AchievementEnabler","AlwaysNeverKeys","BaseMod","Colored Map","Custom Start","DeckTracker","Highlight Path","Minty Spire (QoL Compilation)","StSLib","SuperFastMode"],"gold_per_floor":[114,74,92,109,126,154,0,15,94,94,126,126,126,162,162,251,251,267,467,44,62,87,87,118,118,118,118,158,172,94,94,94,187,187,210,229,229,26,26,26,62,62,62,78,78,78],"floor_reached":45,"playtime":1193,"items_purged":["Strike_R","Strike_R","Strike_R"],"score":998,"play_id":"b0e46752-5bb8-4bca-b114-2ffaf23d4c81","local_time":"20201219212702","is_ascension_mode":true,"campfire_choices":[{"floor":10.0,"key":"REST"},{"floor":13.0,"key":"REST"},{"data":"Demon Form","floor":15.0,"key":"SMITH"},{"data":"Sword Boomerang","floor":23.0,"key":"SMITH"},{"floor":25.0,"key":"REST"},{"data":"Whirlwind","floor":27.0,"key":"SMITH"},{"data":"Dual Wield","floor":32,"key":"SMITH"},{"data":"Disarm","floor":40,"key":"SMITH"},{"floor":42,"key":"REST"}],"circlet_count":0,"master_deck":["AscendersBane","Defend_R","Defend_R","Defend_R","Defend_R","Bash","Demon Form+1","Pommel Strike","Sword Boomerang+1","Flame Barrier","Whirlwind+1","Anger","Reaper","Shrug It Off","Shrug It Off","Disarm+1","Dual Wield+1","Feed","Evolve"],"relics":["Burning Blood","Red Skull","Self Forming Clay","WingedGreaves","Golden Idol","Bronze Scales","Cursed Key","Happy Flower","ClockworkSouvenir","White Beast Statue","Lizard Tail","Empty Cage","StoneCalendar"],"acts_visited":["Exordium","TheCity","TheBeyond"],"potions_floor_usage":[33,35,36,41,45,45],"damage_taken":[{"damage":14.0,"enemies":"Jaw Worm","floor":1.0,"turns":4.0},{"damage":6.0,"enemies":"Cultist","floor":3.0,"turns":3.0},{"damage":4.0,"enemies":"2 Louse","floor":4.0,"turns":3.0},{"damage":13.0,"enemies":"Large Slime","floor":5.0,"turns":6.0},{"damage":56.0,"enemies":"Gremlin Nob","floor":6.0,"turns":5.0},{"damage":13.0,"enemies":"Gremlin Gang","floor":8.0,"turns":2.0},{"damage":20.0,"enemies":"Lagavulin","floor":11.0,"turns":6.0},{"damage":29.0,"enemies":"Gremlin Nob","floor":14.0,"turns":4.0},{"damage":13.0,"enemies":"Hexaghost","floor":16.0,"turns":5.0},{"damage":0.0,"enemies":"Chosen","floor":18.0,"turns":3.0},{"damage":14.0,"enemies":"Shell Parasite","floor":21.0,"turns":6.0},{"damage":25.0,"enemies":"3 Cultists","floor":22.0,"turns":4.0},{"damage":30.0,"enemies":"Gremlin Leader","floor":24.0,"turns":4.0},{"damage":24.0,"enemies":"Book of Stabbing","floor":28.0,"turns":5.0},{"damage":15.0,"enemies":"Centurion and Healer","floor":29.0,"turns":5.0},{"damage":9,"enemies":"Champ","floor":33,"turns":7},{"damage":0,"enemies":"3 Darklings","floor":35,"turns":2},{"damage":59,"enemies":"Orb Walker","floor":36,"turns":6},{"damage":41,"enemies":"Reptomancer","floor":41,"turns":5},{"damage":12,"enemies":"Spire Growth","floor":44,"turns":4},{"damage":58,"enemies":"Giant Head","floor":45,"turns":6}],"seed_played":"1213237379450778025","potions_obtained":[{"floor":2.0,"key":"FairyPotion"},{"floor":2.0,"key":"Fire Potion"},{"floor":14.0,"key":"DistilledChaos"},{"floor":21.0,"key":"ColorlessPotion"},{"floor":28.0,"key":"DuplicationPotion"},{"floor":29,"key":"BlessingOfTheForge"},{"floor":33,"key":"LiquidMemories"},{"floor":35,"key":"Weak Potion"},{"floor":36,"key":"Fruit Juice"},{"floor":41,"key":"Swift Potion"}],"is_trial":false,"path_per_floor":["M","?","M","M","M","E","$","M","T","R","E","?","R","E","R","B",null,"M","?","$","M","M","R","E","R","T","R","E","M","$","?","R","B",null,"M","M","?","$","?","R","E","R","T","M","E"],"character_chosen":"IRONCLAD","items_purchased":["Whirlwind","Happy Flower","ClockworkSouvenir","Dual Wield","GamblersBrew"],"campfire_rested":4,"item_purchase_floors":[7,20,20,30,38],"current_hp_per_floor":[60,60,60,62,55,28,28,21,21,43,29,29,49,26,26,19,56,68,68,68,60,41,41,17,37,37,37,19,24,24,24,24,68,68,68,46,46,46,46,46,11,31,31,25,29,29],"gold":78,"neow_bonus":"ONE_RANDOM_RARE_CARD","is_daily":false,"chose_seed":false,"campfire_upgraded":5,"win_rate":0.0,"timestamp":1608380822,"path_taken":["M","?","M","M","?","E","$","M","T","R","E","?","R","E","R","BOSS","M","?","$","M","M","R","E","R","T","R","E","?","$","?","R","BOSS","M","?","?","$","?","R","E","R","T","?","E"],"items_purchased_type":["Card","Relic","Relic","Card","Potion"],"build_version":"2020-12-13","purchased_purges":3,"victory":false,"max_hp_per_floor":[75,75,75,75,75,75,75,75,75,75,75,68,68,68,68,68,68,68,68,68,68,68,68,68,68,68,68,68,68,68,68,68,68,68,68,73,69,69,69,69,69,69,69,69,69,69],"card_choices":[{"not_picked":["Havoc","Warcry","Perfected Strike"],"picked":"SKIP","floor":1.0},{"not_picked":["Flex","Armaments","Warcry"],"picked":"SKIP","floor":3.0},{"not_picked":["Uppercut","Metallicize"],"picked":"Pommel Strike","floor":4.0},{"not_picked":["Pommel Strike","Rupture"],"picked":"Sword Boomerang","floor":5.0},{"not_picked":["Burning Pact","Rupture"],"picked":"Flame Barrier","floor":6.0},{"not_picked":["Sword Boomerang","Havoc","Iron Wave"],"picked":"SKIP","floor":8.0},{"not_picked":["Perfected Strike","Rampage","Infernal Blade"],"picked":"SKIP","floor":11.0},{"not_picked":["Perfected Strike","Rampage","Infernal Blade"],"picked":"SKIP","floor":11.0},{"not_picked":["Inflame","Shockwave"],"picked":"Anger","floor":14.0},{"not_picked":["Bludgeon","Corruption"],"picked":"Reaper","floor":16.0},{"not_picked":["Flex","Anger","Headbutt"],"picked":"SKIP","floor":18.0},{"not_picked":["Dropkick","Clash","Pommel Strike"],"picked":"SKIP","floor":21.0},{"not_picked":["Headbutt","Sever Soul"],"picked":"Shrug It Off","floor":22.0},{"not_picked":["Juggernaut","True Grit"],"picked":"Shrug It Off","floor":24.0},{"not_picked":["Burning Pact","Sentinel","Metallicize+1"],"picked":"SKIP","floor":28.0},{"not_picked":["Sentinel","Seeing Red"],"picked":"Disarm","floor":29},{"not_picked":["Demon Form","Corruption"],"picked":"Feed","floor":33},{"not_picked":["Shrug It Off","Bloodletting"],"picked":"Evolve","floor":35},{"not_picked":["Cleave","Wild Strike+1","Sentinel+1"],"picked":"SKIP","floor":36},{"not_picked":["Wild Strike","Pommel Strike","Uppercut"],"picked":"SKIP","floor":41},{"not_picked":["Sword Boomerang","Reckless Charge+1","Flex"],"picked":"SKIP","floor":44}],"player_experience":1241596,"relics_obtained":[{"floor":6.0,"key":"Red Skull"},{"floor":9.0,"key":"Self Forming Clay"},{"floor":11.0,"key":"WingedGreaves"},{"floor":14.0,"key":"Bronze Scales"},{"floor":24.0,"key":"White Beast Statue"},{"floor":28.0,"key":"Lizard Tail"},{"floor":41,"key":"StoneCalendar"}],"event_choices":[{"damage_healed":0.0,"max_hp_gain":0.0,"max_hp_loss":0.0,"gold_gain":0.0,"event_name":"The Woman in Blue","player_choice":"Bought 3 Potions","floor":2.0,"gold_loss":0.0,"damage_taken":0.0},{"damage_healed":0.0,"max_hp_gain":0.0,"max_hp_loss":7.0,"gold_gain":0.0,"event_name":"Golden Idol","player_choice":"Lose Max HP","floor":12.0,"gold_loss":0.0,"damage_taken":0.0,"relics_obtained":["Golden Idol"]},{"damage_healed":0.0,"max_hp_gain":0.0,"max_hp_loss":0.0,"gold_gain":250.0,"event_name":"The Joust","player_choice":"Bet on Owner","floor":19.0,"gold_loss":50.0,"damage_taken":0.0},{"damage_healed":0,"gold_gain":0,"player_choice":"Cursed","damage_taken":0,"max_hp_gain":0,"max_hp_loss":0,"event_name":"Wheel of Change","floor":31,"gold_loss":0,"cards_obtained":["Decay"]},{"damage_healed":0,"gold_gain":0,"player_choice":"Max HP","damage_taken":0,"max_hp_gain":0,"max_hp_loss":4,"event_name":"Winding Halls","floor":37,"gold_loss":0},{"cards_removed":["Strike_R"],"damage_healed":0,"gold_gain":0,"player_choice":"Offered Basic","damage_taken":0,"max_hp_gain":0,"max_hp_loss":0,"event_name":"Bonfire Elementals","floor":39,"gold_loss":0}],"is_beta":false,"boss_relics":[{"not_picked":["SacredBark","Runic Cube"],"picked":"Cursed Key"},{"not_picked":["Mark of Pain","Busted Crown"],"picked":"Empty Cage"}],"items_purged_floors":[7,20,38],"is_endless":false,"potions_floor_spawned":[3,4,14,21,28,29,33,35,36,41,44],"killed_by":"Giant Head","ascension_level":20}}