{"host":"ds3v42j7tpaaz1mg","time":1608344857,"event":{"mods":["AchievementEnabler","Aspiration","BaseMod","Bestiary","Better Altar","Better Note","Better Sensory Stone","BetterRewards","Block Reminder","Colored Powertips","Conspire","Downfall","Energized Spire","Halation","Hermit","Highlight Path","Hubris","Infinite Spire","Jorbs\u0027s Wanderer Trilogy","Minty Spire (QoL Compilation)","Relic Stats","Replay The Spire","StSLib","The Elementalist","The Servant 0.9.4","vexMod"],"gold_per_floor":[119,119,138,155,105,137,137,157,157,6,23,23,23,57,57,57,57],"floor_reached":16,"playtime":388,"items_purged":[],"score":154,"play_id":"25c9264e-b8dd-43c4-8597-4c93dc31d0e8","local_time":"20201218212737","is_ascension_mode":true,"campfire_choices":[{"floor":7.0,"key":"REST"},{"floor":13.0,"key":"REST"},{"floor":15,"key":"REST"}],"circlet_count":0,"master_deck":["Strike_B","Strike_B","Strike_B","Defend_B","Defend_B","Defend_B","Defend_B","Zap","Dualcast","Melter","Recycle","White Noise","Crystallizer+1","Panic Button","Reinforced Body"],"relics":["Cracked Core","NeowsBlessing","vexMod:RedPlottingStone","hubris:CrystalStatue","Replay:Antivirus Software","hubris:BallOfYels"],"acts_visited":["Exordium"],"potions_floor_usage":[14,16],"damage_taken":[{"damage":0.0,"enemies":"2 Louse","floor":1.0,"turns":1.0},{"damage":0.0,"enemies":"Cultist","floor":3.0,"turns":1.0},{"damage":0.0,"enemies":"conspire:RoseBush","floor":4.0,"turns":1.0},{"damage":47.0,"enemies":"Gremlin Nob","floor":6.0,"turns":5.0},{"damage":16.0,"enemies":"Blue Slaver","floor":8.0,"turns":4.0},{"damage":13.0,"enemies":"Red Slaver","floor":11.0,"turns":3.0},{"damage":30,"enemies":"Lagavulin","floor":14,"turns":5},{"damage":31,"enemies":"Slime Boss","floor":16,"turns":6}],"seed_played":"-1769015043846991879","potions_obtained":[{"floor":1.0,"key":"SpeedPotion"},{"floor":2.0,"key":"GamblersBrew"},{"floor":2.0,"key":"Languid Potion"},{"floor":11.0,"key":"Adrenaline Potion"},{"floor":14,"key":"Weak Potion"}],"is_trial":false,"path_per_floor":["M","?","M","M","?","E","R","M","T","$","M","?","R","E","R","B"],"character_chosen":"DEFECT","items_purchased":["Replay:Antivirus Software"],"campfire_rested":3,"item_purchase_floors":[10],"current_hp_per_floor":[68,68,68,68,68,21,43,27,27,27,14,14,36,6,28,0,0],"gold":57,"neow_bonus":"THREE_ENEMY_KILL","is_daily":false,"chose_seed":false,"campfire_upgraded":0,"win_rate":0.0,"timestamp":1608344857,"path_taken":["M","?","?","M","?","E","R","M","T","$","M","?","R","E","R","BOSS"],"items_purchased_type":["Relic"],"build_version":"2020-12-13","purchased_purges":0,"victory":false,"max_hp_per_floor":[75,75,75,75,75,75,75,75,75,75,75,75,75,75,75,75,75],"relic_stats":{"counters":[8,26],"obtain_stats":[{"hubris:BallOfYels":14,"hubris:CrystalStatue":9,"NeowsBlessing":0,"vexMod:RedPlottingStone":6,"Replay:Antivirus Software":10,"Cracked Core":0},{"hubris:BallOfYels":7,"hubris:CrystalStatue":5,"NeowsBlessing":0,"vexMod:RedPlottingStone":4,"Replay:Antivirus Software":5,"Cracked Core":0},{"hubris:BallOfYels":20,"hubris:CrystalStatue":12,"NeowsBlessing":0,"vexMod:RedPlottingStone":8,"Replay:Antivirus Software":12,"Cracked Core":0}]},"card_choices":[{"not_picked":["Coolheaded","Go for the Eyes"],"picked":"Melter","floor":1.0},{"not_picked":["Streamline","Redo"],"picked":"Recycle","floor":3.0},{"not_picked":["Steam","Lockon"],"picked":"White Noise","floor":4.0},{"not_picked":["aspiration:Polymerization","Go for the Eyes","Rebound"],"picked":"SKIP","floor":6.0},{"not_picked":["Hello World","Coolheaded"],"picked":"Crystallizer","floor":8.0},{"not_picked":["Beam Cell","conspire:Rain"],"picked":"Panic Button","floor":11.0},{"not_picked":["Darkness","ReplaySolidLightProjector"],"picked":"Reinforced Body","floor":14}],"player_experience":553023,"relics_obtained":[{"floor":6.0,"key":"vexMod:RedPlottingStone"},{"floor":9.0,"key":"hubris:CrystalStatue"},{"floor":14,"key":"hubris:BallOfYels"}],"event_choices":[{"damage_healed":0.0,"max_hp_gain":0.0,"max_hp_loss":0.0,"gold_gain":0.0,"event_name":"Lab","player_choice":"Got Potions","floor":2.0,"gold_loss":0.0,"damage_taken":0.0},{"cards_removed":["Strike_B"],"damage_healed":0.0,"max_hp_gain":0.0,"max_hp_loss":0.0,"gold_gain":0.0,"event_name":"The Cleric","player_choice":"Card Removal","floor":5.0,"gold_loss":50.0,"damage_taken":0.0},{"damage_healed":0.0,"max_hp_gain":0.0,"max_hp_loss":0.0,"gold_gain":0.0,"event_name":"Upgrade Shrine","player_choice":"Upgraded","floor":12.0,"gold_loss":0.0,"damage_taken":0.0,"cards_upgraded":["Crystallizer"]}],"is_beta":false,"boss_relics":[],"items_purged_floors":[],"is_endless":false,"potions_floor_spawned":[1,11,14],"killed_by":"Slime Boss","ascension_level":8}}