{"host":"s0d2u711fzg2n3il","time":1608397124,"event":{"mods":["2.2 Compatiblity","AchievementEnabler","Act Like it!","Aspiration","BaseMod","BetterRewards","Block Reminder","Conspire","Downfall","Duelist Mod","Ekko","GifTheSpireLib","Hermit","Hubris","JesterMod","Minty Spire (QoL Compilation)","Rare Cards Sparkle","Replay The Spire","Shade Mod","Somnambulant","StSLib","The Bug Knight","The Construct","The Cursed","The Death Knight","The Disciple","The Hierophant","The Necromancer","The Runesmith","The Valiant","TheVacant","vexMod"],"gold_per_floor":[61,74,92,107,121,152,165,165,165,192,251,251,251,261,261,365,365,347,60,79,79,90,90,115,128,154,154,171,171,171,190,190,190,190],"floor_reached":33,"playtime":3876,"items_purged":[],"score":306,"play_id":"ff99d2e2-f0fa-4c65-834f-b142b8dd4cec","local_time":"20201219175844","is_ascension_mode":false,"campfire_choices":[{"data":"Overburn","floor":8,"key":"SMITH"},{"floor":13,"key":"REST"},{"floor":15,"key":"REST"},{"floor":23,"key":"REST"},{"floor":27,"key":"REST"},{"floor":29,"key":"REST"},{"floor":32,"key":"REST"}],"circlet_count":0,"master_deck":["Strike_Valiant","Strike_Valiant","Strike_Valiant","Strike_Valiant","Strike_Valiant","Defend_Valiant","Defend_Valiant","Defend_Valiant","Defend_Valiant","BlindingLight","MinorHealing","MinorHealing","TakeAim","Quickstep","Sharpen","ArchangelsBoon","Overburn+1","ZealousSmite","ReduceToNothing","FinalGambit","WideSmite","Bombastic","SoulStrain+1","FlashOfAnger+1","AuraDischarge"],"relics":["Cross Pendant","NeowsBlessing","hubris:MysteriousPyramids","Pantograph","conspire:GiftBox","Juzu Bracelet","conspire:SpecialSausage","conspire:InfiniteJournal","Nloth\u0027s Gift","aspiration:FrozenJewel","vexMod:MemoryStick"],"acts_visited":["Exordium","TheCity"],"potions_floor_usage":[6,11,16,16,33,33],"damage_taken":[{"damage":0,"enemies":"Cultist","floor":1,"turns":1},{"damage":0,"enemies":"2 Louse","floor":2,"turns":1},{"damage":0,"enemies":"Jaw Worm","floor":3,"turns":1},{"damage":9,"enemies":"2 Fungi Beasts","floor":4,"turns":6},{"damage":8,"enemies":"Lots of Slimes","floor":5,"turns":5},{"damage":38,"enemies":"Gremlin Nob","floor":6,"turns":6},{"damage":4,"enemies":"Red Slaver","floor":7,"turns":4},{"damage":33,"enemies":"Lagavulin","floor":10,"turns":8},{"damage":27,"enemies":"Lagavulin Event","floor":11,"turns":6},{"damage":19,"enemies":"3 Louse","floor":14,"turns":6},{"damage":85,"enemies":"Slime Boss","floor":16,"turns":10},{"damage":27,"enemies":"2 Thieves","floor":18,"turns":4},{"damage":22,"enemies":"Snecko","floor":20,"turns":6},{"damage":60,"enemies":"Snake Plant","floor":22,"turns":4},{"damage":40,"enemies":"theDuelist:KaibaA2","floor":24,"turns":2},{"damage":52,"enemies":"3 Cultists","floor":25,"turns":6},{"damage":36,"enemies":"Centurion and Healer","floor":28,"turns":7},{"damage":24,"enemies":"Snecko","floor":31,"turns":6},{"damage":129,"enemies":"Champ","floor":33,"turns":16}],"seed_played":"2916169888464780249","potions_obtained":[{"floor":2,"key":"AttackPotion"},{"floor":6,"key":"PowerPotion"},{"floor":7,"key":"PowerPotion"},{"floor":10,"key":"Dexterity Potion"},{"floor":24,"key":"FairyPotion"},{"floor":28,"key":"champ:CounterPotion"},{"floor":31,"key":"Weak Potion"}],"is_trial":false,"path_per_floor":["M","M","M","M","M","E","M","R","T","E","?","T","R","M","R","B",null,"M","$","M","?","M","R","E","M","T","R","M","R","?","M","R","B"],"character_chosen":"TheValiant","items_purchased":["conspire:InfiniteJournal"],"campfire_rested":6,"item_purchase_floors":[19],"current_hp_per_floor":[100,100,100,91,95,62,70,70,70,49,34,34,64,57,87,27,100,79,79,63,63,9,39,5,3,3,33,9,39,39,35,65,0,0],"gold":190,"neow_bonus":"THREE_ENEMY_KILL","is_daily":false,"chose_seed":false,"campfire_upgraded":1,"win_rate":0.0,"timestamp":1608397124,"path_taken":["M","M","M","?","?","E","M","R","T","E","?","?","R","M","R","BOSS","M","$","M","?","M","R","E","M","T","R","M","R","?","M","R","BOSS"],"items_purchased_type":["Relic"],"build_version":"2020-12-13","purchased_purges":0,"victory":false,"max_hp_per_floor":[100,100,100,100,100,100,100,100,100,100,100,100,100,100,100,100,100,100,100,100,100,100,100,100,100,100,100,100,100,100,100,100,100,100],"card_choices":[{"not_picked":["Tantrum","QuickSiphon"],"picked":"TakeAim","floor":1},{"not_picked":["DivineFavor","HolyFury"],"picked":"Quickstep","floor":2},{"not_picked":["Tantrum","GracefulSiphon"],"picked":"Sharpen","floor":3},{"not_picked":["UnyieldingZeal","FlashOfAnger"],"picked":"ArchangelsBoon","floor":4},{"not_picked":["Ensoul","HolyFury"],"picked":"Overburn","floor":5},{"not_picked":["UnyieldingZeal","FlashOfAnger"],"picked":"ZealousSmite","floor":6},{"not_picked":["EmpoweringForce","TakeAim"],"picked":"ReduceToNothing","floor":7},{"not_picked":["FuriousSmite","EmpoweringForce","ToweringCharge"],"picked":"SKIP","floor":10},{"not_picked":["AtAllCosts","Overburn"],"picked":"FinalGambit","floor":11},{"not_picked":["Decimate","MaddeningRevelation"],"picked":"WideSmite","floor":14},{"not_picked":["PeacefulStance","AtAllCosts"],"picked":"Bombastic","floor":16},{"not_picked":["DivineFavor","Retaliate","MightBracer"],"picked":"SKIP","floor":18},{"not_picked":["ZealousPersecution+1","Guardian+1","MightBracer"],"picked":"SKIP","floor":20},{"not_picked":["QuickSiphon+1","Quickstep"],"picked":"SoulStrain+1","floor":22},{"not_picked":["EmpoweringForce","TearPsyche"],"picked":"FlashOfAnger+1","floor":24},{"not_picked":["ToweringCharge+1","FuriousSmite","EmpoweringForce+1"],"picked":"SKIP","floor":25},{"not_picked":["FuriousSmite","TearPsyche"],"picked":"AuraDischarge","floor":28},{"not_picked":["Charge","QuickSiphon","Meaballize"],"picked":"SKIP","floor":31}],"player_experience":545372,"relics_obtained":[{"floor":6,"key":"hubris:MysteriousPyramids"},{"floor":9,"key":"DeathKnight:SindragosasSkull"},{"floor":10,"key":"Pantograph"},{"floor":11,"key":"conspire:GiftBox"},{"floor":12,"key":"Juzu Bracelet"},{"floor":24,"key":"aspiration:FrozenJewel"},{"floor":26,"key":"vexMod:MemoryStick"}],"event_choices":[{"damage_healed":0,"gold_gain":30,"player_choice":"Searched \u00273\u0027 times","damage_taken":0,"max_hp_gain":0,"max_hp_loss":0,"event_name":"Dead Adventurer","floor":11,"gold_loss":0},{"damage_healed":0,"gold_gain":0,"player_choice":"Traded Relic","damage_taken":0,"relics_obtained":["Nloth\u0027s Gift"],"max_hp_gain":0,"max_hp_loss":0,"event_name":"N\u0027loth","floor":21,"relics_lost":["DeathKnight:SindragosasSkull"],"gold_loss":0}],"is_beta":false,"boss_relics":[{"not_picked":["Empty Cage","Coffee Dripper"],"picked":"conspire:SpecialSausage"}],"items_purged_floors":[],"is_endless":false,"potions_floor_spawned":[2,6,7,10,24,28,31],"killed_by":"Champ","ascension_level":0}}