{"host":"xodzlm10r37577ou","time":1608391096,"event":{"mods":["Act Like it!","BaseMod","Gensokyo","Koishi","KomeijiMod","Marisa£¨ìFÓê¡¡Ä§ÀíÉ³£©","Minty Spire (QoL Compilation)","Reimu£¨²©ÀöÁéÃÎ£©","Remilia£¨ÀÙÃ×ÀòÑÇ£©","Replay The Spire","StSLib","The Administrix","The Servant 0.9.4","Youmu£¨»êÆÇÑýÃÎ£©","¡¾¶«·½¶þ´Î´´×÷¡¿°ËÔÆ×Ïmod"],"gold_per_floor":[111,2,2,18,18,18,30,40,40,40,68,79,95,120,120,216,216,216,216,216,216,69,69,69,69,69,69,69,69,69,69,69,69,69,69,69,69,69,69,69,69,69,69,69,69,69,69,39,39,9],"floor_reached":51,"playtime":3647,"items_purged":["Defend_Lin:ReiMu"],"score":971,"play_id":"f457baf3-0361-46fb-b50a-436a10086602","local_time":"20201219231816","is_ascension_mode":false,"campfire_choices":[{"data":"ManaGlint:ReiMu","floor":6.0,"key":"SMITH"},{"data":"FantasyMoon:ReiMu","floor":10.0,"key":"SMITH"},{"data":"ManaGlint:ReiMu","floor":15.0,"key":"SMITH"},{"data":"Free:ReiMu","floor":23.0,"key":"SMITH"},{"data":"HakureiPhantom:ReiMu","floor":28.0,"key":"SMITH"},{"data":"Gathering:ReiMu","floor":32.0,"key":"SMITH"},{"data":"Stagnation:ReiMu","floor":40.0,"key":"SMITH"},{"data":"RainPray2:ReiMu","floor":42.0,"key":"SMITH"},{"data":"RainPray2:ReiMu","floor":49,"key":"SMITH"}],"circlet_count":0,"master_deck":["Strike_Lin:ReiMu","Strike_Lin:ReiMu","Defend_Lin:ReiMu","Defend_Lin:ReiMu","NB:ReiMu","Stagnation:ReiMu+1","HakureiPhantom:ReiMu+1","ManaGlint:ReiMu+1","RainPray2:ReiMu","RainPray2:ReiMu","ManaGlint:ReiMu+1","SafetyPray:ReiMu","FantasyMoon:ReiMu+1","Gathering:ReiMu+1","RainPray2:ReiMu+1","CardOfSanctity:ReiMu","Free:ReiMu+1","RainPray2:ReiMu+1","Enchanting:ReiMu+1","RainPray2:ReiMu+1","Decay","CleanRite:ReiMu+1","RunawayExorcism:ReiMu+1","AirManeuver:ReiMu+1","PhosphorusFlame:ReiMu+1","LearningPray:ReiMu+1","PrepareRite:ReiMu+1","MikOfLucky:ReiMu+1","SpringWay:ReiMu+1","BarrageOfMoneybags:ReiMu+1","MountainWay:ReiMu+1"],"relics":["FlyPower:ReiMu","Iron Hammer","Pen Nib","Bottled Lightning","Pear","Ectoplasm","Enchiridion","Blood Vial","Eternal Feather","Strawberry","Astrolabe","TungstenRod","Happy Flower","MawBank","Quantum Egg"],"acts_visited":["Exordium","TheCity","TheBeyond"],"potions_floor_usage":[50,50],"damage_taken":[{"damage":0.0,"enemies":"Jaw Worm","floor":1.0,"turns":5.0},{"damage":3.0,"enemies":"Cultist","floor":4.0,"turns":3.0},{"damage":1.0,"enemies":"2 Louse","floor":7.0,"turns":2.0},{"damage":4.0,"enemies":"Red Slaver","floor":8.0,"turns":4.0},{"damage":15.0,"enemies":"3 Sentries","floor":11.0,"turns":7.0},{"damage":0.0,"enemies":"Looter","floor":12.0,"turns":3.0},{"damage":0.0,"enemies":"3 Louse","floor":13.0,"turns":2.0},{"damage":12.0,"enemies":"Gremlin Nob","floor":14.0,"turns":4.0},{"damage":20.0,"enemies":"The Guardian","floor":16.0,"turns":8.0},{"damage":3.0,"enemies":"Spheric Guardian","floor":18.0,"turns":5.0},{"damage":0.0,"enemies":"Shell Parasite","floor":19.0,"turns":2.0},{"damage":0.0,"enemies":"Snake Plant","floor":24.0,"turns":4.0},{"damage":0.0,"enemies":"Sentry and Sphere","floor":27.0,"turns":4.0},{"damage":0.0,"enemies":"Snecko","floor":29.0,"turns":3.0},{"damage":6.0,"enemies":"Chosen and Byrds","floor":30.0,"turns":5.0},{"damage":2.0,"enemies":"Pondfish","floor":33.0,"turns":8.0},{"damage":9.0,"enemies":"Orb Walker","floor":35.0,"turns":4.0},{"damage":56.0,"enemies":"2 Orb Walkers","floor":36.0,"turns":7.0},{"damage":2.0,"enemies":"3 Darklings","floor":37.0,"turns":4.0},{"damage":11.0,"enemies":"Jaw Worm Horde","floor":39.0,"turns":4.0},{"damage":9.0,"enemies":"Giant Head","floor":44.0,"turns":4.0},{"damage":11.0,"enemies":"Maw","floor":45.0,"turns":4.0},{"damage":0.0,"enemies":"Transient","floor":46.0,"turns":5.0},{"damage":2,"enemies":"Nemesis","floor":47,"turns":5},{"damage":0,"enemies":"4 Shapes","floor":48,"turns":3},{"damage":28,"enemies":"Awakened One","floor":50,"turns":10}],"seed_played":"-1385389104717033647","potions_obtained":[{"floor":1.0,"key":"Cursed Concoction"},{"floor":11.0,"key":"BlessingOfTheForge"},{"floor":12.0,"key":"Elixir"},{"floor":13.0,"key":"SmokeBomb"},{"floor":16.0,"key":"ZuzhouPotion:ReiMu"},{"floor":29.0,"key":"Reflective Coating"},{"floor":35.0,"key":"ColorlessPotion"},{"floor":39.0,"key":"Flashbang"},{"floor":46.0,"key":"LiquidFlight:ReiMu"}],"is_trial":false,"path_per_floor":["M","$","?","M","?","R","M","M","T","R","E","M","M","E","R","B",null,"M","M","?","?","$","R","M","?","T","M","R","M","M","?","R","B",null,"M","?","M","?","M","R","$","R","T","E","M","M","E","M","R","B",null],"character_chosen":"REIMU","items_purchased":["RainPray2:ReiMu","Blood Vial"],"campfire_rested":0,"item_purchase_floors":[2,22],"current_hp_per_floor":[65,65,65,62,62,62,61,57,57,57,42,42,42,40,40,20,75,72,72,72,56,56,56,58,58,65,67,79,81,76,76,82,80,82,73,19,19,19,10,25,25,40,40,33,24,26,26,28,46,20],"gold":9,"neow_bonus":"ONE_RANDOM_RARE_CARD","is_daily":false,"chose_seed":false,"campfire_upgraded":9,"win_rate":0.0,"timestamp":1608391096,"path_taken":["M","$","?","?","?","R","M","M","T","R","E","M","?","E","R","BOSS","M","M","?","?","$","R","M","?","T","M","R","M","M","?","R","BOSS","M","?","M","?","?","R","$","R","T","E","M","M","E","M","R","BOSS"],"items_purchased_type":["Card","Relic"],"build_version":"2020-12-13","purchased_purges":1,"victory":true,"max_hp_per_floor":[65,65,65,65,65,65,65,65,65,65,65,65,65,75,75,75,75,75,75,75,75,75,75,75,75,82,82,82,82,82,82,82,82,82,82,82,82,82,82,82,82,82,82,82,82,82,82,82,82,82],"card_choices":[{"not_picked":["Gathering:ReiMu","OrbThrow:ReiMu"],"picked":"ManaGlint:ReiMu","floor":1.0},{"not_picked":["RainPray2:ReiMu","KamiSacrifice:ReiMu"],"picked":"ManaGlint:ReiMu","floor":4.0},{"not_picked":["FoulBorder2:ReiMu","OctopathBindingBorder2:ReiMu"],"picked":"SafetyPray:ReiMu","floor":7.0},{"not_picked":["MikOfLucky:ReiMu","FoulBorder2:ReiMu"],"picked":"FantasyMoon:ReiMu","floor":8.0},{"not_picked":["EmergencyTakeOff:ReiMu","TightArray:ReiMu"],"picked":"Gathering:ReiMu","floor":11.0},{"not_picked":["EmergencyTakeOff:ReiMu","Intuition:ReiMu","ForcedLanding:ReiMu"],"picked":"SKIP","floor":12.0},{"not_picked":["YinYangSign:ReiMu","DoubleButterfly:ReiMu"],"picked":"RainPray2:ReiMu","floor":13.0},{"not_picked":["CareerPray:ReiMu","TightArray:ReiMu"],"picked":"CardOfSanctity:ReiMu","floor":14.0},{"not_picked":["OctopathSalyBorderN:ReiMu","CardOfSanctity:ReiMu"],"picked":"Free:ReiMu","floor":16.0},{"not_picked":["SubAcupoint:ReiMu","KamiSacrifice:ReiMu"],"picked":"RainPray2:ReiMu+1","floor":18.0},{"not_picked":["SpreadBorder2:ReiMu","TightArray:ReiMu","OctopathBindingBorder2:ReiMu"],"picked":"SKIP","floor":19.0},{"not_picked":["EmergencyTakeOff:ReiMu+1","TightArray:ReiMu","SafetyPray:ReiMu"],"picked":"SKIP","floor":24.0},{"not_picked":["CareerPray:ReiMu","TightArray:ReiMu"],"picked":"Enchanting:ReiMu+1","floor":27.0},{"not_picked":["Conquer:ReiMu","Meditation:ReiMu","AirStrike:ReiMu"],"picked":"SKIP","floor":29.0},{"not_picked":["Mountainwind:ReiMu","ForcedLanding:ReiMu+1"],"picked":"RainPray2:ReiMu","floor":30.0},{"not_picked":["HakureiPhantom:ReiMu","CardOfSanctity:ReiMu"],"picked":"CleanRite:ReiMu","floor":33.0},{"not_picked":["SpiritualOutbreak2:ReiMu","SubAcupoint:ReiMu+1","Conquer:ReiMu"],"picked":"SKIP","floor":35.0},{"not_picked":["Amulet:ReiMu","ManaGlint:ReiMu"],"picked":"LearningPray:ReiMu+1","floor":36.0},{"not_picked":["SpreadBorder2:ReiMu","SpringWay:ReiMu+1"],"picked":"PrepareRite:ReiMu+1","floor":37.0},{"not_picked":["Amulet:ReiMu","CareerPray:ReiMu+1","SubcavityInstant:ReiMu"],"picked":"SKIP","floor":39.0},{"not_picked":["KyokaiOfKami:ReiMu","Enchanting:ReiMu"],"picked":"MikOfLucky:ReiMu+1","floor":44.0},{"not_picked":["WonderfulDomain:ReiMu+1","Amulet:ReiMu"],"picked":"SpringWay:ReiMu+1","floor":45.0},{"not_picked":["WonderfulDomain:ReiMu","RainPray2:ReiMu","Meditation:ReiMu+1"],"picked":"SKIP","floor":46.0},{"not_picked":["AirManeuver:ReiMu","WonderfulDomain:ReiMu"],"picked":"BarrageOfMoneybags:ReiMu+1","floor":47},{"not_picked":["Enchanting:ReiMu","AlertArray:ReiMu+1"],"picked":"MountainWay:ReiMu+1","floor":48}],"player_experience":912794,"relics_obtained":[{"floor":9.0,"key":"Pen Nib"},{"floor":11.0,"key":"Bottled Lightning"},{"floor":14.0,"key":"Pear"},{"floor":21.0,"key":"Enchiridion"},{"floor":26.0,"key":"Strawberry"},{"floor":36.0,"key":"TungstenRod"},{"floor":43.0,"key":"Happy Flower"},{"floor":44.0,"key":"MawBank"},{"floor":47,"key":"Quantum Egg"}],"event_choices":[{"damage_healed":0.0,"max_hp_gain":0.0,"max_hp_loss":0.0,"gold_gain":0.0,"event_name":"Wheel of Change","player_choice":"Full Heal","floor":3.0,"gold_loss":0.0,"damage_taken":0.0},{"damage_healed":0.0,"max_hp_gain":0.0,"max_hp_loss":0.0,"gold_gain":0.0,"event_name":"WeMeetAgain","player_choice":"Gave Potion","floor":5.0,"gold_loss":0.0,"damage_taken":0.0,"relics_obtained":["Iron Hammer"]},{"damage_healed":0.0,"max_hp_gain":0.0,"max_hp_loss":0.0,"gold_gain":0.0,"event_name":"Vampires","player_choice":"Ignored","floor":20.0,"gold_loss":0.0,"damage_taken":0.0},{"damage_healed":0.0,"max_hp_gain":0.0,"max_hp_loss":0.0,"gold_gain":0.0,"event_name":"Cursed Tome","player_choice":"Obtained Book","floor":21.0,"gold_loss":0.0,"damage_taken":16.0},{"damage_healed":0.0,"max_hp_gain":0.0,"max_hp_loss":0.0,"gold_gain":0.0,"event_name":"The Mausoleum","player_choice":"Opened","floor":25.0,"gold_loss":0.0,"damage_taken":0.0,"relics_obtained":["Eternal Feather"]},{"damage_healed":0.0,"max_hp_gain":0.0,"max_hp_loss":0.0,"gold_gain":0.0,"event_name":"Wheel of Change","player_choice":"Cursed","floor":31.0,"gold_loss":0.0,"damage_taken":0.0,"cards_obtained":["Decay"]},{"damage_healed":0.0,"max_hp_gain":0.0,"max_hp_loss":0.0,"gold_gain":0.0,"event_name":"Mysterious Sphere","player_choice":"Fight","floor":36.0,"gold_loss":0.0,"damage_taken":0.0},{"damage_healed":0.0,"max_hp_gain":0.0,"max_hp_loss":0.0,"gold_gain":0.0,"event_name":"Upgrade Shrine","player_choice":"Upgraded","floor":38.0,"gold_loss":0.0,"damage_taken":0.0,"cards_upgraded":["CleanRite:ReiMu"]}],"is_beta":false,"boss_relics":[{"not_picked":["Snecko Eye","Kintsugi"],"picked":"Ectoplasm"},{"not_picked":["SacredBark","Painkiller Herb"],"picked":"Astrolabe"}],"items_purged_floors":[2],"is_endless":false,"potions_floor_spawned":[1,11,12,13,16,19,29,30,35,39,46],"ascension_level":0}}