{"host":"m1ntkrf87179kmo6","time":1608337496,"event":{"mods":["BaseMod","Better Third Choice","Minty Spire (QoL Compilation)","Shade Mod","StSLib"],"gold_per_floor":[117,132,132,150,36,36,36,36,89,124,124,124,124,124,124,225,225,238,250,349,428,203,237,260,260,287,301,301,8,8,21,21,124,124,137,137,137,148,148,148,168,221,221,30,49,9,9,9,9,9,9,9,9,44,44,44],"floor_reached":55,"playtime":5282,"items_purged":["Shade:Strike_Shade"],"score":652,"play_id":"1474d4d8-8967-4dfb-934b-c7861cbc0982","local_time":"20201218192456","is_ascension_mode":false,"campfire_choices":[{"floor":6,"key":"REST"},{"data":"Shade:TouchOfTheGrave","floor":8,"key":"SMITH"},{"floor":15,"key":"REST"},{"floor":25,"key":"REST"},{"floor":28,"key":"RECALL"},{"floor":32,"key":"REST"},{"floor":40,"key":"REST"},{"floor":49,"key":"REST"},{"data":"Shade:Asphyxiate","floor":52,"key":"SMITH"}],"circlet_count":0,"master_deck":["Shade:Strike_Shade","Shade:Strike_Shade","Shade:Defend_Shade","Shade:Defend_Shade","Shade:Defend_Shade+1","Shade:Defend_Shade","Shade:AnimateDead","Shade:OpenGraves","Shade:TouchOfTheGrave+1","Shade:FuneraryArmor","Recycle","Shade:RitualOffering","Shade:Tombstone+1","Shade:GreyBargain+1","Shade:ScuttlingHand","Shade:Excise+1","Shade:FleshLikeOak+1","Shade:AnimateDead","Shade:AncientSpear+1","Shade:FuneraryArmor","Shade:Asphyxiate+1","Shade:Bite_Shade","Shade:ClawBack"],"relics":["Shade:YorickSkull","Peace Pipe","InkBottle","Blood Vial","WingedGreaves","Dream Catcher","Tiny Chest","SlaversCollar","Meat on the Bone","Vajra","Gambling Chip","Juzu Bracelet","Ice Cream","Bronze Scales","War Paint","PreservedInsect","Strawberry"],"acts_visited":["Exordium","TheCity","TheBeyond","TheEnding"],"potions_floor_usage":[16,23,33,33,38,45,50],"damage_taken":[{"damage":2,"enemies":"Cultist","floor":1,"turns":3},{"damage":0,"enemies":"Jaw Worm","floor":2,"turns":3},{"damage":2,"enemies":"2 Louse","floor":4,"turns":3},{"damage":10,"enemies":"3 Sentries","floor":10,"turns":8},{"damage":79,"enemies":"Slime Boss","floor":16,"turns":18},{"damage":7,"enemies":"2 Thieves","floor":18,"turns":4},{"damage":6,"enemies":"Shell Parasite","floor":19,"turns":6},{"damage":28,"enemies":"Book of Stabbing","floor":23,"turns":7},{"damage":6,"enemies":"Centurion and Healer","floor":27,"turns":6},{"damage":6,"enemies":"Shelled Parasite and Fungi","floor":31,"turns":7},{"damage":25,"enemies":"Champ","floor":33,"turns":9},{"damage":0,"enemies":"Orb Walker","floor":35,"turns":4},{"damage":20,"enemies":"3 Darklings","floor":38,"turns":8},{"damage":16,"enemies":"4 Shapes","floor":41,"turns":7},{"damage":20,"enemies":"Jaw Worm Horde","floor":45,"turns":5},{"damage":43,"enemies":"Time Eater","floor":50,"turns":10},{"damage":35,"enemies":"Shield and Spear","floor":54,"turns":6},{"damage":82,"enemies":"The Heart","floor":55,"turns":3}],"seed_played":"3520956568603335692","potions_obtained":[{"floor":2,"key":"FairyPotion"},{"floor":10,"key":"Regen Potion"},{"floor":23,"key":"Swift Potion"},{"floor":27,"key":"LiquidMemories"},{"floor":33,"key":"Dexterity Potion"},{"floor":38,"key":"FearPotion"},{"floor":41,"key":"Explosive Potion"}],"is_trial":false,"path_per_floor":["M","M","?","M","$","R","$","R","T","E","?","?","?","?","R","B",null,"M","M","?","T","$","E","T","R","T","M","R","$","?","M","R","B",null,"M","?","$","M","?","R","M","T","T","$","M","$","?","?","R","B",null,"R","$","E","B"],"character_chosen":"SHADE","items_purchased":["Shade:TouchOfTheGrave","Vajra","LiquidBronze","Ice Cream","PreservedInsect","Shade:Asphyxiate","Shade:Bite_Shade"],"campfire_rested":6,"item_purchase_floors":[5,22,22,29,44,44,46],"current_hp_per_floor":[45,45,45,43,43,62,62,62,62,54,31,31,31,31,50,7,65,58,54,54,54,54,40,40,59,59,55,55,55,55,51,65,40,65,65,65,65,45,45,64,49,49,49,49,43,43,43,43,62,33,65,65,65,41,0,0],"gold":44,"neow_bonus":"ONE_RARE_RELIC","is_daily":false,"chose_seed":false,"campfire_upgraded":2,"win_rate":0.0,"timestamp":1608337496,"path_taken":["M","M","?","?","$","R","$","R","T","E","?","?","?","?","R","BOSS","M","M","?","?","$","E","?","R","T","M","R","$","?","M","R","BOSS","M","?","$","M","?","R","M","?","T","$","M","?","?","?","R","BOSS","R","$","E","BOSS"],"items_purchased_type":["Card","Relic","Potion","Relic","Relic","Card","Card"],"build_version":"2020-12-13","purchased_purges":1,"victory":false,"max_hp_per_floor":[65,65,65,65,65,65,65,65,65,65,65,65,65,65,65,65,65,65,65,65,65,65,65,65,65,65,65,65,65,65,65,65,65,65,65,65,65,65,65,65,65,65,65,65,65,65,65,65,65,65,65,65,65,72,72,72],"card_choices":[{"not_picked":["Shade:FeralStrike","Shade:Trample"],"picked":"Shade:OpenGraves","floor":1},{"not_picked":["Shade:Trample","Shade:SoulPierce"],"picked":"Shade:ClawBack","floor":2},{"not_picked":["Shade:Doomsay","Shade:FingerOfDeath","Shade:Trample"],"picked":"SKIP","floor":4},{"not_picked":["Shade:CommandSoldier","Shade:LyeBath"],"picked":"Shade:FuneraryArmor","floor":10},{"not_picked":["Shade:Frenzy","Shade:Bonestorm"],"picked":"Shade:RitualOffering","floor":15},{"not_picked":["Shade:LichForm","Shade:DarkOfNight"],"picked":"Shade:Tombstone","floor":16},{"not_picked":["Shade:FreshBones","Shade:FuneraryJewels"],"picked":"Shade:GreyBargain","floor":18},{"not_picked":["Shade:Premonition","Shade:FleshToFlesh","Shade:Patience+1"],"picked":"SKIP","floor":19},{"not_picked":["Shade:GreyBargain+1","Shade:RitualOffering"],"picked":"Shade:ScuttlingHand","floor":23},{"not_picked":["Shade:Brains","Shade:GreyBargain"],"picked":"Shade:Excise+1","floor":27},{"not_picked":["Shade:CommandSoldier","Shade:RavenousHorde","Shade:FingerOfDeath"],"picked":"SKIP","floor":31},{"not_picked":["Shade:BoneShards","Shade:FeralStrike"],"picked":"Shade:FleshLikeOak+1","floor":32},{"not_picked":["Shade:Trample+1","Shade:AblativeArmor+1","Shade:Bonestorm"],"picked":"SKIP","floor":35},{"not_picked":["Shade:FingerOfDeath+1","Shade:SkeletonHug","Shade:BoneShards"],"picked":"SKIP","floor":38},{"not_picked":["Shade:CommandSoldier","Shade:DangerousRitual+1"],"picked":"Shade:AncientSpear+1","floor":40},{"not_picked":["Shade:CloudOfShrapnel","Shade:Patience"],"picked":"Shade:FuneraryArmor","floor":41},{"not_picked":["Shade:GraveStillness","Shade:FeralStrike+1","Shade:WallOfFlesh"],"picked":"SKIP","floor":45},{"not_picked":["Shade:Consume","Shade:GreaterAnimation","Shade:WallOfFlesh+1"],"picked":"SKIP","floor":54}],"player_experience":1041713,"relics_obtained":[{"floor":9,"key":"Blood Vial"},{"floor":10,"key":"WingedGreaves"},{"floor":21,"key":"Meat on the Bone"},{"floor":23,"key":"Gambling Chip"},{"floor":24,"key":"Juzu Bracelet"},{"floor":42,"key":"Bronze Scales"},{"floor":43,"key":"War Paint"},{"floor":54,"key":"Strawberry"}],"event_choices":[{"cards_removed":["Shade:ClawBack"],"damage_healed":0,"gold_gain":0,"player_choice":"Gave Card","damage_taken":0,"relics_obtained":["InkBottle"],"max_hp_gain":0,"max_hp_loss":0,"event_name":"WeMeetAgain","floor":3,"gold_loss":0},{"damage_healed":0,"gold_gain":1,"player_choice":"Card Relic ","damage_taken":23,"max_hp_gain":0,"max_hp_loss":0,"event_name":"betterThird:BetterScrap","floor":11,"gold_loss":0,"cards_obtained":["Recycle","Vault"]},{"damage_healed":0,"gold_gain":0,"player_choice":"Searched \u00270\u0027 times","damage_taken":0,"max_hp_gain":0,"max_hp_loss":0,"event_name":"Dead Adventurer","floor":12,"gold_loss":0},{"damage_healed":0,"gold_gain":0,"player_choice":"Box","damage_taken":0,"relics_obtained":["Tiny Chest"],"max_hp_gain":0,"max_hp_loss":0,"event_name":"Big Fish","floor":13,"gold_loss":0,"cards_obtained":["Regret"]},{"cards_removed":["Regret"],"damage_healed":0,"gold_gain":0,"player_choice":"Removed Curses","damage_taken":0,"max_hp_gain":0,"max_hp_loss":0,"event_name":"Fountain of Cleansing","floor":14,"gold_loss":0},{"damage_healed":0,"gold_gain":99,"player_choice":"Steal","damage_taken":0,"max_hp_gain":0,"max_hp_loss":0,"event_name":"betterThird:BetterNest","floor":20,"gold_loss":0},{"damage_healed":0,"gold_gain":0,"player_choice":"Ignored","damage_taken":0,"max_hp_gain":0,"max_hp_loss":0,"event_name":"Cursed Tome","floor":30,"gold_loss":0},{"cards_removed":["Shade:CarefulCut"],"damage_healed":0,"gold_gain":0,"player_choice":"Removed Attack","damage_taken":0,"max_hp_gain":0,"max_hp_loss":0,"event_name":"Falling","floor":36,"gold_loss":0},{"damage_healed":0,"gold_gain":0,"player_choice":"1 cards matched","damage_taken":0,"max_hp_gain":0,"max_hp_loss":0,"event_name":"Match and Keep!","floor":39,"gold_loss":0,"cards_obtained":["Shade:AnimateDead"]},{"damage_healed":0,"gold_gain":0,"cards_transformed":["Shade:Strike_Shade"],"player_choice":"Transformed","damage_taken":0,"max_hp_gain":0,"max_hp_loss":0,"event_name":"Transmorgrifier","floor":47,"gold_loss":0,"cards_obtained":["Shade:ClawBack"]},{"damage_healed":0,"gold_gain":0,"player_choice":"Forge","damage_taken":0,"max_hp_gain":0,"max_hp_loss":0,"event_name":"Accursed Blacksmith","floor":48,"gold_loss":0,"cards_upgraded":["Shade:Tombstone"]}],"is_beta":false,"boss_relics":[{"not_picked":["Runic Dome","Tiny House"],"picked":"SlaversCollar"},{"not_picked":["Snecko Eye","Fusion Hammer","Cursed Key"]}],"items_purged_floors":[5],"is_endless":false,"potions_floor_spawned":[2,10,23,27,33,38,41],"killed_by":"The Heart","ascension_level":0}}