{"host":"m1ntkrf87179kmo6","time":1608421585,"event":{"mods":["BaseMod","Better Third Choice","Minty Spire (QoL Compilation)","Shade Mod","StSLib"],"gold_per_floor":[116,116,130,101,115,150,169,129,129,129,147,160,180,180,180,299,299,323,348,361,380,380,380],"floor_reached":22,"playtime":1779,"items_purged":[],"score":267,"play_id":"67afdf36-1cb3-416f-971f-636d4726dde1","local_time":"20201219184625","is_ascension_mode":false,"campfire_choices":[{"floor":10,"key":"RECALL"},{"floor":15,"key":"REST"}],"circlet_count":0,"master_deck":["Shade:Strike_Shade","Shade:Strike_Shade","Shade:Strike_Shade","Shade:Strike_Shade","Shade:Defend_Shade","Shade:Defend_Shade","Shade:Defend_Shade","Shade:Defend_Shade","Shade:AnimateDead","Shade:CarefulCut","Shade:ExtraLimbs","Injury","Shade:Asphyxiate","Shade:AncientSpear","Shade:TouchOfTheGrave+1","Shade:AncientSpear"],"relics":["Shade:YorickSkull","Golden Idol","betterThird:SlimedRelic","Pantograph","Black Star"],"acts_visited":["Exordium","TheCity"],"potions_floor_usage":[6,6,6,7,16,16,18,19,21],"damage_taken":[{"damage":0,"enemies":"Small Slimes","floor":1,"turns":3},{"damage":0,"enemies":"2 Louse","floor":3,"turns":4},{"damage":0,"enemies":"Cultist","floor":5,"turns":3},{"damage":0,"enemies":"Gremlin Nob","floor":6,"turns":2},{"damage":3,"enemies":"Lots of Slimes","floor":7,"turns":5},{"damage":9,"enemies":"2 Fungi Beasts","floor":11,"turns":3},{"damage":0,"enemies":"Gremlin Gang","floor":12,"turns":6},{"damage":9,"enemies":"Lots of Slimes","floor":13,"turns":4},{"damage":0,"enemies":"Slime Boss","floor":16,"turns":6},{"damage":16,"enemies":"2 Thieves","floor":18,"turns":4},{"damage":9,"enemies":"3 Byrds","floor":19,"turns":3},{"damage":10,"enemies":"Centurion and Healer","floor":20,"turns":5},{"damage":14,"enemies":"Snake Plant","floor":21,"turns":4},{"damage":24,"enemies":"Cultist and Chosen","floor":22,"turns":4}],"seed_played":"-8831071977865605696","potions_obtained":[{"floor":0,"key":"DuplicationPotion"},{"floor":0,"key":"BlessingOfTheForge"},{"floor":0,"key":"PowerPotion"},{"floor":1,"key":"Swift Potion"},{"floor":6,"key":"BlessingOfTheForge"},{"floor":8,"key":"SkillPotion"},{"floor":8,"key":"Strength Potion"},{"floor":8,"key":"Block Potion"},{"floor":11,"key":"LiquidBronze"},{"floor":16,"key":"ColorlessPotion"},{"floor":20,"key":"SkillPotion"}],"is_trial":false,"path_per_floor":["M","?","M","?","M","E","M","?","T","R","M","M","M","?","R","B",null,"M","M","M","M","M"],"character_chosen":"SHADE","items_purchased":[],"campfire_rested":1,"item_purchase_floors":[],"current_hp_per_floor":[65,65,65,54,54,54,51,51,51,51,42,42,33,33,52,65,65,49,40,30,16,0,0],"gold":380,"neow_bonus":"THREE_SMALL_POTIONS","is_daily":false,"chose_seed":false,"campfire_upgraded":0,"win_rate":0.0,"timestamp":1608421585,"path_taken":["M","?","M","?","M","E","M","?","T","R","M","?","?","?","R","BOSS","M","M","?","M","?"],"items_purchased_type":[],"build_version":"2020-12-13","purchased_purges":0,"victory":false,"max_hp_per_floor":[65,65,65,65,65,65,65,65,65,65,65,65,65,65,65,65,65,65,65,65,65,65,65],"card_choices":[{"not_picked":["Shade:Frenzy","Shade:AblativeArmor"],"picked":"Shade:ExtraLimbs","floor":1},{"not_picked":["Shade:FingerOfDeath","Shade:FuneraryJewels"],"picked":"Shade:Asphyxiate","floor":3},{"not_picked":["Shade:BoneShards","Shade:DangerousRitual"],"picked":"Shade:AncientSpear","floor":5},{"not_picked":["Shade:WallOfFlesh","Shade:SelfBurial","Shade:Trample"],"picked":"SKIP","floor":6},{"not_picked":["Shade:FeralStrike","Shade:WallOfFlesh","Shade:SkeletonHug"],"picked":"SKIP","floor":7},{"not_picked":["Shade:GraveStillness","Shade:WallOfFlesh","Shade:Awaken"],"picked":"SKIP","floor":11},{"not_picked":["Shade:CommandSoldier","Shade:OpenGraves"],"picked":"Shade:TouchOfTheGrave","floor":12},{"not_picked":["Shade:SkeletonHug","Shade:CommandSoldier"],"picked":"Shade:AncientSpear","floor":13},{"not_picked":["Shade:Premonition+1","Shade:AncientSpear+1","Shade:FreshBones"],"picked":"SKIP","floor":18},{"not_picked":["Shade:SpectralStrikes","Shade:PressTheAttack","Shade:BoneShards"],"picked":"SKIP","floor":19},{"not_picked":["Shade:FreshBones+1","Shade:Premonition","Shade:LastGasp"],"picked":"SKIP","floor":20},{"not_picked":["Shade:Premonition","Shade:Brains","Shade:Haruspicy"],"picked":"SKIP","floor":21}],"player_experience":1075584,"relics_obtained":[{"floor":6,"key":"Pantograph"}],"event_choices":[{"damage_healed":0,"gold_gain":0,"player_choice":"Take Wound","damage_taken":0,"relics_obtained":["Golden Idol"],"max_hp_gain":0,"max_hp_loss":0,"event_name":"Golden Idol","floor":2,"gold_loss":0,"cards_obtained":["Injury"]},{"damage_healed":0,"gold_gain":0,"player_choice":"Slimed","damage_taken":11,"max_hp_gain":0,"max_hp_loss":0,"event_name":"betterThird:BetterGoop","floor":4,"gold_loss":29},{"damage_healed":0,"gold_gain":0,"player_choice":"Bought 3 Potions","damage_taken":0,"max_hp_gain":0,"max_hp_loss":0,"event_name":"The Woman in Blue","floor":8,"gold_loss":0},{"damage_healed":0,"gold_gain":0,"player_choice":"Forge","damage_taken":0,"max_hp_gain":0,"max_hp_loss":0,"event_name":"Accursed Blacksmith","floor":14,"gold_loss":0,"cards_upgraded":["Shade:TouchOfTheGrave"]}],"is_beta":false,"boss_relics":[{"not_picked":["Sozu","Velvet Choker"],"picked":"Black Star"}],"items_purged_floors":[],"is_endless":false,"potions_floor_spawned":[1,5,6,11,16,20],"killed_by":"Cultist and Chosen","ascension_level":0}}