{"host":"bg8va46pgqgvtzim","time":1608383770,"event":{"mods":["BaseMod","Minty Spire (QoL Compilation)","Quick Restart","StSLib","SuperFastMode","¡¾ÒÅÎï¿¨ÅÆ¡¿REMEMod"],"gold_per_floor":[118,128,128,148,148,148,182,198,198,148,148,176,193,226,226,331,331,343,358,134,148,166,166,197,197,197,231,231,263,263,282,282,381,381,391,291,305,305,180,213,232,232,306,338,338,349,381,381,381,381,381,381,231,263,263],"floor_reached":56,"playtime":1584,"items_purged":["Strike_G","Infinite Blades","Defend_G","Glass Knife+1"],"score":1652,"play_id":"44382ecd-3c75-4a60-97b7-2575f3bd4e65","local_time":"20201219211610","is_ascension_mode":true,"campfire_choices":[{"data":"Barricade","floor":6.0,"key":"SMITH"},{"data":"Acrobatics","floor":11.0,"key":"SMITH"},{"data":"Calculated Gamble","floor":15.0,"key":"SMITH"},{"data":"REME_SpectralBlade","floor":23.0,"key":"SMITH"},{"data":"Footwork","floor":25.0,"key":"SMITH"},{"data":"Terror","floor":28.0,"key":"SMITH"},{"data":"Outmaneuver","floor":32.0,"key":"SMITH"},{"data":"Adrenaline","floor":42.0,"key":"SMITH"},{"floor":49.0,"key":"RECALL"},{"data":"Acrobatics","floor":52.0,"key":"SMITH"}],"circlet_count":0,"master_deck":["Defend_G+1","Defend_G+1","Survivor","Neutralize+1","Reflex+1","Underhanded Strike+1","Barricade+1","Noxious Fumes","Acrobatics+1","Terror+1","Calculated Gamble+1","REME_SpectralBlade+1","Footwork+1","Outmaneuver+1","After Image","Adrenaline+1","PiercingWail+1","Madness","Madness","Blur+1","Acrobatics+1"],"relics":["REME_ComplimentaryCards","Astrolabe","Ginger","Tingsha","Gambling Chip","Orichalcum","HoveringKite","ClockworkSouvenir","Strawberry","Whetstone","War Paint","Runic Pyramid","Mummified Hand","Frozen Egg 2","Bag of Marbles","Molten Egg 2","StoneCalendar"],"acts_visited":["Exordium","TheCity","TheBeyond","TheEnding"],"potions_floor_usage":[55,55,55],"damage_taken":[{"damage":0.0,"enemies":"Small Slimes","floor":1.0,"turns":2.0},{"damage":1.0,"enemies":"2 Louse","floor":2.0,"turns":2.0},{"damage":6.0,"enemies":"Jaw Worm","floor":4.0,"turns":3.0},{"damage":22.0,"enemies":"Gremlin Nob","floor":7.0,"turns":5.0},{"damage":0.0,"enemies":"Looter","floor":8.0,"turns":3.0},{"damage":8.0,"enemies":"3 Sentries","floor":12.0,"turns":4.0},{"damage":0.0,"enemies":"3 Louse","floor":13.0,"turns":2.0},{"damage":0.0,"enemies":"Lagavulin","floor":14.0,"turns":3.0},{"damage":1.0,"enemies":"Hexaghost","floor":16.0,"turns":6.0},{"damage":0.0,"enemies":"3 Byrds","floor":18.0,"turns":3.0},{"damage":5.0,"enemies":"2 Thieves","floor":19.0,"turns":3.0},{"damage":0.0,"enemies":"Centurion and Healer","floor":21.0,"turns":2.0},{"damage":0.0,"enemies":"3 Cultists","floor":22.0,"turns":2.0},{"damage":2.0,"enemies":"Slavers","floor":24.0,"turns":3.0},{"damage":0.0,"enemies":"REME_1_Revenger","floor":27.0,"turns":2.0},{"damage":0.0,"enemies":"Book of Stabbing","floor":29.0,"turns":3.0},{"damage":0.0,"enemies":"Snake Plant","floor":31.0,"turns":1.0},{"damage":7.0,"enemies":"Champ","floor":33.0,"turns":5.0},{"damage":3.0,"enemies":"Orb Walker","floor":35.0,"turns":3.0},{"damage":6.0,"enemies":"3 Darklings","floor":37.0,"turns":4.0},{"damage":0.0,"enemies":"Reptomancer","floor":40.0,"turns":4.0},{"damage":0.0,"enemies":"Transient","floor":41.0,"turns":5.0},{"damage":0.0,"enemies":"Giant Head","floor":44.0,"turns":4.0},{"damage":0.0,"enemies":"Writhing Mass","floor":46.0,"turns":5.0},{"damage":9.0,"enemies":"Nemesis","floor":47.0,"turns":5.0},{"damage":0.0,"enemies":"Time Eater","floor":50.0,"turns":7.0},{"damage":0,"enemies":"Shield and Spear","floor":54,"turns":3},{"damage":0,"enemies":"The Heart","floor":55,"turns":6}],"seed_played":"4093413974997059820","potions_obtained":[{"floor":1.0,"key":"Explosive Potion"},{"floor":7.0,"key":"FairyPotion"},{"floor":8.0,"key":"ColorlessPotion"},{"floor":13.0,"key":"Ancient Potion"},{"floor":21.0,"key":"LiquidBronze"},{"floor":31.0,"key":"Strength Potion"},{"floor":41.0,"key":"Weak Potion"}],"is_trial":false,"path_per_floor":["M","M","?","M","?","R","E","M","T","?","R","E","M","E","R","B",null,"M","M","$","M","M","R","E","R","T","E","R","E","?","M","R","B",null,"M","$","M","?","$","E","M","R","T","E","?","M","E","T","R","B",null,"R","$","E","B",null],"character_chosen":"THE_SILENT","items_purchased":["ClockworkSouvenir"],"campfire_rested":0,"item_purchase_floors":[20],"current_hp_per_floor":[70,69,74,68,65,65,43,43,43,43,43,35,35,35,35,34,75,75,70,70,70,70,70,75,75,75,75,75,75,75,75,75,68,82,79,79,73,63,63,63,63,63,63,63,63,63,54,54,54,54,82,82,82,82,82],"gold":263,"neow_bonus":"BOSS_RELIC","is_daily":false,"chose_seed":false,"campfire_upgraded":9,"win_rate":0.0,"timestamp":1608383770,"path_taken":["M","M","?","M","?","R","E","M","T","?","R","E","M","E","R","BOSS","M","M","$","M","M","R","E","R","T","E","R","E","?","M","R","BOSS","M","$","M","?","$","E","M","R","T","E","?","M","E","?","R","BOSS","R","$","E","BOSS"],"items_purchased_type":["Relic"],"build_version":"2020-12-13","purchased_purges":4,"victory":true,"max_hp_per_floor":[70,70,75,75,75,75,75,75,75,75,75,75,75,75,75,75,75,75,75,75,75,75,75,82,82,82,82,82,82,82,82,82,82,82,82,82,82,82,82,82,82,82,82,82,82,82,82,82,82,82,82,82,82,82,82],"card_choices":[{"not_picked":["Heel Hook","Underhanded Strike","Bouncing Flask"],"picked":"SKIP","floor":1.0},{"not_picked":["Dagger Throw","Slice","Cloak And Dagger"],"picked":"SKIP","floor":2.0},{"not_picked":["Backflip","Outmaneuver"],"picked":"Infinite Blades","floor":4.0},{"not_picked":["PiercingWail","Cloak And Dagger"],"picked":"Noxious Fumes","floor":7.0},{"not_picked":["Endless Agony","Tactician"],"picked":"Acrobatics","floor":8.0},{"not_picked":["Flying Knee","Riddle With Holes"],"picked":"Terror","floor":12.0},{"not_picked":["Dodge and Roll","Deflect","Cloak And Dagger"],"picked":"SKIP","floor":13.0},{"not_picked":["PiercingWail","Backflip"],"picked":"Calculated Gamble","floor":14.0},{"not_picked":["Envenom","Bullet Time"],"picked":"REME_SpectralBlade","floor":16.0},{"not_picked":["Poisoned Stab","Sucker Punch+1","Riddle With Holes"],"picked":"SKIP","floor":18.0},{"not_picked":["Underhanded Strike","Blur","Bane+1"],"picked":"SKIP","floor":19.0},{"not_picked":["Cloak And Dagger+1","Deadly Poison","Noxious Fumes"],"picked":"SKIP","floor":21.0},{"not_picked":["Crippling Poison","Deadly Poison+1","A Thousand Cuts"],"picked":"SKIP","floor":22.0},{"not_picked":["Terror","All Out Attack"],"picked":"Footwork","floor":24.0},{"not_picked":["REME_GrazeFinale","Poisoned Stab","Finisher"],"picked":"SKIP","floor":27.0},{"not_picked":["Bane+1","Deflect","PiercingWail"],"picked":"SKIP","floor":29.0},{"not_picked":["Accuracy","Outmaneuver+1","Backflip"],"picked":"SKIP","floor":31.0},{"not_picked":["Malaise","Phantasmal Killer"],"picked":"Adrenaline","floor":33.0},{"not_picked":["Outmaneuver+1","Infinite Blades+1","Leg Sweep"],"picked":"SKIP","floor":35.0},{"not_picked":["Heel Hook+1","Sucker Punch+1"],"picked":"PiercingWail+1","floor":37.0},{"not_picked":["Deflect","Flechettes+1"],"picked":"Blur+1","floor":40.0},{"not_picked":["Accuracy+1","Catalyst","Leg Sweep+1"],"picked":"SKIP","floor":41.0},{"not_picked":["Deflect","Slice+1","Dodge and Roll"],"picked":"SKIP","floor":44.0},{"not_picked":["Flying Knee","Tactician+1","Corpse Explosion"],"picked":"SKIP","floor":46.0},{"not_picked":["Dagger Throw+1","Crippling Poison+1"],"picked":"Acrobatics","floor":47.0},{"not_picked":["Die Die Die+1","Dodge and Roll+1","Masterful Stab+1"],"picked":"SKIP","floor":54}],"player_experience":2126810,"relics_obtained":[{"floor":7.0,"key":"Tingsha"},{"floor":9.0,"key":"Gambling Chip"},{"floor":12.0,"key":"Orichalcum"},{"floor":24.0,"key":"Strawberry"},{"floor":27.0,"key":"Whetstone"},{"floor":29.0,"key":"War Paint"},{"floor":43.0,"key":"Mummified Hand"},{"floor":44.0,"key":"Frozen Egg 2"},{"floor":47.0,"key":"Bag of Marbles"},{"floor":48.0,"key":"Molten Egg 2"},{"floor":54,"key":"StoneCalendar"}],"event_choices":[{"damage_healed":0.0,"max_hp_gain":5.0,"max_hp_loss":0.0,"gold_gain":0.0,"event_name":"Big Fish","player_choice":"Donut","floor":3.0,"gold_loss":0.0,"damage_taken":0.0},{"damage_healed":0.0,"max_hp_gain":0.0,"max_hp_loss":0.0,"gold_gain":0.0,"event_name":"Scrap Ooze","player_choice":"Success","floor":5.0,"gold_loss":0.0,"damage_taken":3.0,"relics_obtained":["Ginger"]},{"cards_removed":["Strike_G"],"damage_healed":0.0,"max_hp_gain":0.0,"max_hp_loss":0.0,"gold_gain":0.0,"event_name":"The Cleric","player_choice":"Card Removal","floor":10.0,"gold_loss":50.0,"damage_taken":0.0},{"damage_healed":0.0,"max_hp_gain":0.0,"max_hp_loss":0.0,"gold_gain":0.0,"cards_transformed":["Strike_G","Defend_G"],"event_name":"Drug Dealer","player_choice":"Became Test Subject","floor":30.0,"gold_loss":0.0,"damage_taken":0.0,"cards_obtained":["Outmaneuver","After Image"]},{"damage_healed":0.0,"max_hp_gain":0.0,"max_hp_loss":0.0,"gold_gain":0.0,"event_name":"Winding Halls","player_choice":"Embrace Madness","floor":38.0,"gold_loss":0.0,"damage_taken":10.0,"cards_obtained":["Madness","Madness"]},{"damage_healed":0.0,"max_hp_gain":0.0,"max_hp_loss":0.0,"gold_gain":0.0,"event_name":"Tomb of Lord Red Mask","player_choice":"Ignored","floor":45.0,"gold_loss":0.0,"damage_taken":0.0}],"is_beta":false,"boss_relics":[{"not_picked":["REME_DuelDisc","Coffee Dripper"],"picked":"HoveringKite"},{"not_picked":["Velvet Choker","SlaversCollar"],"picked":"Runic Pyramid"}],"items_purged_floors":[20,36,39,53],"is_endless":false,"potions_floor_spawned":[1,7,8,13,21,22,27,29,31,37,41,46,47],"ascension_level":1}}