{"host":"640uue19m79c7wbt","time":1608343661,"event":{"mods":["BaseMod","Colored Map","Googly Eyes","Highlight Path","Minty Spire (QoL Compilation)","Quick Restart","StSLib"],"gold_per_floor":[115,135,18,18,18,18,18,36,36,36,1,1,1,18,18,90,90,110,110,30,30],"floor_reached":20,"playtime":450,"items_purged":[],"score":320,"play_id":"c5c95ce6-ffef-4986-b28c-bf686f56ae0c","local_time":"20201218210741","is_ascension_mode":true,"campfire_choices":[{"floor":6.0,"key":"REST"},{"floor":10,"key":"REST"},{"floor":13,"key":"RECALL"},{"data":"Bouncing Flask","floor":15,"key":"SMITH"}],"circlet_count":0,"master_deck":["AscendersBane","Strike_G","Strike_G","Strike_G","Strike_G","Defend_G","Defend_G+1","Defend_G","Defend_G","Defend_G","Survivor","Neutralize","Riddle With Holes+1","Well Laid Plans","Dagger Spray+1","Infinite Blades","Poisoned Stab","Bouncing Flask+1","Bullet Time","Cloak And Dagger"],"relics":["Ring of the Snake","Ice Cream","Blue Candle","SlaversCollar"],"acts_visited":["Exordium","TheCity"],"potions_floor_usage":[8,16],"damage_taken":[{"damage":8.0,"enemies":"2 Louse","floor":1.0,"turns":3.0},{"damage":4.0,"enemies":"Jaw Worm","floor":2.0,"turns":3.0},{"damage":9,"enemies":"Small Slimes","floor":8,"turns":3},{"damage":6,"enemies":"2 Fungi Beasts","floor":14,"turns":2},{"damage":43,"enemies":"The Guardian","floor":16,"turns":9},{"damage":21,"enemies":"Chosen","floor":18,"turns":5},{"damage":25,"enemies":"2 Thieves","floor":20,"turns":3}],"seed_played":"4709921629983697212","potions_obtained":[{"floor":1.0,"key":"Dexterity Potion"},{"floor":8,"key":"SneckoOil"}],"is_trial":false,"path_per_floor":["M","M","$","?","?","R","?","M","T","R","?","?","R","M","R","B",null,"M","?","M"],"character_chosen":"THE_SILENT","items_purchased":["Dagger Spray","Infinite Blades"],"campfire_rested":2,"item_purchase_floors":[3,3],"current_hp_per_floor":[36,32,32,12,5,24,29,20,20,41,58,58,58,52,52,9,56,35,35,10,10],"gold":30,"neow_bonus":"ONE_RARE_RELIC","is_daily":false,"chose_seed":false,"campfire_upgraded":1,"win_rate":0.0,"timestamp":1608343661,"path_taken":["M","M","$","?","?","R","?","M","T","R","?","?","R","?","R","BOSS","M","?","M"],"items_purchased_type":["Card","Card"],"build_version":"2020-12-13","purchased_purges":0,"victory":false,"max_hp_per_floor":[66,66,66,66,66,66,71,71,71,71,71,71,71,71,71,71,71,71,71,71,71],"card_choices":[{"not_picked":["Deflect","Poisoned Stab"],"picked":"Riddle With Holes","floor":1.0},{"not_picked":["Dagger Throw","Escape Plan"],"picked":"Well Laid Plans","floor":2.0},{"not_picked":["Acrobatics","Quick Slash"],"picked":"Poisoned Stab","floor":8},{"not_picked":["Blur","Underhanded Strike"],"picked":"Bouncing Flask","floor":14},{"not_picked":["Phantasmal Killer","Die Die Die"],"picked":"Bullet Time","floor":16},{"not_picked":["Dagger Spray+1","Sucker Punch"],"picked":"Cloak And Dagger","floor":18}],"player_experience":1217526,"relics_obtained":[{"floor":9,"key":"Blue Candle"}],"event_choices":[{"damage_healed":0.0,"max_hp_gain":0.0,"max_hp_loss":0.0,"gold_gain":0.0,"event_name":"Shining Light","player_choice":"Entered Light","floor":4.0,"gold_loss":0.0,"damage_taken":20.0,"cards_upgraded":["Defend_G","Dagger Spray"]},{"cards_removed":["Strike_G"],"damage_healed":0.0,"max_hp_gain":0.0,"max_hp_loss":0.0,"gold_gain":0.0,"event_name":"Golden Wing","player_choice":"Card Removal","floor":5.0,"gold_loss":0.0,"damage_taken":7.0},{"damage_healed":0.0,"max_hp_gain":5.0,"max_hp_loss":0.0,"gold_gain":0.0,"event_name":"Big Fish","player_choice":"Donut","floor":7.0,"gold_loss":0.0,"damage_taken":0.0},{"damage_healed":17,"gold_gain":0,"player_choice":"Healed","damage_taken":0,"max_hp_gain":0,"max_hp_loss":0,"event_name":"The Cleric","floor":11,"gold_loss":35},{"damage_healed":0,"gold_gain":0,"player_choice":"Grow","damage_taken":0,"max_hp_gain":0,"max_hp_loss":0,"event_name":"Living Wall","floor":12,"gold_loss":0,"cards_upgraded":["Riddle With Holes"]},{"damage_healed":0,"gold_gain":0,"player_choice":"Ignored","damage_taken":0,"max_hp_gain":0,"max_hp_loss":0,"event_name":"Ghosts","floor":19,"gold_loss":0}],"is_beta":false,"boss_relics":[{"not_picked":["Snecko Eye","Sozu"],"picked":"SlaversCollar"}],"items_purged_floors":[],"is_endless":false,"potions_floor_spawned":[1,8],"killed_by":"2 Thieves","ascension_level":20}}