{"host":"08sn1703g14rasc1","time":1608411502,"event":{"mods":["AchievementEnabler","BaseMod","Colored Map","Colored Powertips","Hermit","Minty Spire (QoL Compilation)","StSLib"],"gold_per_floor":[14,14,14,14,14,43,43,43,96,96,122,135,154,165,165,267,267,278,308,7,19,34,34,67,67,67,67,84,96,21,21,21,119,119,139,150,78,93,93,93,105,105,105,155,9,29,379,33,33,33,33],"floor_reached":50,"playtime":1808,"items_purged":["Strike_B","Defend_B","Skim+1"],"score":632,"play_id":"a8aac3fd-9354-4b06-9272-9ede00a9ba0f","local_time":"20201219125822","is_ascension_mode":true,"campfire_choices":[{"floor":7.0,"key":"REST"},{"data":"Mayhem","floor":10.0,"key":"SMITH"},{"floor":15.0,"key":"REST"},{"data":"Echo Form","floor":23.0,"key":"SMITH"},{"data":"Self Repair","floor":25.0,"key":"SMITH"},{"floor":32.0,"key":"REST"},{"data":"Defragment","floor":40,"key":"SMITH"},{"data":"Electrodynamics","floor":42,"key":"SMITH"},{"data":"White Noise","floor":49,"key":"SMITH"}],"circlet_count":0,"master_deck":["Zap","Dualcast","Mayhem+1","Self Repair+1","Reinforced Body","Skim","Sweeping Beam","Barrage","Lockon","Ball Lightning","Echo Form+1","Doom and Gloom","Stack+1","Steam","Steam","Electrodynamics+1","Sweeping Beam+1","Gash","Go for the Eyes","Skim+1","Beam Cell+1","Compile Driver+1","Defragment+1","Cold Snap+1","Finesse","Glacier+1","Ball Lightning","Conserve Battery","Compile Driver+1","White Noise+1","Echo Form+1","Capacitor"],"relics":["Cracked Core","Vajra","Kunai","Oddly Smooth Stone","Centennial Puzzle","Cursed Key","Red Mask","Lee\u0027s Waffle","Omamori","Anchor","Astrolabe","White Beast Statue","Thread and Needle","Old Coin","DollysMirror"],"acts_visited":["Exordium","TheCity","TheBeyond"],"potions_floor_usage":[35,44,46,50,50,50],"damage_taken":[{"damage":14.0,"enemies":"2 Louse","floor":1.0,"turns":2.0},{"damage":6.0,"enemies":"Lagavulin","floor":6.0,"turns":7.0},{"damage":46.0,"enemies":"Gremlin Nob","floor":11.0,"turns":5.0},{"damage":10.0,"enemies":"Jaw Worm","floor":12.0,"turns":4.0},{"damage":0.0,"enemies":"Small Slimes","floor":13.0,"turns":3.0},{"damage":6.0,"enemies":"3 Louse","floor":14.0,"turns":4.0},{"damage":16.0,"enemies":"Hexaghost","floor":16.0,"turns":8.0},{"damage":5.0,"enemies":"Spheric Guardian","floor":18.0,"turns":5.0},{"damage":53.0,"enemies":"Masked Bandits","floor":19.0,"turns":5.0},{"damage":12.0,"enemies":"Shell Parasite","floor":21.0,"turns":6.0},{"damage":0.0,"enemies":"Snecko","floor":22.0,"turns":4.0},{"damage":18.0,"enemies":"Book of Stabbing","floor":24.0,"turns":5.0},{"damage":38.0,"enemies":"Shelled Parasite and Fungi","floor":28.0,"turns":6.0},{"damage":11.0,"enemies":"Sentry and Sphere","floor":29.0,"turns":5.0},{"damage":9.0,"enemies":"Automaton","floor":33.0,"turns":10.0},{"damage":0,"enemies":"3 Darklings","floor":35,"turns":3},{"damage":17,"enemies":"3 Shapes","floor":36,"turns":4},{"damage":12,"enemies":"3 Darklings","floor":38,"turns":3},{"damage":0,"enemies":"Transient","floor":41,"turns":5},{"damage":14,"enemies":"2 Orb Walkers","floor":44,"turns":4},{"damage":4,"enemies":"Spire Growth","floor":46,"turns":5},{"damage":18,"enemies":"Mind Bloom Boss Battle","floor":47,"turns":8},{"damage":79,"enemies":"Awakened One","floor":50,"turns":6}],"seed_played":"-4890650229520682438","potions_obtained":[{"floor":6.0,"key":"SkillPotion"},{"floor":13.0,"key":"EssenceOfSteel"},{"floor":16.0,"key":"Strength Potion"},{"floor":18.0,"key":"ColorlessPotion"},{"floor":19.0,"key":"SkillPotion"},{"floor":24.0,"key":"Energy Potion"},{"floor":44,"key":"Block Potion"},{"floor":46,"key":"SkillPotion"},{"floor":47,"key":"FocusPotion"}],"is_trial":false,"path_per_floor":["M","?","?","$","?","E","R","?","T","R","E","M","M","M","R","B",null,"M","?","$","M","M","R","E","R","T","?","M","M","$","?","R","B",null,"M","M","$","M","?","R","M","R","T","?","$","M","?","$","R","B"],"character_chosen":"DEFECT","items_purchased":["Lee\u0027s Waffle","Omamori","PotionOfCapacity","Conserve Battery","DollysMirror","Capacitor"],"campfire_rested":3,"item_purchase_floors":[20,20,37,45,48,48],"current_hp_per_floor":[54,54,47,47,40,41,63,63,63,63,24,21,28,29,51,42,67,69,16,82,82,82,82,64,64,64,64,36,35,35,35,59,60,77,77,70,70,68,68,68,78,78,78,64,64,70,72,72,72,0,0],"gold":33,"neow_bonus":"RANDOM_COLORLESS_2","is_daily":false,"chose_seed":false,"campfire_upgraded":6,"win_rate":0.0,"timestamp":1608411502,"path_taken":["M","?","?","?","?","E","R","?","T","R","E","?","M","M","R","BOSS","M","?","$","M","M","R","E","R","T","?","M","M","$","?","R","BOSS","M","M","$","M","?","R","M","R","T","?","$","M","?","?","R","BOSS"],"items_purchased_type":["Relic","Relic","Potion","Card","Relic","Card"],"build_version":"2020-12-13","purchased_purges":3,"victory":false,"max_hp_per_floor":[75,75,75,75,75,75,75,75,75,75,75,75,75,75,75,75,75,75,75,82,82,82,82,82,82,82,82,82,82,82,82,82,82,82,82,82,82,82,82,82,82,82,82,82,82,82,82,82,82,82,82],"card_choices":[{"not_picked":["Chrysalis","Magnetism"],"picked":"Mayhem","floor":0.0},{"not_picked":["Lockon","Sunder"],"picked":"Self Repair","floor":1.0},{"not_picked":["Compile Driver","Barrage"],"picked":"Skim","floor":6.0},{"not_picked":["Recycle","Steam"],"picked":"Sweeping Beam","floor":11.0},{"not_picked":["Conserve Battery","Steam"],"picked":"Barrage","floor":12.0},{"not_picked":["Hologram","Beam Cell"],"picked":"Lockon","floor":13.0},{"not_picked":["Beam Cell","Turbo"],"picked":"Ball Lightning","floor":14.0},{"not_picked":["Amplify","Seek"],"picked":"Echo Form","floor":16.0},{"not_picked":["Beam Cell","Gash"],"picked":"Doom and Gloom","floor":18.0},{"not_picked":["Conserve Battery","Compile Driver"],"picked":"Stack+1","floor":19.0},{"not_picked":["Leap","Reprogram"],"picked":"Steam","floor":21.0},{"not_picked":["Rebound","Hello World"],"picked":"Steam","floor":22.0},{"not_picked":["Turbo","Reboot"],"picked":"Electrodynamics","floor":24.0},{"not_picked":["Aggregate","Double Energy"],"picked":"Sweeping Beam+1","floor":28.0},{"not_picked":["Aggregate","Hologram+1"],"picked":"Gash","floor":29.0},{"not_picked":["Amplify","Fission"],"picked":"Meteor Strike","floor":33.0},{"not_picked":["Leap","Rebound+1"],"picked":"Compile Driver+1","floor":35},{"not_picked":["Streamline","Hologram"],"picked":"Defragment","floor":36},{"not_picked":["Coolheaded+1","Hologram"],"picked":"Cold Snap+1","floor":38},{"not_picked":["Bandage Up","HandOfGreed"],"picked":"Finesse","floor":39},{"not_picked":["Leap","Lockon+1"],"picked":"Glacier+1","floor":41},{"not_picked":["Rip and Tear+1","Turbo+1"],"picked":"Ball Lightning","floor":44},{"not_picked":["Hologram","Loop"],"picked":"Compile Driver+1","floor":46},{"not_picked":["Stack","Static Discharge"],"picked":"White Noise","floor":47}],"player_experience":408243,"relics_obtained":[{"floor":6.0,"key":"Kunai"},{"floor":9.0,"key":"Oddly Smooth Stone"},{"floor":11.0,"key":"Centennial Puzzle"},{"floor":19.0,"key":"Red Mask"},{"floor":24.0,"key":"Anchor"},{"floor":43,"key":"White Beast Statue"},{"floor":44,"key":"Thread and Needle"},{"floor":47,"key":"Old Coin"}],"event_choices":[{"damage_healed":0.0,"max_hp_gain":0.0,"max_hp_loss":0.0,"gold_gain":0.0,"cards_transformed":["Strike_B"],"event_name":"Living Wall","player_choice":"Change","floor":2.0,"gold_loss":0.0,"damage_taken":0.0,"cards_obtained":["Reinforced Body"]},{"cards_removed":["Defend_B"],"damage_healed":0.0,"max_hp_gain":0.0,"max_hp_loss":0.0,"gold_gain":0.0,"event_name":"Golden Wing","player_choice":"Card Removal","floor":3.0,"gold_loss":0.0,"damage_taken":7.0},{"damage_healed":0.0,"max_hp_gain":0.0,"max_hp_loss":0.0,"gold_gain":0.0,"event_name":"Scrap Ooze","player_choice":"Success","floor":5.0,"gold_loss":0.0,"damage_taken":7.0,"relics_obtained":["Vajra"]},{"cards_removed":["Strike_B"],"damage_healed":0.0,"max_hp_gain":0.0,"max_hp_loss":0.0,"gold_gain":0.0,"event_name":"Purifier","player_choice":"Purged","floor":8.0,"gold_loss":0.0,"damage_taken":0.0},{"damage_healed":0.0,"max_hp_gain":0.0,"max_hp_loss":0.0,"gold_gain":0.0,"event_name":"Masked Bandits","player_choice":"Fought Bandits","floor":19.0,"gold_loss":0.0,"damage_taken":0.0},{"cards_removed":["Strike_B"],"damage_healed":0.0,"max_hp_gain":0.0,"max_hp_loss":0.0,"gold_gain":0.0,"event_name":"Back to Basics","player_choice":"Elegance","floor":27.0,"gold_loss":0.0,"damage_taken":0.0},{"damage_healed":0.0,"max_hp_gain":0.0,"max_hp_loss":0.0,"gold_gain":0.0,"event_name":"Match and Keep!","player_choice":"1 cards matched","floor":31.0,"gold_loss":0.0,"damage_taken":0.0,"cards_obtained":["Go for the Eyes"]},{"damage_healed":0,"gold_gain":0,"player_choice":"Memory 1","damage_taken":0,"max_hp_gain":0,"max_hp_loss":0,"event_name":"SensoryStone","floor":39,"gold_loss":0},{"damage_healed":0,"gold_gain":0,"player_choice":"Fight","damage_taken":0,"max_hp_gain":0,"max_hp_loss":0,"event_name":"Mysterious Sphere","floor":44,"gold_loss":0},{"damage_healed":0,"gold_gain":0,"player_choice":"Fight","damage_taken":0,"max_hp_gain":0,"max_hp_loss":0,"event_name":"MindBloom","floor":47,"gold_loss":0}],"is_beta":false,"boss_relics":[{"not_picked":["Pandora\u0027s Box","Black Star"],"picked":"Cursed Key"},{"not_picked":["Velvet Choker","SlaversCollar"],"picked":"Astrolabe"}],"items_purged_floors":[30,45,48],"is_endless":false,"potions_floor_spawned":[6,13,16,18,19,24,38,44,46,47],"killed_by":"Awakened One","ascension_level":7}}