{"host":"hv0j318t350gu4p2","time":1608412490,"event":{"mods":["AchievementEnabler","BaseMod","BetterRewards","Card Forge","Clawfect","Colored Map","Colored Powertips","Colorless Booster Pack","Custom Start","Downfall","Googly Eyes","Hero for Fun","Highlight Path","Hubris","Lobotomy","Minty Spire (QoL Compilation)","Replay The Spire","Shop Mod","StSLib","Td1madao Mod","The Animator","The Jungle","The Necromancer","Transform Curses","egg","everything is the same but u backflip on backflip"],"gold_per_floor":[111,123,123,136,152,152,169,194,194,194,221,221,221,221,253,253,253,357,357,375,427,427,427,441,472,472,498,498,513,513,523,543,577,577,577,577],"floor_reached":35,"playtime":1927,"items_purged":[],"score":403,"play_id":"844a045d-3885-45a5-a323-e329f58695f8","local_time":"20201219161450","is_ascension_mode":true,"campfire_choices":[{"floor":6.0,"key":"RECALL"},{"data":"ReplayTheSpireMod:LeadingStrike","floor":10.0,"key":"SMITH"},{"floor":17.0,"key":"REST"},{"floor":26,"key":"REST"},{"data":"Feed","floor":30,"key":"SMITH"},{"floor":34,"key":"DIG"}],"circlet_count":0,"master_deck":["Defend_R","Defend_R","Defend_R+1","Defend_R","Bash+1","Replay:Undeath\u0027s Touch+1","ShyLook","Thunderclap+1","FairyFestival","Iron Wave+1","ReplayTheSpireMod:Corrosion Curse+1","ReplayTheSpireMod:LeadingStrike+1","Thunderclap+1","BigBadWolf","Self Repair+1","HappyTeddy","Feed+1","Thunderclap+1","Life Link+1","Anger","OSAHOGD","Bite","Bite","Bite","Bite","Rebound","SpiderBud","Demonic Infusion","Murderer","Beam Cell+1","Flex+1","Glacier+1"],"relics":["Hammer of Thor","Seething Fire","Anvil of the Gods","CogitoBucket","WarpedTongs","King of Hearts","Incense Burner","HornCleat","Oddly Smooth Stone","Iron Core","Astrolabe","TreeSap","Red Skull","MutagenicStrength","Replay:Bottled Flurry","Orichalcum","Snack Pack","AspirationHeart","Replay:Rubber Ducky","Replay:Accelerometer"],"acts_visited":["Exordium","TheCity"],"potions_floor_usage":[20,25,27,33,33],"damage_taken":[{"damage":6.0,"enemies":"Jaw Worm","floor":1.0,"turns":4.0},{"damage":0.0,"enemies":"Cultist","floor":2.0,"turns":3.0},{"damage":0.0,"enemies":"Small Slimes","floor":4.0,"turns":2.0},{"damage":0.0,"enemies":"2 Fungi Beasts","floor":5.0,"turns":3.0},{"damage":9.0,"enemies":"3 Louse","floor":7.0,"turns":3.0},{"damage":30.0,"enemies":"Lagavulin","floor":8.0,"turns":6.0},{"damage":24.0,"enemies":"3 Sentries","floor":11.0,"turns":9.0},{"damage":18.0,"enemies":"Lagavulin","floor":15.0,"turns":6.0},{"damage":52.0,"enemies":"Hexaghost","floor":18.0,"turns":12.0},{"damage":25,"enemies":"Chosen","floor":20,"turns":5},{"damage":6,"enemies":"2 Thieves","floor":24,"turns":3},{"damage":32,"enemies":"Gremlin Leader","floor":25,"turns":5},{"damage":27,"enemies":"Book of Stabbing","floor":27,"turns":5},{"damage":14,"enemies":"Cultist and Chosen","floor":29,"turns":6},{"damage":53,"enemies":"Snecko","floor":31,"turns":7},{"damage":41,"enemies":"Snake Plant","floor":32,"turns":3},{"damage":0,"enemies":"Gremlin Leader","floor":33,"turns":4},{"damage":55,"enemies":"Collector","floor":35,"turns":10}],"seed_played":"6821960744217985020","potions_obtained":[{"floor":7.0,"key":"Dexterity Potion"},{"floor":8.0,"key":"Adrenaline Potion"},{"floor":15.0,"key":"PowerPotion"},{"floor":18.0,"key":"DuplicationPotion"},{"floor":20,"key":"Energy Potion"},{"floor":25,"key":"Weak Potion"},{"floor":31,"key":"Flashbang"},{"floor":32,"key":"Fire Potion"}],"is_trial":false,"path_per_floor":["M","M","?","M","M","R","M","E","T","R","E","?","PTL","PTL","E","?","R","B",null,"M","T","?","?","M","E","R","E","T","M","R","M","M","E","R_BF","B"],"character_chosen":"IRONCLAD","items_purchased":[],"campfire_rested":2,"item_purchase_floors":[],"current_hp_per_floor":[80,80,80,80,80,80,79,60,60,60,46,46,46,46,36,36,60,21,80,76,76,62,62,61,38,56,49,49,66,66,42,15,27,27,0,0],"gold":577,"neow_bonus":"","is_daily":false,"chose_seed":false,"campfire_upgraded":2,"win_rate":0.0,"timestamp":1608412490,"path_taken":["M","M","?","?","M","R","M","E","T","R","E","?","PTL","PTL","E","?","R","BOSS","M","?","?","?","M","E","R","E","T","M","R","?","M","E","R_BF","BOSS"],"items_purchased_type":[],"build_version":"2020-12-13","purchased_purges":0,"victory":false,"max_hp_per_floor":[80,80,80,80,80,80,80,80,80,80,80,80,80,80,80,80,80,80,80,89,89,62,62,62,62,62,62,62,66,66,76,76,80,80,80,80],"card_choices":[{"not_picked":["BeautyBeast","SpiderBud"],"picked":"PunishingBird","floor":1.0},{"not_picked":["ReplayTheSpireMod:Strike From Hell","Clash"],"picked":"Replay:Undeath\u0027s Touch","floor":1.0},{"not_picked":["OSAHOGD","BeautyBeast"],"picked":"ShyLook","floor":2.0},{"not_picked":["Fiend Fire","Armaments"],"picked":"Thunderclap","floor":2.0},{"not_picked":["OSAHOGD","MHz","MeatLantern"],"picked":"Singing Bowl","floor":4.0},{"not_picked":["VoidDream","CrumblingArmor"],"picked":"FairyFestival","floor":4.0},{"not_picked":["Berserk","Rage"],"picked":"Iron Wave","floor":4.0},{"not_picked":["hubris:ReadiedAction","Dark Embrace"],"picked":"Disarm","floor":5.0},{"not_picked":["ReplayTheSpireMod:Muscle Training","Shrug It Off"],"picked":"ReplayTheSpireMod:Corrosion Curse","floor":7.0},{"not_picked":["GreedKing","MeatLantern"],"picked":"CherryBlossoms","floor":8.0},{"not_picked":["Anger","Disarm"],"picked":"ReplayTheSpireMod:LeadingStrike","floor":8.0},{"not_picked":["MeatLantern","CrumblingArmor"],"picked":"MHz","floor":11.0},{"not_picked":["ReplayTheSpireMod:Strike From Hell","Twin Strike"],"picked":"Thunderclap","floor":11.0},{"not_picked":["BeautyBeast","Wellcheers"],"picked":"BigBadWolf","floor":15.0},{"not_picked":["ReplayTheSpireMod:Stacked","Clothesline"],"picked":"Shrug It Off","floor":15.0},{"not_picked":["OldLady","UniverseFragment","Scorched"],"picked":"Singing Bowl","floor":18.0},{"not_picked":["Bloodbath","VoidDream"],"picked":"HappyTeddy","floor":18.0},{"not_picked":["Fiend Fire","ReplayTheSpireMod:Omega Cannon"],"picked":"Feed","floor":18.0},{"not_picked":["Body Slam","ReplayTheSpireMod:Corrosion Curse"],"picked":"Anger","floor":20},{"not_picked":["CherryBlossoms","UniverseFragment"],"picked":"OSAHOGD","floor":20},{"not_picked":["HeroicMonk","RedShoes","SingingMachine"],"picked":"Singing Bowl","floor":24},{"not_picked":["hubris:ReadiedAction+1","Turbo"],"picked":"Rebound","floor":24},{"not_picked":["Bloodbath","HeroicMonk","QueenOfHatred"],"picked":"Singing Bowl","floor":25},{"not_picked":["Beam Cell","Run Through","Recycle"],"picked":"SKIP","floor":25},{"not_picked":["Juggernaut","Whirlwind","WeaponsOverheat"],"picked":"SKIP","floor":27},{"not_picked":["Freischutz","Bloodbath"],"picked":"SpiderBud","floor":29},{"not_picked":["Run Through","Defragment"],"picked":"Demonic Infusion","floor":29},{"not_picked":["PunishingBird","BigBird"],"picked":"Murderer","floor":31},{"not_picked":["Hologram","Evolve"],"picked":"Beam Cell+1","floor":31},{"not_picked":["Havoc","Gash"],"picked":"Flex+1","floor":32},{"not_picked":["Clothesline+1","Defy Death"],"picked":"Glacier+1","floor":33}],"player_experience":47615,"relics_obtained":[{"floor":8.0,"key":"King of Hearts"},{"floor":9.0,"key":"Incense Burner"},{"floor":11.0,"key":"HornCleat"},{"floor":15.0,"key":"Oddly Smooth Stone"},{"floor":21,"key":"Red Skull"},{"floor":25,"key":"Replay:Bottled Flurry"},{"floor":27,"key":"Orichalcum"},{"floor":28,"key":"Snack Pack"},{"floor":33,"key":"Replay:Rubber Ducky"},{"floor":34,"key":"Replay:Accelerometer"}],"event_choices":[{"damage_healed":0.0,"max_hp_gain":0.0,"max_hp_loss":0.0,"gold_gain":0.0,"event_name":"Accursed Blacksmith","player_choice":"Rummage","floor":3.0,"gold_loss":0.0,"damage_taken":0.0,"relics_obtained":["WarpedTongs"],"cards_obtained":["Pain"]},{"damage_healed":0,"gold_gain":0,"player_choice":"Became a vampire","damage_taken":0,"max_hp_gain":0,"max_hp_loss":27,"event_name":"Vampires","floor":22,"gold_loss":0,"cards_obtained":["Bite","Bite","Bite","Bite","Bite"]},{"damage_healed":0,"gold_gain":0,"player_choice":"Inject Mutagens","damage_taken":0,"relics_obtained":["MutagenicStrength"],"max_hp_gain":0,"max_hp_loss":0,"event_name":"Drug Dealer","floor":23,"gold_loss":0}],"is_beta":false,"boss_relics":[{"not_picked":["Busted Crown","Runic Pyramid"],"picked":"Astrolabe"}],"items_purged_floors":[],"is_endless":false,"potions_floor_spawned":[7,8,15,18,20,25,31,32],"killed_by":"Collector","ascension_level":1}}