{"host":"Teixeira","time":1608397888,"event":{"mods":["2.2 Compatiblity","Aspiration","BaseMod","Better Match","Better Note","Better Sensory Stone","Better Skull","Better Third Choice","Colored Map","Colored Powertips","Hermit","Hubris","Infinite Spire","Marked Mod","Minty Spire (QoL Compilation)","Permanent Neow","Quick Restart","Rare Cards Sparkle","Relic Filter","Replay The Spire","Spicy Shops","StSLib","SuperFastMode"],"gold_per_floor":[123,144,198,217,217,258,282,321,321,321,321,346,361,54,54,70,70,190,190,215,235,62,62,86,86,101,101,146,164,164,164,89,105,105,242,242,273,310,310,31,58,101,101,101,101,101,151,151,177,177,177,177],"floor_reached":53,"playtime":3495,"items_purged":["Strike_B","Doubt","Hallucinations","Pain"],"score":856,"play_id":"72ba7b48-4929-448e-bfae-684325a6a4be","local_time":"20201219141128","is_ascension_mode":true,"campfire_choices":[{"floor":15.0,"key":"REST"},{"floor":17.0,"key":"DIG"},{"data":"Blizzard","floor":25.0,"key":"SMITH"},{"data":"Self Repair","floor":27.0,"key":"SMITH"},{"data":"Coolheaded","floor":31.0,"key":"SMITH"},{"data":"Biased Cognition","floor":34.0,"key":"SMITH"},{"data":"aspiration:Polymerization","floor":44.0,"key":"SMITH"},{"data":"Cold Snap","floor":48.0,"key":"SMITH"},{"floor":51,"key":"REST"}],"circlet_count":0,"master_deck":["Strike_B","Strike_B","Defend_B+1","Defend_B+1","Defend_B+1","Coolheaded+1","Cold Snap+1","Cold Snap+1","Blizzard+1","Cold Snap+1","Self Repair+1","Biased Cognition+1","Steam Power+1","aspiration:Polymerization+1","hubris:PowerSurge+1"],"relics":["Cracked Core","aspiration:Nostalgia","Sizzling Blood","Golden Idol","Question Card","hubris:TinFlute","Pantograph","Garlic","hubris:MedicalManual","Counterbalance","DollysMirror","Simple Rune","Kintsugi","Membership Card","infinitespire:Satchel","aspiration:IroncladSkillbook","infinitespire:EvilPickle","aspiration:PoetsPen_weak","aspiration:SeaSaltIceCream","aspiration:HummingbirdHeart","infinitespire:Freezer","aspiration:EnhancedActuators","Replay:Bottled Steam","Bottled Lightning","Regal Pillow"],"acts_visited":["Exordium","TheCity","TheBeyond"],"potions_floor_usage":[52],"damage_taken":[{"damage":0.0,"enemies":"2 Louse","floor":1.0,"turns":2.0},{"damage":11.0,"enemies":"Small Slimes","floor":2.0,"turns":3.0},{"damage":0.0,"enemies":"Cultist","floor":4.0,"turns":4.0},{"damage":6.0,"enemies":"3 Sentries","floor":6.0,"turns":12.0},{"damage":2.0,"enemies":"3 Louse","floor":7.0,"turns":3.0},{"damage":31.0,"enemies":"Lagavulin","floor":8.0,"turns":7.0},{"damage":11.0,"enemies":"Large Slime","floor":12.0,"turns":6.0},{"damage":5.0,"enemies":"2 Fungi Beasts","floor":13.0,"turns":4.0},{"damage":6.0,"enemies":"Gremlin Gang","floor":16.0,"turns":3.0},{"damage":14.0,"enemies":"The Guardian","floor":18.0,"turns":12.0},{"damage":5.0,"enemies":"Spheric Guardian","floor":20.0,"turns":6.0},{"damage":38.0,"enemies":"Shell Parasite","floor":21.0,"turns":9.0},{"damage":22.0,"enemies":"Snake Plant","floor":24.0,"turns":8.0},{"damage":31.0,"enemies":"Centurion and Healer","floor":26.0,"turns":9.0},{"damage":17.0,"enemies":"Chosen and Byrds","floor":29.0,"turns":9.0},{"damage":0.0,"enemies":"Sentry and Sphere","floor":33.0,"turns":5.0},{"damage":14.0,"enemies":"Pondfish","floor":35.0,"turns":8.0},{"damage":0.0,"enemies":"3 Darklings","floor":37.0,"turns":4.0},{"damage":14.0,"enemies":"3 Shapes","floor":38.0,"turns":5.0},{"damage":2.0,"enemies":"Maw","floor":41.0,"turns":7.0},{"damage":36.0,"enemies":"Nemesis","floor":42.0,"turns":9.0},{"damage":55.0,"enemies":"Nightmare","floor":47.0,"turns":9.0},{"damage":18,"enemies":"Sphere and 2 Shapes","floor":49,"turns":5},{"damage":16,"enemies":"Awakened One","floor":52,"turns":11}],"seed_played":"-3586309539576417806","potions_obtained":[{"floor":4.0,"key":"Milkshake"},{"floor":6.0,"key":"SneckoOil"},{"floor":7.0,"key":"Swift Potion"},{"floor":12.0,"key":"DuplicationPotion"},{"floor":16.0,"key":"Fire Potion"},{"floor":21.0,"key":"EssenceOfSteel"},{"floor":41.0,"key":"ColorlessPotion"},{"floor":47.0,"key":"LiquidMemories"},{"floor":49,"key":"FearPotion"}],"is_trial":false,"path_per_floor":["M","M","?","M","?","E","M","E","T","PTL","PTL","M","M","$","R","M","R_BF","B",null,"M","M","$","?","M","R","M","R","T","M","AVR","R","?","M","R","B",null,"M","M","?","$","M","E","?","R","T","?","NM","R","M","?","R_BF","B",null],"character_chosen":"DEFECT","items_purchased":["Counterbalance","DollysMirror","Membership Card","aspiration:SeaSaltIceCream","infinitespire:Freezer","aspiration:EnhancedActuators"],"campfire_rested":2,"item_purchase_floors":[14,14,22,40,40,40],"current_hp_per_floor":[79,72,53,57,41,39,41,14,14,14,14,7,6,6,29,27,27,49,79,79,52,52,52,41,41,21,21,21,18,18,18,18,36,36,65,79,79,79,79,79,79,61,61,61,61,61,24,24,24,24,61,75],"gold":177,"neow_bonus":"NOSTALGIA","is_daily":false,"chose_seed":false,"campfire_upgraded":6,"win_rate":0.0,"timestamp":1608397888,"path_taken":["M","M","?","M","?","E","M","E","T","PTL","PTL","M","M","$","R","M","R_BF","BOSS","M","M","$","?","M","R","M","R","T","M","AVR","R","?","M","R","BOSS","M","M","?","$","M","E","?","R","T","?","NM","R","?","?","R_BF","BOSS"],"items_purchased_type":["Relic","Relic","Relic","Relic","Relic","Relic"],"build_version":"2020-11-17","purchased_purges":4,"victory":true,"max_hp_per_floor":[79,79,79,79,79,79,79,79,79,79,79,79,79,79,79,79,79,79,79,79,79,79,79,79,79,79,79,79,79,79,79,79,79,79,79,79,79,79,79,79,79,79,75,75,75,75,75,75,75,75,75,75],"card_choices":[{"not_picked":["Redo","Gash","Rebound"],"picked":"Coolheaded","floor":1.0},{"not_picked":["Gash","Turbo","Doom and Gloom"],"picked":"Panic Button","floor":2.0},{"not_picked":["ReplayTheSpireMod:Reroute Power","Defragment","BasicCrystalCard"],"picked":"Cold Snap","floor":3.0},{"not_picked":["Recycle","Panic Button","Stack"],"picked":"BasicCrystalCard","floor":3.0},{"not_picked":["Panic Button","ReplayTheSpireMod:Reroute Power","Buffer","Streamline"],"picked":"SKIP","floor":4.0},{"not_picked":["Panic Button","Go for the Eyes","BootSequence","Time Bomb"],"picked":"SKIP","floor":6.0},{"not_picked":["Go for the Eyes","Ball Lightning","Conserve Battery"],"picked":"Cold Snap","floor":7.0},{"not_picked":["hubris:Prefetch","Stack","Go for the Eyes","BasicCrystalCard"],"picked":"SKIP","floor":8.0},{"not_picked":["Thunder Strike","Go for the Eyes","Steam Power"],"picked":"Blizzard","floor":12.0},{"not_picked":["Hologram","ReplayTheSpireMod:Reroute Power","Go for the Eyes"],"picked":"Barrage","floor":13.0},{"not_picked":["Capacitor","BootSequence","ReplayTheSpireMod:System Scan"],"picked":"Self Repair","floor":16.0},{"not_picked":["Meteor Strike","Seek","All For One"],"picked":"Biased Cognition","floor":18.0},{"not_picked":["Compile Driver+1","Auto Shields","Streamline","Steam"],"picked":"SKIP","floor":20.0},{"not_picked":["Compile Driver+1","Sweeping Beam","BasicCrystalCard+1","Rebound+1"],"picked":"SKIP","floor":21.0},{"not_picked":["BootSequence","Rebound+1","Ball Lightning","Consume"],"picked":"SKIP","floor":24.0},{"not_picked":["ReplayTheSpireMod:System Scan","Scrape","Turbo","Cold Snap"],"picked":"SKIP","floor":26.0},{"not_picked":["BasicCrystalCard","Coolheaded","Go for the Eyes","ReplayTheSpireMod:Fabricate Wheel"],"picked":"SKIP","floor":29.0},{"not_picked":["Aggregate","Headbutt","Pummel","Gash"],"picked":"Steam Power+1","floor":33.0},{"not_picked":["Evolve","Barrage+1","ReplayTheSpireMod:Reroute Power","Redo+1","Ball Lightning+1"],"picked":"SKIP","floor":37.0},{"not_picked":["BootSequence","Compile Driver","Iron Wave","Burning Pact+1"],"picked":"aspiration:Polymerization","floor":38.0},{"not_picked":["Combust+1","Metallicize+1","Armaments+1","Thunder Strike"],"picked":"hubris:PowerSurge","floor":41.0},{"not_picked":["Replay:Undeath\u0027s Touch+1","Demonic Infusion","Defy Death","Flex","Stack+1"],"picked":"SKIP","floor":42.0},{"not_picked":["Twin Strike","ReplayTheSpireMod:LeadingStrike","Streamline+1","FTL+1","Undo+1"],"picked":"SKIP","floor":47.0},{"not_picked":["Entrench","Clothesline+1","Flame Barrier","Conserve Battery+1","Sword Boomerang+1"],"picked":"SKIP","floor":49}],"player_experience":39795,"relics_obtained":[{"floor":3.0,"key":"hubris:TinFlute"},{"floor":6.0,"key":"Pantograph"},{"floor":8.0,"key":"Garlic"},{"floor":9.0,"key":"hubris:MedicalManual"},{"floor":17.0,"key":"Simple Rune"},{"floor":28.0,"key":"infinitespire:Satchel"},{"floor":42.0,"key":"Replay:Bottled Steam"},{"floor":45.0,"key":"Bottled Lightning"},{"floor":47.0,"key":"Regal Pillow"}],"event_choices":[{"damage_healed":57.0,"max_hp_gain":0.0,"max_hp_loss":79.0,"gold_gain":0.0,"event_name":"betterThird:BetterShining","player_choice":"Upgrade","floor":5.0,"gold_loss":0.0,"damage_taken":16.0,"cards_upgraded":["Cold Snap","Defend_B"]},{"damage_healed":0.0,"max_hp_gain":0.0,"max_hp_loss":0.0,"gold_gain":0.0,"event_name":"betterNote:BetterNote","player_choice":"Ignored","floor":23.0,"gold_loss":0.0,"damage_taken":0.0,"cards_obtained":["WeaponsOverheat"]},{"cards_removed":["Dualcast"],"damage_healed":0.0,"max_hp_gain":0.0,"max_hp_loss":0.0,"gold_gain":0.0,"event_name":"Beggar","player_choice":"Gave Gold","floor":32.0,"gold_loss":75.0,"damage_taken":0.0},{"damage_healed":0.0,"max_hp_gain":0.0,"max_hp_loss":4.0,"gold_gain":0.0,"event_name":"Winding Halls","player_choice":"Max HP","floor":43.0,"gold_loss":0.0,"damage_taken":0.0},{"damage_healed":0.0,"max_hp_gain":0.0,"max_hp_loss":0.0,"gold_gain":0.0,"event_name":"Upgrade Shrine","player_choice":"Upgraded","floor":46.0,"gold_loss":0.0,"damage_taken":0.0,"cards_upgraded":["hubris:PowerSurge"]},{"cards_removed":["Barrage"],"damage_healed":0,"gold_gain":0,"player_choice":"Removed Attack","damage_taken":0,"max_hp_gain":0,"max_hp_loss":0,"event_name":"Falling","floor":50,"gold_loss":0}],"is_beta":true,"boss_relics":[{"not_picked":["Empty Cage","hubris:BlackHole"],"picked":"Kintsugi"},{"not_picked":["hubris:VirtuousBlindfold","aspiration:SecretTechniqueScroll"],"picked":"aspiration:PoetsPen_weak"}],"items_purged_floors":[14,22,22,30],"is_endless":false,"potions_floor_spawned":[4,6,7,12,16,21,41,47,49],"ascension_level":3}}