{"host":"tjq6rykv202u6iqx","time":1608396682,"event":{"mods":["AchievementEnabler","BaseMod","Minty Spire (QoL Compilation)","Rare Cards Sparkle","Relic Stats"],"gold_per_floor":[117,130,150,57,69,98,98,123,123,152,217,227,227,262,262,339,389,405,422,422,337,357,386,85,85,136,171,171,182,208,228,228,306,306,325,335,335,126,141,141,166,191,191,222,222,242,242,252,252,252,252,252,118,148,148],"floor_reached":56,"playtime":6701,"items_purged":["Strike_R","Strike_R"],"score":2198,"play_id":"a00b89fb-8545-4bc5-97f9-1f52ef15c52a","local_time":"20201219105122","is_ascension_mode":true,"campfire_choices":[{"data":"Blood for Blood","floor":7.0,"key":"SMITH"},{"data":"Shockwave","floor":13.0,"key":"SMITH"},{"data":"Inflame","floor":15.0,"key":"SMITH"},{"data":"Feel No Pain","floor":25.0,"key":"SMITH"},{"floor":28.0,"key":"REST"},{"data":"Pommel Strike","floor":32.0,"key":"SMITH"},{"data":"Demon Form","floor":40.0,"key":"SMITH"},{"data":"Dual Wield","floor":45.0,"key":"SMITH"},{"floor":47.0,"key":"RECALL"},{"floor":49.0,"key":"REST"},{"floor":52,"key":"REST"}],"circlet_count":0,"master_deck":["AscendersBane","Strike_R","Defend_R+1","Defend_R","Defend_R","Defend_R","Bash","Battle Trance","True Grit","Shockwave+1","Blood for Blood+1","Corruption+1","Inflame+1","Power Through","Limit Break","Impervious","Shrug It Off","Pommel Strike+1","Dropkick","Inflame+1","Feel No Pain+1","Heavy Blade+1","Twin Strike","Twin Strike+1","Dark Embrace","Feed","Clash+1","Offering+1","Hemokinesis+1","Demon Form+1","Dual Wield+1","Evolve","Pummel","Shrug It Off","Sever Soul","Burning Pact","Shockwave+1","Feel No Pain"],"relics":["Runic Dome","Mummified Hand","Akabeko","Juzu Bracelet","StrikeDummy","Bag of Preparation","Lantern","Tiny House","Kunai","Pen Nib","Nunchaku","Strawberry","Meat on the Bone","Potion Belt","Astrolabe","Lizard Tail","Du-Vu Doll","Paper Frog","War Paint"],"acts_visited":["Exordium","TheCity","TheBeyond","TheEnding"],"potions_floor_usage":[55,55,55,55,55,55,55,55],"damage_taken":[{"damage":0.0,"enemies":"Cultist","floor":1.0,"turns":2.0},{"damage":3.0,"enemies":"Small Slimes","floor":2.0,"turns":4.0},{"damage":5.0,"enemies":"Jaw Worm","floor":3.0,"turns":3.0},{"damage":1.0,"enemies":"Blue Slaver","floor":5.0,"turns":4.0},{"damage":8.0,"enemies":"Gremlin Nob","floor":6.0,"turns":4.0},{"damage":15.0,"enemies":"Lagavulin","floor":8.0,"turns":4.0},{"damage":15.0,"enemies":"3 Sentries","floor":10.0,"turns":8.0},{"damage":5.0,"enemies":"3 Sentries","floor":11.0,"turns":4.0},{"damage":0.0,"enemies":"Looter","floor":12.0,"turns":2.0},{"damage":13.0,"enemies":"Gremlin Nob","floor":14.0,"turns":3.0},{"damage":7.0,"enemies":"Hexaghost","floor":16.0,"turns":5.0},{"damage":1.0,"enemies":"Chosen","floor":18.0,"turns":3.0},{"damage":11.0,"enemies":"Spheric Guardian","floor":19.0,"turns":4.0},{"damage":7.0,"enemies":"Centurion and Healer","floor":22.0,"turns":5.0},{"damage":0.0,"enemies":"Gremlin Leader","floor":23.0,"turns":4.0},{"damage":14.0,"enemies":"Book of Stabbing","floor":27.0,"turns":4.0},{"damage":0.0,"enemies":"Cultist and Chosen","floor":29.0,"turns":4.0},{"damage":0.0,"enemies":"Slavers","floor":30.0,"turns":3.0},{"damage":1.0,"enemies":"Snake Plant","floor":31.0,"turns":3.0},{"damage":18.0,"enemies":"Champ","floor":33.0,"turns":6.0},{"damage":0.0,"enemies":"3 Shapes","floor":35.0,"turns":4.0},{"damage":1.0,"enemies":"Orb Walker","floor":36.0,"turns":2.0},{"damage":6.0,"enemies":"Transient","floor":39.0,"turns":5.0},{"damage":9.0,"enemies":"Nemesis","floor":41.0,"turns":7.0},{"damage":8.0,"enemies":"Mind Bloom Boss Battle","floor":42.0,"turns":5.0},{"damage":27.0,"enemies":"Reptomancer","floor":44.0,"turns":5.0},{"damage":36.0,"enemies":"Writhing Mass","floor":46.0,"turns":3.0},{"damage":6.0,"enemies":"4 Shapes","floor":48.0,"turns":6.0},{"damage":64,"enemies":"Time Eater","floor":50,"turns":5},{"damage":8,"enemies":"Shield and Spear","floor":54,"turns":3},{"damage":36,"enemies":"The Heart","floor":55,"turns":5}],"seed_played":"7369264728104551916","potions_obtained":[{"floor":2.0,"key":"Fruit Juice"},{"floor":3.0,"key":"SpeedPotion"},{"floor":5.0,"key":"Dexterity Potion"},{"floor":8.0,"key":"BloodPotion"},{"floor":11.0,"key":"BlessingOfTheForge"},{"floor":17.0,"key":"Energy Potion"},{"floor":22.0,"key":"DuplicationPotion"},{"floor":23.0,"key":"Weak Potion"},{"floor":27.0,"key":"SkillPotion"},{"floor":33.0,"key":"Energy Potion"},{"floor":36.0,"key":"EntropicBrew"},{"floor":44.0,"key":"Energy Potion"},{"floor":54,"key":"ElixirPotion"}],"is_trial":false,"path_per_floor":["M","M","M","$","M","E","R","E","T","E","?","M","R","E","R","B",null,"M","M","?","?","M","E","$","R","T","E","R","M","E","M","R","B",null,"M","M","?","$","M","R","E","?","T","E","R","M","R","M","R","B",null,"R","$","E","B",null],"character_chosen":"IRONCLAD","items_purchased":["Shockwave","Clash","Feel No Pain","Nunchaku","Demon Form","Dual Wield","Shockwave"],"campfire_rested":3,"item_purchase_floors":[4,4,24,24,38,38,53],"current_hp_per_floor":[68,65,60,60,64,56,56,41,41,26,37,37,37,24,24,17,69,68,57,32,32,25,25,25,25,32,18,47,59,59,58,58,52,86,89,88,88,88,82,82,73,68,68,56,56,35,35,44,77,28,93,115,115,107,71],"gold":148,"neow_bonus":"BOSS_RELIC","is_daily":false,"chose_seed":false,"campfire_upgraded":7,"win_rate":0.0,"timestamp":1608396682,"path_taken":["M","?","M","$","M","E","R","E","T","E","?","M","R","E","R","BOSS","M","M","?","?","M","E","$","R","T","E","R","M","E","M","R","BOSS","M","M","?","$","M","R","E","?","T","E","R","M","R","M","R","BOSS","R","$","E","BOSS"],"items_purchased_type":["Card","Card","Card","Relic","Card","Card","Card"],"build_version":"2020-12-13","purchased_purges":2,"victory":true,"max_hp_per_floor":[75,75,75,75,80,80,80,80,80,80,80,80,80,80,80,80,85,85,85,90,90,90,90,90,90,97,97,97,97,97,97,97,97,97,100,100,100,100,100,100,100,103,103,106,106,109,109,112,112,115,115,115,115,115,115],"relic_stats":{"Nunchaku":[13],"Lizard Tail":0,"counters":[31,129],"Mummified Hand":[122],"Astrolabe":["Clash","Offering","Hemokinesis"],"Pen Nib":[13],"Juzu Bracelet":0,"Bag of Preparation":[48],"Kunai":[26],"War Paint":["Defend_R","Shockwave"],"obtain_stats":[{"Potion Belt":30,"Lantern":14,"Tiny House":17,"Astrolabe":34,"Pen Nib":23,"Juzu Bracelet":9,"Bag of Preparation":11,"War Paint":54,"Burning Blood":0,"Akabeko":8,"Du-Vu Doll":42,"Runic Dome":0,"Nunchaku":24,"Lizard Tail":41,"Mummified Hand":6,"Strawberry":26,"Kunai":21,"StrikeDummy":10,"Meat on the Bone":27,"Paper Frog":44},{"Potion Belt":18,"Lantern":10,"Tiny House":11,"Astrolabe":20,"Pen Nib":15,"Juzu Bracelet":6,"Bag of Preparation":7,"War Paint":30,"Burning Blood":0,"Akabeko":6,"Du-Vu Doll":25,"Runic Dome":0,"Nunchaku":15,"Lizard Tail":24,"Mummified Hand":5,"Strawberry":15,"Kunai":13,"StrikeDummy":7,"Meat on the Bone":16,"Paper Frog":26},{"Potion Belt":70,"Lantern":38,"Tiny House":43,"Astrolabe":79,"Pen Nib":59,"Juzu Bracelet":21,"Bag of Preparation":29,"War Paint":124,"Burning Blood":0,"Akabeko":21,"Du-Vu Doll":102,"Runic Dome":0,"Nunchaku":59,"Lizard Tail":97,"Mummified Hand":17,"Strawberry":59,"Kunai":50,"StrikeDummy":29,"Meat on the Bone":63,"Paper Frog":107}],"Meat on the Bone":72},"card_choices":[{"not_picked":["Anger","Cleave"],"picked":"Clothesline","floor":1.0},{"not_picked":["Power Through","Intimidate"],"picked":"Battle Trance","floor":2.0},{"not_picked":["Clash","Armaments"],"picked":"True Grit","floor":3.0},{"not_picked":["Flex","Sentinel"],"picked":"Blood for Blood","floor":5.0},{"not_picked":["Anger","Entrench"],"picked":"Corruption","floor":6.0},{"not_picked":["Body Slam","True Grit"],"picked":"Inflame","floor":8.0},{"not_picked":["Flex","Clothesline"],"picked":"Power Through","floor":10.0},{"not_picked":["Intimidate","Rage","Pommel Strike"],"picked":"SKIP","floor":12.0},{"not_picked":["Flex","Second Wind"],"picked":"Limit Break","floor":14.0},{"not_picked":["Immolate","Bludgeon"],"picked":"Impervious","floor":16.0},{"not_picked":["Perfected Strike","Fire Breathing"],"picked":"Shrug It Off","floor":18.0},{"not_picked":["Fire Breathing","Limit Break"],"picked":"Pommel Strike","floor":19.0},{"not_picked":["Havoc","Spot Weakness"],"picked":"Dropkick","floor":22.0},{"not_picked":["Second Wind","Armaments"],"picked":"Inflame+1","floor":23.0},{"not_picked":["Warcry+1","Body Slam"],"picked":"Heavy Blade+1","floor":27.0},{"not_picked":["Carnage","Headbutt"],"picked":"Twin Strike","floor":29.0},{"not_picked":["Clash","Clothesline"],"picked":"Twin Strike+1","floor":30.0},{"not_picked":["Infernal Blade","Iron Wave"],"picked":"Dark Embrace","floor":31.0},{"not_picked":["Limit Break","Double Tap"],"picked":"Feed","floor":33.0},{"not_picked":["Thunderclap+1","Clash","Twin Strike"],"picked":"SKIP","floor":35.0},{"not_picked":["Whirlwind","Clash","Cleave"],"picked":"SKIP","floor":36.0},{"not_picked":["Flex","Sever Soul"],"picked":"Evolve","floor":39.0},{"not_picked":["Wild Strike+1","Clash"],"picked":"Pummel","floor":41.0},{"not_picked":["Pummel","Anger"],"picked":"Shrug It Off","floor":42.0},{"not_picked":["Clothesline+1","Flex+1","Entrench"],"picked":"SKIP","floor":44.0},{"not_picked":["Clothesline+1","Flex+1","Entrench"],"picked":"SKIP","floor":44.0},{"not_picked":["Thunderclap","Entrench"],"picked":"Sever Soul","floor":46.0},{"not_picked":["Evolve","Inflame"],"picked":"Burning Pact","floor":48.0},{"not_picked":["Pommel Strike","Wild Strike"],"picked":"Feel No Pain","floor":54}],"player_experience":736922,"relics_obtained":[{"floor":6.0,"key":"Mummified Hand"},{"floor":8.0,"key":"Akabeko"},{"floor":9.0,"key":"Juzu Bracelet"},{"floor":10.0,"key":"StrikeDummy"},{"floor":14.0,"key":"Lantern"},{"floor":23.0,"key":"Pen Nib"},{"floor":26.0,"key":"Strawberry"},{"floor":27.0,"key":"Meat on the Bone"},{"floor":30.0,"key":"Potion Belt"},{"floor":41.0,"key":"Lizard Tail"},{"floor":42.0,"key":"Du-Vu Doll"},{"floor":44.0,"key":"Paper Frog"},{"floor":54,"key":"War Paint"}],"event_choices":[{"damage_healed":0.0,"max_hp_gain":0.0,"max_hp_loss":0.0,"gold_gain":30.0,"event_name":"Dead Adventurer","player_choice":"Searched \u00273\u0027 times","floor":11.0,"gold_loss":0.0,"damage_taken":0.0,"relics_obtained":["Bag of Preparation"]},{"damage_healed":0.0,"max_hp_gain":5.0,"max_hp_loss":0.0,"gold_gain":0.0,"event_name":"Forgotten Altar","player_choice":"Shed Blood","floor":20.0,"gold_loss":0.0,"damage_taken":30.0},{"damage_healed":0.0,"max_hp_gain":0.0,"max_hp_loss":0.0,"gold_gain":0.0,"event_name":"Addict","player_choice":"Obtained Relic","floor":21.0,"gold_loss":85.0,"damage_taken":0.0,"relics_obtained":["Kunai"]},{"cards_removed":["Clothesline"],"damage_healed":0.0,"max_hp_gain":0.0,"max_hp_loss":0.0,"gold_gain":0.0,"event_name":"Falling","player_choice":"Removed Attack","floor":37.0,"gold_loss":0.0,"damage_taken":0.0},{"damage_healed":0.0,"max_hp_gain":0.0,"max_hp_loss":0.0,"gold_gain":0.0,"event_name":"MindBloom","player_choice":"Fight","floor":42.0,"gold_loss":0.0,"damage_taken":0.0}],"is_beta":false,"boss_relics":[{"not_picked":["SlaversCollar","Runic Pyramid"],"picked":"Tiny House"},{"not_picked":["Busted Crown","Snecko Eye"],"picked":"Astrolabe"}],"items_purged_floors":[24,53],"is_endless":false,"potions_floor_spawned":[2,3,5,8,11,14,18,22,23,27,33,36,39,44,46,48,54],"ascension_level":15}}