{"host":"q89ui3xtee35wkxq","time":1608407509,"event":{"mods":["Act Like it!","BaseMod","BetterRewards","Colored Map","Colored Powertips","Custom Start","Minty Spire (QoL Compilation)","Rare Cards Sparkle","Shop Mod","Swap Starting Deck Mod"],"gold_per_floor":[116,135,135,148,167,167,181,197,246,262,262,105,105,123,123,226,226,236,236,236,236],"floor_reached":20,"playtime":1389,"items_purged":[],"score":305,"play_id":"fb1b08a5-a21a-4054-892f-0ee3d6324d0b","local_time":"20201219225149","is_ascension_mode":true,"campfire_choices":[{"data":"Unload","floor":6,"key":"SMITH"},{"data":"Terror","floor":11,"key":"SMITH"},{"data":"PiercingWail","floor":13,"key":"SMITH"},{"data":"Blade Dance","floor":15,"key":"SMITH"}],"circlet_count":0,"master_deck":["Strike_G","Strike_G","Strike_G","Strike_G","Strike_G","Defend_G","Defend_G","Defend_G","Defend_G","Defend_G","Survivor","Neutralize","Blade Dance","PiercingWail+1","Neutralize","Outmaneuver","Unload+1","Slice","Cloak And Dagger","Blade Dance+1","Terror+1","Well Laid Plans","After Image","PiercingWail"],"relics":["Ring of the Snake","NeowsBlessing","Blood Vial","Art of War","Fusion Hammer"],"acts_visited":["Exordium","TheCity"],"potions_floor_usage":[10,16,16],"damage_taken":[{"damage":0,"enemies":"Small Slimes","floor":1,"turns":1},{"damage":0,"enemies":"Cultist","floor":2,"turns":1},{"damage":0,"enemies":"2 Louse","floor":4,"turns":1},{"damage":0,"enemies":"Blue Slaver","floor":5,"turns":4},{"damage":7,"enemies":"Exordium Thugs","floor":7,"turns":5},{"damage":0,"enemies":"2 Fungi Beasts","floor":8,"turns":3},{"damage":2,"enemies":"Exordium Wildlife","floor":10,"turns":3},{"damage":0,"enemies":"3 Louse","floor":14,"turns":3},{"damage":0,"enemies":"Slime Boss","floor":16,"turns":5},{"damage":9,"enemies":"Chosen","floor":18,"turns":5},{"damage":88,"enemies":"Spheric Guardian","floor":20,"turns":7}],"seed_played":"534707047235660900","potions_obtained":[{"floor":1,"key":"GamblersBrew"},{"floor":7,"key":"FairyPotion"},{"floor":10,"key":"ColorlessPotion"},{"floor":14,"key":"CunningPotion"},{"floor":16,"key":"Explosive Potion"},{"floor":18,"key":"SteroidPotion"}],"is_trial":false,"path_per_floor":["M","M","?","M","M","R","M","M","T","M","R","$","R","M","R","B",null,"M","$","M"],"character_chosen":"THE_SILENT","items_purchased":["Art of War"],"campfire_rested":0,"item_purchase_floors":[12],"current_hp_per_floor":[63,63,63,63,63,63,56,56,56,56,56,56,56,58,58,60,68,61,61,0,0],"gold":236,"neow_bonus":"THREE_ENEMY_KILL","is_daily":false,"chose_seed":false,"campfire_upgraded":4,"win_rate":0.0,"timestamp":1608407509,"path_taken":["M","M","?","?","M","R","M","M","T","M","R","$","R","M","R","BOSS","M","$","M"],"items_purchased_type":["Relic"],"build_version":"2020-12-13","purchased_purges":0,"victory":false,"max_hp_per_floor":[70,70,70,70,70,70,70,70,70,70,70,70,70,70,70,70,70,70,70,70,70],"card_choices":[{"not_picked":["Endless Agony","Accuracy"],"picked":"Blade Dance","floor":1},{"not_picked":["Sucker Punch","Predator"],"picked":"PiercingWail","floor":2},{"not_picked":["Blade Dance","Dash"],"picked":"Unload","floor":4},{"not_picked":["Sucker Punch","Dodge and Roll"],"picked":"Slice","floor":5},{"not_picked":["Blur","Dagger Spray"],"picked":"Cloak And Dagger","floor":7},{"not_picked":["Heel Hook","Poisoned Stab"],"picked":"Blade Dance","floor":8},{"not_picked":["Calculated Gamble","PiercingWail"],"picked":"Terror","floor":10},{"not_picked":["Slice","Sucker Punch"],"picked":"Well Laid Plans","floor":14},{"not_picked":["Night Terror","Doppelganger"],"picked":"After Image","floor":16},{"not_picked":["Cloak And Dagger","Bane"],"picked":"PiercingWail","floor":18}],"player_experience":481785,"relics_obtained":[{"floor":9,"key":"Blood Vial"}],"event_choices":[{"damage_healed":0,"gold_gain":0,"player_choice":"2 cards matched","damage_taken":0,"max_hp_gain":0,"max_hp_loss":0,"event_name":"Match and Keep!","floor":3,"gold_loss":0,"cards_obtained":["Neutralize","Outmaneuver"]}],"is_beta":false,"boss_relics":[{"not_picked":["Pandora\u0027s Box","Busted Crown"],"picked":"Fusion Hammer"}],"items_purged_floors":[],"is_endless":false,"potions_floor_spawned":[1,7,10,14,16,18],"killed_by":"Spheric Guardian","ascension_level":8}}