{"host":"tknto047uabgu3zm","time":1608359466,"event":{"mods":["AchievementEnabler","BaseMod","Block Reminder","Colored Map","Colored Powertips","Highlight Path","Minty Spire (QoL Compilation)","MonsterHotkey","Permanent Neow","Random Character Button","Rare Cards Sparkle","Relic Sorter","StSLib"],"gold_per_floor":[12,30,48,98,118,118,148,227,227,227,246,264,283,317,317,394,394,412,362,372,31,50,50,77,43,92,0,0,0,34,34,34,34,34],"floor_reached":33,"playtime":1349,"items_purged":[],"score":516,"play_id":"2805f5fb-f915-45cf-929e-3ae2b70d66de","local_time":"20201218223106","is_ascension_mode":true,"campfire_choices":[{"data":"Corruption","floor":6.0,"key":"SMITH"},{"floor":10.0,"key":"REST"},{"floor":15,"key":"REST"},{"data":"Anger","floor":23,"key":"SMITH"},{"floor":32,"key":"REST"}],"circlet_count":0,"master_deck":["AscendersBane","Strike_R","Strike_R","Strike_R","Strike_R","Defend_R","Defend_R","Defend_R","Bash+1","Corruption+1","Flame Barrier","Inflame","Clash","Wild Strike","Feel No Pain","Cleave+1","Burning Pact","Anger+1","Feed","True Grit","Uppercut+1","Battle Trance","Disarm","Ghostly Armor","Decay","Writhe","Body Slam","Demon Form"],"relics":["Burning Blood","CaptainsWheel","Mercury Hourglass","Gremlin Horn","Whetstone","Cursed Key","InkBottle","Shuriken","Singing Bowl","Orichalcum","The Courier","Matryoshka"],"acts_visited":["Exordium","TheCity"],"potions_floor_usage":[20,30,33],"damage_taken":[{"damage":6.0,"enemies":"Cultist","floor":1.0,"turns":3.0},{"damage":4.0,"enemies":"Small Slimes","floor":2.0,"turns":4.0},{"damage":9.0,"enemies":"2 Louse","floor":3.0,"turns":4.0},{"damage":20.0,"enemies":"2 Fungi Beasts","floor":5.0,"turns":4.0},{"damage":25.0,"enemies":"Lagavulin","floor":7.0,"turns":6.0},{"damage":6,"enemies":"Red Slaver","floor":11,"turns":3},{"damage":0,"enemies":"Gremlin Gang","floor":12,"turns":2},{"damage":20,"enemies":"Exordium Thugs","floor":13,"turns":3},{"damage":13,"enemies":"Gremlin Nob","floor":14,"turns":4},{"damage":37,"enemies":"The Guardian","floor":16,"turns":12},{"damage":11,"enemies":"3 Byrds","floor":18,"turns":5},{"damage":22,"enemies":"Shell Parasite","floor":20,"turns":6},{"damage":0,"enemies":"Shelled Parasite and Fungi","floor":22,"turns":5},{"damage":48,"enemies":"Slavers","floor":24,"turns":5},{"damage":31,"enemies":"Book of Stabbing","floor":30,"turns":6},{"damage":41,"enemies":"Champ","floor":33,"turns":6}],"seed_played":"-7794962154893516044","potions_obtained":[{"floor":1.0,"key":"Energy Potion"},{"floor":3.0,"key":"Swift Potion"},{"floor":11,"key":"BloodPotion"},{"floor":20,"key":"Ancient Potion"},{"floor":24,"key":"LiquidMemories"}],"is_trial":false,"path_per_floor":["M","M","M","?","M","R","E","T","T","R","M","M","M","E","R","B",null,"M","?","M","$","M","R","E","$","T","?","?","$","E","?","R","B"],"character_chosen":"IRONCLAD","items_purchased":["Shuriken","Battle Trance","Ghostly Armor"],"campfire_rested":3,"item_purchase_floors":[21,21,25],"current_hp_per_floor":[68,70,67,60,46,46,27,27,27,49,49,55,41,34,56,25,63,61,61,64,64,70,70,33,33,33,33,33,33,10,10,36,0,0],"gold":34,"neow_bonus":"THREE_RARE_CARDS","is_daily":false,"chose_seed":false,"campfire_upgraded":2,"win_rate":0.0,"timestamp":1608359466,"path_taken":["M","M","M","?","?","R","E","?","T","R","M","M","M","E","R","BOSS","M","?","?","?","M","R","E","$","T","?","?","$","E","?","R","BOSS"],"items_purchased_type":["Relic","Card","Card"],"build_version":"2020-12-13","purchased_purges":0,"victory":false,"max_hp_per_floor":[75,75,75,75,75,75,75,75,75,75,75,75,75,75,75,75,75,78,78,81,81,81,81,86,86,86,86,86,86,88,88,88,88,88],"card_choices":[{"not_picked":["Barricade","Reaper"],"picked":"Corruption","floor":0.0},{"not_picked":["Metallicize","Searing Blow"],"picked":"Flame Barrier","floor":1.0},{"not_picked":["Havoc","Sever Soul"],"picked":"Inflame","floor":2.0},{"not_picked":["Shrug It Off","Hemokinesis"],"picked":"Clash","floor":3.0},{"not_picked":["Body Slam","Twin Strike"],"picked":"Wild Strike","floor":5.0},{"not_picked":["Sword Boomerang","Wild Strike"],"picked":"Feel No Pain","floor":7.0},{"not_picked":["Iron Wave","Entrench"],"picked":"Cleave","floor":11},{"not_picked":["Twin Strike","Armaments"],"picked":"Burning Pact","floor":12},{"not_picked":["Searing Blow","Wild Strike"],"picked":"Anger","floor":13},{"not_picked":["Rupture","Perfected Strike","Havoc"],"picked":"SKIP","floor":14},{"not_picked":["Immolate","Juggernaut"],"picked":"Feed","floor":16},{"not_picked":["Infernal Blade","Flex"],"picked":"True Grit","floor":18},{"not_picked":["Heavy Blade","Burning Pact"],"picked":"Uppercut+1","floor":20},{"not_picked":["Thunderclap","Seeing Red"],"picked":"Disarm","floor":22},{"not_picked":["Perfected Strike","Power Through","Sword Boomerang"],"picked":"Singing Bowl","floor":24},{"not_picked":["Combust","Body Slam","Thunderclap"],"picked":"Singing Bowl","floor":30}],"player_experience":456344,"relics_obtained":[{"floor":7.0,"key":"CaptainsWheel"},{"floor":8.0,"key":"Mercury Hourglass"},{"floor":9.0,"key":"Gremlin Horn"},{"floor":14,"key":"Whetstone"},{"floor":24,"key":"Singing Bowl"},{"floor":26,"key":"Orichalcum"},{"floor":30,"key":"Matryoshka"}],"event_choices":[{"damage_healed":0.0,"max_hp_gain":0.0,"max_hp_loss":0.0,"gold_gain":50.0,"event_name":"FaceTrader","player_choice":"Touch","floor":4.0,"gold_loss":0.0,"damage_taken":7.0},{"damage_healed":0,"gold_gain":0,"player_choice":"Paid Gold","damage_taken":0,"relics_obtained":["InkBottle"],"max_hp_gain":0,"max_hp_loss":0,"event_name":"WeMeetAgain","floor":19,"gold_loss":50},{"damage_healed":0,"gold_gain":0,"player_choice":"Paid Fearfully","damage_taken":0,"max_hp_gain":0,"max_hp_loss":0,"event_name":"Masked Bandits","floor":27,"gold_loss":92},{"damage_healed":0,"gold_gain":0,"player_choice":"Opened","damage_taken":0,"relics_obtained":["The Courier"],"max_hp_gain":0,"max_hp_loss":0,"event_name":"The Mausoleum","floor":28,"gold_loss":0,"cards_obtained":["Writhe"]},{"damage_healed":0,"gold_gain":0,"cards_transformed":["Defend_R","Strike_R"],"player_choice":"Became Test Subject","damage_taken":0,"max_hp_gain":0,"max_hp_loss":0,"event_name":"Drug Dealer","floor":31,"gold_loss":0,"cards_obtained":["Body Slam","Demon Form"]}],"is_beta":false,"boss_relics":[{"not_picked":["Black Star","Fusion Hammer"],"picked":"Cursed Key"}],"items_purged_floors":[],"is_endless":false,"potions_floor_spawned":[1,3,11,16,20,24],"killed_by":"Champ","ascension_level":15}}