{"host":"9c5kazgg71l3jb6l","time":1608379369,"event":{"mods":["BaseMod","Minty Spire (QoL Compilation)","Replay The Spire","StSLib","Waifu the Spire"],"gold_per_floor":[117,117,134,153,153,153,168,168,196,196,246,246,246,265,281,281,281],"floor_reached":16,"playtime":547,"items_purged":[],"score":148,"play_id":"7a15729c-7912-46e9-b529-3221090db6ee","local_time":"20201219200249","is_ascension_mode":true,"campfire_choices":[{"data":"Setup","floor":8.0,"key":"SMITH"},{"floor":10.0,"key":"REST"},{"data":"Draining Mist","floor":13,"key":"SMITH"}],"circlet_count":0,"master_deck":["Strike_G","Strike_G","Strike_G","Strike_G","Defend_G","Defend_G","Defend_G","Defend_G","Defend_G","Survivor","Neutralize","Setup+1","PiercingWail","Dagger Spray","ReplayTheSpireMod:Scrap Shanks","Draining Mist+1","CommonCold","Decay","Backflip","Concentrate"],"relics":["Cursed Key","Shuriken","Replay:Mystery Machine"],"acts_visited":["Exordium"],"potions_floor_usage":[],"damage_taken":[{"damage":0.0,"enemies":"Small Slimes","floor":1.0,"turns":4.0},{"damage":2.0,"enemies":"Cultist","floor":3.0,"turns":6.0},{"damage":5.0,"enemies":"Jaw Worm","floor":4.0,"turns":6.0},{"damage":4.0,"enemies":"2 Fungi Beasts","floor":7.0,"turns":4.0},{"damage":34.0,"enemies":"3 Sentries","floor":9.0,"turns":13.0},{"damage":0,"enemies":"Looter","floor":14,"turns":4},{"damage":6,"enemies":"Exordium Thugs","floor":15,"turns":5},{"damage":0,"enemies":"Lagavulin","floor":16,"turns":1}],"seed_played":"-1329618028462784302","potions_obtained":[{"floor":4.0,"key":"SteroidPotion"},{"floor":9.0,"key":"SteroidPotion"},{"floor":14,"key":"CunningPotion"}],"is_trial":false,"path_per_floor":["M","?","M","M","PTL","PTL","M","R","E","R","T","?","R","M","M","E"],"character_chosen":"THE_SILENT","items_purchased":[],"campfire_rested":1,"item_purchase_floors":[],"current_hp_per_floor":[63,56,54,49,49,49,45,45,11,32,32,32,32,32,26,26,26],"gold":281,"neow_bonus":"BOSS_RELIC","is_daily":false,"chose_seed":false,"campfire_upgraded":2,"win_rate":0.0,"timestamp":1608379369,"path_taken":["M","?","M","M","PTL","PTL","M","R","E","R","T","?","R","M","?","E"],"items_purchased_type":[],"build_version":"2020-12-13","purchased_purges":0,"victory":false,"max_hp_per_floor":[70,70,70,70,70,70,70,70,70,70,70,70,70,70,70,70,70],"card_choices":[{"not_picked":["Bane","Hidden Blade"],"picked":"Setup","floor":1.0},{"not_picked":["Blur","Hidden Blade"],"picked":"PiercingWail","floor":3.0},{"not_picked":["PiercingWail","Underhanded Strike"],"picked":"Dagger Spray","floor":4.0},{"not_picked":["Dagger Throw","Terror"],"picked":"ReplayTheSpireMod:Scrap Shanks","floor":7.0},{"not_picked":["Dagger Throw","All Out Attack"],"picked":"Draining Mist","floor":9.0},{"not_picked":["Masterful Stab","Sucker Punch"],"picked":"Backflip","floor":14},{"not_picked":["Accuracy","Flying Knee"],"picked":"Concentrate","floor":15}],"player_experience":1285848,"relics_obtained":[{"floor":9.0,"key":"Shuriken"},{"floor":11.0,"key":"Replay:Mystery Machine"}],"event_choices":[{"cards_removed":["Strike_G"],"damage_healed":0.0,"max_hp_gain":0.0,"max_hp_loss":0.0,"gold_gain":0.0,"event_name":"Golden Wing","player_choice":"Card Removal","floor":2.0,"gold_loss":0.0,"damage_taken":7.0},{"damage_healed":0,"gold_gain":0,"player_choice":"Cursed","damage_taken":0,"max_hp_gain":0,"max_hp_loss":0,"event_name":"Wheel of Change","floor":12,"gold_loss":0,"cards_obtained":["Decay"]}],"is_beta":false,"boss_relics":[],"items_purged_floors":[],"is_endless":false,"potions_floor_spawned":[4,9,14],"killed_by":"Lagavulin","ascension_level":9}}