{"host":"rqd50iigewdjy74u","time":1608369425,"event":{"mods":["AchievementEnabler","BaseMod","BetterRewards","Custom Start","Minty Spire (QoL Compilation)","StSLib"],"gold_per_floor":[118,118,118,133,152,152,163,174,174,174,202,60,70,88,88,88,88],"floor_reached":16,"playtime":730,"items_purged":[],"score":154,"play_id":"42f7cc62-c4a8-4fc0-b63e-daf1fa8e1597","local_time":"20201219031705","is_ascension_mode":false,"campfire_choices":[{"data":"Eruption","floor":6,"key":"SMITH"},{"data":"Blasphemy","floor":10,"key":"SMITH"},{"data":"SignatureMove","floor":15,"key":"SMITH"}],"circlet_count":0,"master_deck":["Strike_P","Strike_P","Strike_P+1","Strike_P","Defend_P","Defend_P","Defend_P","Defend_P+1","Eruption+1","Vigilance","EmptyFist","EmptyBody","DeceiveReality","FollowUp","Blasphemy+1","SignatureMove+1","Pray","PathToVictory","EmptyBody"],"relics":["PureWater","Unceasing Top","NlothsMask","HornCleat"],"acts_visited":["Exordium"],"potions_floor_usage":[8,16,16],"damage_taken":[{"damage":4,"enemies":"Jaw Worm","floor":1,"turns":5},{"damage":0,"enemies":"Small Slimes","floor":4,"turns":3},{"damage":0,"enemies":"Cultist","floor":5,"turns":4},{"damage":0,"enemies":"Lots of Slimes","floor":7,"turns":4},{"damage":0,"enemies":"3 Louse","floor":8,"turns":4},{"damage":7,"enemies":"Gremlin Nob","floor":11,"turns":4},{"damage":0,"enemies":"2 Fungi Beasts","floor":13,"turns":4},{"damage":0,"enemies":"Exordium Wildlife","floor":14,"turns":4},{"damage":100016,"enemies":"Hexaghost","floor":16,"turns":5}],"seed_played":"2220031735347662533","potions_obtained":[{"floor":1,"key":"Dexterity Potion"},{"floor":13,"key":"BlessingOfTheForge"},{"floor":14,"key":"FearPotion"}],"is_trial":false,"path_per_floor":["M","?","?","M","M","R","M","M","T","R","E","$","M","M","R","B"],"character_chosen":"WATCHER","items_purchased":["Unceasing Top","Pray","CultistPotion"],"campfire_rested":0,"item_purchase_floors":[0,12,12],"current_hp_per_floor":[57,43,43,43,43,43,43,43,43,43,36,36,36,36,36,0,0],"gold":88,"neow_bonus":"","is_daily":false,"chose_seed":false,"campfire_upgraded":3,"win_rate":0.0,"timestamp":1608369425,"path_taken":["M","?","?","?","M","R","M","M","T","R","E","$","M","M","R","BOSS"],"items_purchased_type":["Relic","Card","Potion"],"build_version":"2020-12-13","purchased_purges":0,"victory":false,"max_hp_per_floor":[72,72,72,72,72,72,72,72,72,72,72,72,72,72,72,72,72],"card_choices":[{"not_picked":["JustLucky","EmptyBody"],"picked":"EmptyFist","floor":1},{"not_picked":["Crescendo","Protect"],"picked":"EmptyBody","floor":4},{"not_picked":["Worship","Protect"],"picked":"DeceiveReality","floor":5},{"not_picked":["EmptyBody","Protect"],"picked":"FollowUp","floor":7},{"not_picked":["DeceiveReality","Tantrum"],"picked":"Blasphemy","floor":8},{"not_picked":["CrushJoints","Wallop"],"picked":"SignatureMove","floor":11},{"not_picked":["Fasting2","Protect"],"picked":"PathToVictory","floor":13},{"not_picked":["Evaluate","Protect"],"picked":"EmptyBody","floor":14}],"player_experience":62235,"relics_obtained":[{"floor":11,"key":"HornCleat"}],"event_choices":[{"damage_healed":0,"gold_gain":0,"player_choice":"Entered Light","damage_taken":14,"max_hp_gain":0,"max_hp_loss":0,"event_name":"Shining Light","floor":2,"gold_loss":0,"cards_upgraded":["Strike_P","Defend_P"]},{"damage_healed":0,"gold_gain":0,"player_choice":"Trade","damage_taken":0,"relics_obtained":["NlothsMask"],"max_hp_gain":0,"max_hp_loss":0,"event_name":"FaceTrader","floor":3,"gold_loss":0}],"is_beta":false,"boss_relics":[],"items_purged_floors":[],"is_endless":false,"potions_floor_spawned":[1,13,14],"killed_by":"Hexaghost","ascension_level":0}}