{"host":"dl5mjdlimopbuch5","time":1608401604,"event":{"mods":["AchievementEnabler","BaseMod","Colored Powertips","Googly Eyes","Minty Spire (QoL Compilation)","Quick Restart"],"gold_per_floor":[114,289,139,154,169,169,212,212,212,227,257,107,137,137,137,237,237,252,252,252,252,267,267,297,297,297,327,342,342,372,387,387,487,487,502,517,517,517,532,532,532,532],"floor_reached":41,"playtime":1263,"items_purged":[],"score":509,"play_id":"ddd60b8a-3e62-48a6-8204-a3e26f3fd369","local_time":"20201219181324","daily_mods":["Draft","Uncertain Future","Elite Swarm"],"is_ascension_mode":false,"campfire_choices":[{"data":"Whirlwind","floor":6,"key":"SMITH"},{"data":"Armaments","floor":8,"key":"SMITH"},{"floor":15,"key":"REST"},{"data":"Seeing Red","floor":23,"key":"SMITH"},{"floor":29,"key":"REST"},{"floor":32,"key":"REST"},{"data":"Flex","floor":40,"key":"SMITH"}],"circlet_count":0,"master_deck":["Body Slam","Shrug It Off","Flex+1","Cleave","Flex","Iron Wave","Thunderclap","Cleave","Clash","Pommel Strike","Warcry","Whirlwind+1","Battle Trance+1","Shrug It Off+1","Armaments+1","Iron Wave","Doubt","Perfected Strike","Double Tap","Seeing Red+1","CurseOfTheBell"],"relics":["Burning Blood","Juzu Bracelet","Calipers","Incense Burner","Vajra","Nunchaku","Bottled Flame","Velvet Choker","Potion Belt","Nilry\u0027s Codex","Shuriken","War Paint","Oddly Smooth Stone","Calling Bell","Akabeko","White Beast Statue","Turnip"],"acts_visited":["Exordium","TheCity","TheBeyond"],"potions_floor_usage":[13,14,24,30,33,33,33,33,33,41],"damage_taken":[{"damage":0,"enemies":"Small Slimes","floor":1,"turns":3},{"damage":0,"enemies":"2 Louse","floor":4,"turns":2},{"damage":6,"enemies":"Jaw Worm","floor":5,"turns":2},{"damage":30,"enemies":"Lagavulin Event","floor":7,"turns":6},{"damage":0,"enemies":"Gremlin Gang","floor":10,"turns":2},{"damage":21,"enemies":"Gremlin Nob","floor":11,"turns":4},{"damage":0,"enemies":"3 Sentries","floor":13,"turns":1},{"damage":0,"enemies":"Blue Slaver","floor":14,"turns":1},{"damage":21,"enemies":"Slime Boss","floor":16,"turns":7},{"damage":2,"enemies":"Spheric Guardian","floor":18,"turns":3},{"damage":20,"enemies":"2 Thieves","floor":22,"turns":2},{"damage":7,"enemies":"Slavers","floor":24,"turns":2},{"damage":8,"enemies":"Gremlin Leader","floor":27,"turns":5},{"damage":13,"enemies":"Snake Plant","floor":28,"turns":3},{"damage":0,"enemies":"Slavers","floor":30,"turns":1},{"damage":12,"enemies":"Centurion and Healer","floor":31,"turns":2},{"damage":64,"enemies":"Champ","floor":33,"turns":9},{"damage":9,"enemies":"3 Shapes","floor":35,"turns":1},{"damage":10,"enemies":"Orb Walker","floor":36,"turns":2},{"damage":18,"enemies":"4 Shapes","floor":39,"turns":1},{"damage":91,"enemies":"Giant Head","floor":41,"turns":9}],"seed_played":"-2908382401684788831","potions_obtained":[{"floor":4,"key":"Explosive Potion"},{"floor":10,"key":"SmokeBomb"},{"floor":13,"key":"Swift Potion"},{"floor":20,"key":"Explosive Potion"},{"floor":20,"key":"BlessingOfTheForge"},{"floor":27,"key":"DuplicationPotion"},{"floor":28,"key":"SkillPotion"},{"floor":30,"key":"HeartOfIron"},{"floor":31,"key":"EssenceOfSteel"},{"floor":35,"key":"CultistPotion"},{"floor":36,"key":"Weak Potion"},{"floor":39,"key":"BlessingOfTheForge"}],"is_trial":false,"path_per_floor":["M","?","$","M","M","R","?","R","T","M","E","$","E","M","R","B",null,"M","$","?","?","M","R","E","?","T","E","M","R","E","M","R","B",null,"M","M","?","?","M","R","E"],"character_chosen":"IRONCLAD","items_purchased":["Juzu Bracelet","Nunchaku"],"campfire_rested":3,"item_purchase_floors":[3,12],"current_hp_per_floor":[80,80,80,80,80,80,56,56,56,62,47,47,53,59,80,65,80,80,80,80,80,66,66,65,49,49,47,40,64,70,64,80,22,80,77,73,73,73,61,61,0,0],"gold":532,"neow_bonus":"","is_daily":true,"chose_seed":false,"campfire_upgraded":4,"win_rate":0.0,"timestamp":1608401604,"path_taken":["M","?","$","M","M","R","?","R","T","M","E","?","E","M","R","BOSS","M","$","?","?","M","R","E","?","T","E","M","R","E","M","R","BOSS","M","M","?","?","M","R","E"],"items_purchased_type":["Relic","Relic"],"build_version":"2020-12-13","purchased_purges":0,"victory":false,"max_hp_per_floor":[80,80,80,80,80,80,80,80,80,80,80,80,80,80,80,80,80,80,80,80,80,80,80,80,80,80,80,80,80,80,80,80,80,80,80,80,80,80,80,80,80,80],"card_choices":[{"not_picked":["Havoc","Sword Boomerang"],"picked":"Body Slam","floor":0},{"not_picked":["Sword Boomerang","Havoc"],"picked":"Shrug It Off","floor":0},{"not_picked":["Rampage","Combust"],"picked":"Flex","floor":0},{"not_picked":["Power Through","Sword Boomerang"],"picked":"Cleave","floor":0},{"not_picked":["Wild Strike","Thunderclap"],"picked":"Flex","floor":0},{"not_picked":["Clash","Cleave"],"picked":"Iron Wave","floor":0},{"not_picked":["Clothesline","Power Through"],"picked":"Thunderclap","floor":0},{"not_picked":["Pommel Strike","Evolve"],"picked":"Cleave","floor":0},{"not_picked":["Twin Strike","Headbutt"],"picked":"Clash","floor":0},{"not_picked":["Headbutt","Pummel"],"picked":"Pommel Strike","floor":0},{"not_picked":["Shockwave","Sword Boomerang"],"picked":"Warcry","floor":0},{"not_picked":["Blood for Blood","Clash"],"picked":"Whirlwind","floor":0},{"not_picked":["Power Through","Clothesline"],"picked":"Battle Trance","floor":0},{"not_picked":["Ghostly Armor","Armaments"],"picked":"Shrug It Off","floor":0},{"not_picked":["Warcry","Pommel Strike"],"picked":"Armaments","floor":0},{"not_picked":["Blood for Blood","Anger"],"picked":"Iron Wave","floor":1},{"not_picked":["Blood for Blood","Sword Boomerang","Cleave"],"picked":"SKIP","floor":4},{"not_picked":["Sentinel","Shrug It Off","Clothesline"],"picked":"SKIP","floor":5},{"not_picked":["Sentinel","Armaments"],"picked":"Perfected Strike","floor":10},{"not_picked":["Berserk","Barricade"],"picked":"Double Tap","floor":11},{"not_picked":["Berserk","Immolate","Feed"],"picked":"SKIP","floor":13},{"not_picked":["Feed","Double Tap"],"picked":"Demon Form","floor":16},{"not_picked":["Iron Wave+1","Perfected Strike+1","Sever Soul+1"],"picked":"SKIP","floor":18},{"not_picked":["Metallicize","Pommel Strike","True Grit+1"],"picked":"SKIP","floor":22},{"not_picked":["Corruption","Offering","Impervious"],"picked":"SKIP","floor":24},{"not_picked":["Bludgeon","Barricade","Exhume"],"picked":"SKIP","floor":27},{"not_picked":["Shockwave","Thunderclap","Perfected Strike+1"],"picked":"SKIP","floor":28},{"not_picked":["Reaper","Exhume","Offering"],"picked":"SKIP","floor":30},{"not_picked":["Dual Wield","Warcry","Rage"],"picked":"SKIP","floor":31},{"not_picked":["Disarm+1","Cleave+1","Armaments+1"],"picked":"SKIP","floor":35},{"not_picked":["Clothesline+1","Evolve+1","Double Tap"],"picked":"SKIP","floor":36},{"not_picked":["Clash","Cleave","Sentinel"],"picked":"SKIP","floor":39}],"player_experience":232066,"relics_obtained":[{"floor":7,"key":"Calipers"},{"floor":9,"key":"Incense Burner"},{"floor":11,"key":"Vajra"},{"floor":13,"key":"Bottled Flame"},{"floor":24,"key":"Potion Belt"},{"floor":25,"key":"Nilry\u0027s Codex"},{"floor":26,"key":"Shuriken"},{"floor":27,"key":"War Paint"},{"floor":30,"key":"Oddly Smooth Stone"},{"floor":34,"key":"Akabeko"},{"floor":34,"key":"White Beast Statue"},{"floor":34,"key":"Turnip"}],"event_choices":[{"damage_healed":0,"gold_gain":175,"player_choice":"AGREE","damage_taken":0,"max_hp_gain":0,"max_hp_loss":0,"event_name":"Liars Game","floor":2,"gold_loss":0,"cards_obtained":["Doubt"]},{"damage_healed":0,"gold_gain":0,"player_choice":"Searched \u00272\u0027 times","damage_taken":0,"max_hp_gain":0,"max_hp_loss":0,"event_name":"Dead Adventurer","floor":7,"gold_loss":0},{"damage_healed":0,"gold_gain":0,"player_choice":"Got Potions","damage_taken":0,"max_hp_gain":0,"max_hp_loss":0,"event_name":"Lab","floor":20,"gold_loss":0},{"damage_healed":0,"gold_gain":0,"player_choice":"Read","damage_taken":0,"max_hp_gain":0,"max_hp_loss":0,"event_name":"The Library","floor":21,"gold_loss":0,"cards_obtained":["Seeing Red"]},{"damage_healed":0,"gold_gain":0,"player_choice":"Obtained Book","damage_taken":16,"max_hp_gain":0,"max_hp_loss":0,"event_name":"Cursed Tome","floor":25,"gold_loss":0},{"cards_removed":["Demon Form"],"damage_healed":0,"gold_gain":0,"player_choice":"Removed Power","damage_taken":0,"max_hp_gain":0,"max_hp_loss":0,"event_name":"Falling","floor":37,"gold_loss":0},{"damage_healed":0,"gold_gain":0,"player_choice":"Ignored","damage_taken":0,"max_hp_gain":0,"max_hp_loss":0,"event_name":"Tomb of Lord Red Mask","floor":38,"gold_loss":0}],"is_beta":false,"boss_relics":[{"not_picked":["Snecko Eye","SlaversCollar"],"picked":"Velvet Choker"},{"not_picked":["Black Blood","Black Star"],"picked":"Calling Bell"}],"items_purged_floors":[],"is_endless":false,"potions_floor_spawned":[4,10,13,14,27,28,30,31,35,36,39],"killed_by":"Giant Head","ascension_level":0}}