{"host":"k6v1xkuzrj71f4ss","time":1608364984,"event":{"mods":["Act Like it!","BaseMod","Bestiary","BetterRewards","Block Reminder","Colored Map","Colored Powertips","Curses Come First","Hubris","Minty Spire (QoL Compilation)","Quick Restart","Relic Stats","Remove Card Discount Mod","Spicy Shops","StSLib","óô»ðÖ¸ÄÏ"],"gold_per_floor":[16,6202,6202,6216,6176,6025,6056,5198,5222,5257,4156,4169,4204,4204,4204,4303,4303,4315,4315,4315,4315,4315,4315,4340,4360,4360,4429,4429,4454,4469,4495,3231,3330,3330,3346,3346,3366,3385,3086,3115,3115,3144,3144,2108,2156,2156,2185,2208,2208,2208],"floor_reached":51,"playtime":6788,"items_purged":["Strike_R","Strike_R","Strike_R","Defend_R","Strike_R","Strike_R","Cleave","Twin Strike","Uppercut","Defend_R","Anger+1"],"score":1016,"play_id":"f9ca6231-3dd8-43cc-970b-1c2f24db6439","local_time":"20201219160304","is_ascension_mode":true,"campfire_choices":[{"data":"Demon Form","floor":15.0,"key":"SMITH"},{"data":"RitualDagger","floor":23.0,"key":"SMITH"},{"data":"hubris:StunningStrike","floor":41,"key":"SMITH"},{"data":"Secret Weapon","floor":49,"key":"SMITH"}],"circlet_count":0,"master_deck":["Defend_R+1","Bash","Sword Boomerang+1","Clothesline+1","Headbutt","Bloodletting+1","Demon Form+1","Clothesline","Impervious","Twin Strike","Immolate","Double Tap+1","RitualDagger+1","Pummel","Secret Weapon+1","hubris:StunningStrike+1","Heavy Blade+1","Reaper","Trip","Sadistic Nature+1","Infernal Blade+1"],"relics":["Burning Blood","hubris:CuriousFeather","Sundial","Orichalcum","hubris:Icosahedron","ClockworkSouvenir","Ornamental Fan","Happy Flower","Pantograph","Strange Spoon","Pen Nib","Bronze Scales","Pear","hubris:Zylophone","Omamori","Red Skull","Blood Vial","Whetstone","Philosopher\u0027s Stone","Nloth\u0027s Gift","InkBottle","Matryoshka","hubris:SlimyHat","Frozen Egg 2","War Paint","Mummified Hand","Bag of Preparation","Singing Bowl","hubris:IronBody","hubris:DeckOfHolding","Oddly Smooth Stone","TheAbacus","Coffee Dripper","Bag of Marbles","Chemical X","Shovel","HornCleat","hubris:CrystalStatue","White Beast Statue","Blue Candle","Anchor","hubris:EmptyBottle","hubris:ChampionShield","hubris:HerbalPaste","StoneCalendar","Dream Catcher","hubris:ToyBattleship"],"acts_visited":["Exordium","TheCity","TheBeyond"],"potions_floor_usage":[47],"damage_taken":[{"damage":0.0,"enemies":"Small Slimes","floor":1.0,"turns":3.0},{"damage":0.0,"enemies":"2 Louse","floor":4.0,"turns":3.0},{"damage":0.0,"enemies":"Cultist","floor":5.0,"turns":2.0},{"damage":44.0,"enemies":"3 Sentries","floor":7.0,"turns":8.0},{"damage":0.0,"enemies":"Lagavulin","floor":10.0,"turns":4.0},{"damage":0.0,"enemies":"3 Louse","floor":12.0,"turns":2.0},{"damage":4.0,"enemies":"Gremlin Nob","floor":13.0,"turns":3.0},{"damage":37.0,"enemies":"Hexaghost","floor":16.0,"turns":4.0},{"damage":1.0,"enemies":"Chosen","floor":18.0,"turns":2.0},{"damage":10.0,"enemies":"Book of Stabbing","floor":24.0,"turns":3.0},{"damage":6.0,"enemies":"Shell Parasite","floor":25.0,"turns":2.0},{"damage":17.0,"enemies":"Gremlin Leader","floor":29.0,"turns":4.0},{"damage":16.0,"enemies":"Centurion and Healer","floor":30.0,"turns":4.0},{"damage":22.0,"enemies":"Book of Stabbing","floor":31.0,"turns":3.0},{"damage":12.0,"enemies":"Champ","floor":33.0,"turns":6.0},{"damage":0.0,"enemies":"3 Darklings","floor":35.0,"turns":3.0},{"damage":8.0,"enemies":"3 Shapes","floor":37.0,"turns":3.0},{"damage":13.0,"enemies":"3 Darklings","floor":38.0,"turns":2.0},{"damage":10,"enemies":"Reptomancer","floor":40,"turns":6},{"damage":2,"enemies":"Giant Head","floor":42,"turns":4},{"damage":0,"enemies":"2 Orb Walkers","floor":45,"turns":2},{"damage":1,"enemies":"Nemesis","floor":47,"turns":3},{"damage":0,"enemies":"Time Eater","floor":50,"turns":4}],"seed_played":"2801646113881008394","potions_obtained":[{"floor":7.0,"key":"SkillPotion"},{"floor":13.0,"key":"Regen Potion"},{"floor":25.0,"key":"LiquidMemories"},{"floor":40,"key":"Explosive Potion"}],"is_trial":false,"path_per_floor":["M","$","?","M","M","R","E","R","T","E","$","M","E","?","R","B",null,"M","?","?","?","?","R","E","M","T","T","?","E","M","E","R","B",null,"M","?","M","M","$","E","R","E","T","$","?","?","E","T","R","B",null],"character_chosen":"IRONCLAD","items_purchased":["Clothesline","Sundial","Orichalcum","ClockworkSouvenir","Happy Flower","Pantograph","Strange Spoon","Pen Nib","DollysMirror","Impervious","hubris:Zylophone","Omamori","Red Skull","Blood Vial","Cleave","Singing Bowl","hubris:IronBody","hubris:DeckOfHolding","Oddly Smooth Stone","TheAbacus","Secret Weapon","Bag of Marbles","Chemical X","Trip","Blue Candle","Anchor","hubris:EmptyBottle","hubris:ChampionShield","hubris:HerbalPaste"],"campfire_rested":0,"item_purchase_floors":[2,2,2,6,8,8,8,8,8,11,11,11,11,11,11,32,32,32,32,32,32,39,39,44,44,44,44,44,44],"current_hp_per_floor":[80,80,80,80,80,80,42,42,42,58,58,66,70,70,70,59,90,90,90,90,84,84,84,82,84,84,84,84,75,67,53,53,74,90,90,90,90,94,94,92,92,96,96,96,98,98,98,98,98,98],"gold":2208,"neow_bonus":"ONE_RARE_RELIC","is_daily":false,"chose_seed":false,"campfire_upgraded":4,"win_rate":0.0,"timestamp":1608364984,"path_taken":["M","$","?","M","M","R","E","R","T","E","$","M","E","?","R","BOSS","M","?","?","?","?","R","E","?","T","?","?","E","M","E","R","BOSS","M","?","?","M","$","E","R","E","T","$","?","?","E","?","R","BOSS"],"items_purchased_type":["Card","Relic","Relic","Relic","Relic","Relic","Relic","Relic","Relic","Card","Relic","Relic","Relic","Relic","Card","Relic","Relic","Relic","Relic","Relic","Card","Relic","Relic","Card","Relic","Relic","Relic","Relic","Relic"],"build_version":"2020-12-13","purchased_purges":11,"victory":true,"max_hp_per_floor":[80,80,80,80,80,80,80,80,80,90,90,90,90,90,90,90,90,90,90,90,90,90,90,90,90,90,90,90,90,90,90,90,90,90,90,90,92,94,94,96,96,96,96,96,98,98,98,98,98,98],"relic_stats":{"Singing Bowl":8,"StoneCalendar":[0],"Bag of Preparation":[18],"Whetstone":["Clothesline","Sword Boomerang"],"Burning Blood":84,"Blood Vial":22,"Dream Catcher":0,"TheAbacus":[24],"Shovel":0,"Sundial":[8],"Mummified Hand":[15],"Pantograph":43,"Chemical X":[1],"InkBottle":[14],"Happy Flower":[21],"counters":[23,80],"Blue Candle":[0],"Pen Nib":[16],"Orichalcum":[120],"War Paint":["Bloodletting","Defend_R"],"Strange Spoon":[14],"Ornamental Fan":[136],"Bronze Scales":[142],"Nloth\u0027s Gift":3,"obtain_stats":[{"hubris:CrystalStatue":43,"Singing Bowl":32,"StoneCalendar":45,"hubris:SlimyHat":27,"Bag of Preparation":31,"Whetstone":13,"hubris:EmptyBottle":44,"Burning Blood":0,"ClockworkSouvenir":6,"Blood Vial":11,"Dream Catcher":47,"hubris:Icosahedron":3,"Matryoshka":26,"TheAbacus":32,"Shovel":40,"HornCleat":42,"hubris:HerbalPaste":44,"Sundial":2,"DollysMirror":8,"Mummified Hand":29,"Pantograph":8,"Philosopher\u0027s Stone":17,"hubris:DeckOfHolding":32,"hubris:CuriousFeather":0,"hubris:IronBody":32,"Chemical X":39,"hubris:ChampionShield":44,"Red Skull":11,"InkBottle":24,"Pear":10,"Happy Flower":8,"Blue Candle":44,"Oddly Smooth Stone":32,"Pen Nib":8,"Omamori":11,"Orichalcum":2,"Frozen Egg 2":27,"War Paint":28,"White Beast Statue":43,"hubris:Zylophone":11,"Strange Spoon":8,"Anchor":44,"Ornamental Fan":7,"Bronze Scales":9,"Nloth\u0027s Gift":22,"Coffee Dripper":34,"Bag of Marbles":39,"hubris:ToyBattleship":48},{"hubris:CrystalStatue":20,"Singing Bowl":14,"StoneCalendar":21,"hubris:SlimyHat":11,"Bag of Preparation":14,"Whetstone":7,"hubris:EmptyBottle":20,"Burning Blood":0,"ClockworkSouvenir":3,"Blood Vial":5,"Dream Catcher":22,"hubris:Icosahedron":1,"Matryoshka":11,"TheAbacus":14,"Shovel":19,"HornCleat":20,"hubris:HerbalPaste":20,"Sundial":1,"DollysMirror":4,"Mummified Hand":12,"Pantograph":4,"Philosopher\u0027s Stone":8,"hubris:DeckOfHolding":14,"hubris:CuriousFeather":0,"hubris:IronBody":14,"Chemical X":18,"hubris:ChampionShield":20,"Red Skull":5,"InkBottle":10,"Pear":5,"Happy Flower":4,"Blue Candle":20,"Oddly Smooth Stone":14,"Pen Nib":4,"Omamori":5,"Orichalcum":1,"Frozen Egg 2":11,"War Paint":11,"White Beast Statue":20,"hubris:Zylophone":5,"Strange Spoon":4,"Anchor":20,"Ornamental Fan":4,"Bronze Scales":4,"Nloth\u0027s Gift":9,"Coffee Dripper":15,"Bag of Marbles":18,"hubris:ToyBattleship":22},{"hubris:CrystalStatue":71,"Singing Bowl":47,"StoneCalendar":73,"hubris:SlimyHat":36,"Bag of Preparation":47,"Whetstone":25,"hubris:EmptyBottle":71,"Burning Blood":0,"ClockworkSouvenir":8,"Blood Vial":20,"Dream Catcher":76,"hubris:Icosahedron":3,"Matryoshka":36,"TheAbacus":47,"Shovel":67,"HornCleat":71,"hubris:HerbalPaste":71,"Sundial":3,"DollysMirror":16,"Mummified Hand":40,"Pantograph":16,"Philosopher\u0027s Stone":29,"hubris:DeckOfHolding":47,"hubris:CuriousFeather":0,"hubris:IronBody":47,"Chemical X":61,"hubris:ChampionShield":71,"Red Skull":20,"InkBottle":34,"Pear":20,"Happy Flower":16,"Blue Candle":71,"Oddly Smooth Stone":47,"Pen Nib":16,"Omamori":20,"Orichalcum":3,"Frozen Egg 2":36,"War Paint":36,"White Beast Statue":71,"hubris:Zylophone":20,"Strange Spoon":16,"Anchor":71,"Ornamental Fan":16,"Bronze Scales":16,"Nloth\u0027s Gift":31,"Coffee Dripper":53,"Bag of Marbles":61,"hubris:ToyBattleship":76}]},"card_choices":[{"not_picked":["Havoc","Whirlwind"],"picked":"Sword Boomerang","floor":1.0},{"not_picked":["Shrug It Off","Disarm"],"picked":"Headbutt","floor":4.0},{"not_picked":["Power Through","Metallicize"],"picked":"Bloodletting","floor":5.0},{"not_picked":["Flame Barrier","Wild Strike"],"picked":"Demon Form","floor":7.0},{"not_picked":["Sword Boomerang","Spot Weakness"],"picked":"Twin Strike","floor":10.0},{"not_picked":["Iron Wave","Armaments"],"picked":"Twin Strike","floor":12.0},{"not_picked":["Warcry","Barricade"],"picked":"Immolate","floor":13.0},{"not_picked":["Limit Break","Feed"],"picked":"Double Tap","floor":16.0},{"not_picked":["Blood for Blood","Body Slam"],"picked":"Uppercut","floor":18.0},{"not_picked":["Havoc+1","Warcry","Perfected Strike"],"picked":"SKIP","floor":24.0},{"not_picked":["hubris:ReadiedAction","Rupture+1","Headbutt+1"],"picked":"SKIP","floor":25.0},{"not_picked":["Carnage","Bludgeon"],"picked":"Pummel","floor":29.0},{"not_picked":["hubris:ReadiedAction","Thunderclap","Combust+1"],"picked":"SKIP","floor":30.0},{"not_picked":["Shockwave","Burning Pact"],"picked":"Anger+1","floor":31.0},{"not_picked":["Immolate","Offering"],"picked":"hubris:StunningStrike","floor":33.0},{"not_picked":["Second Wind","Sever Soul"],"picked":"Heavy Blade+1","floor":35.0},{"not_picked":["Intimidate","Sentinel","Thunderclap+1"],"picked":"Singing Bowl","floor":37.0},{"not_picked":["Clothesline+1","Battle Trance","Second Wind+1"],"picked":"Singing Bowl","floor":38.0},{"not_picked":["Fire Breathing+1","Thunderclap+1","Carnage"],"picked":"Singing Bowl","floor":40},{"not_picked":["Sentinel","Impervious"],"picked":"Reaper","floor":42},{"not_picked":["Anger+1","Sever Soul","Inflame+1"],"picked":"Singing Bowl","floor":45},{"not_picked":["Discovery","Impatience"],"picked":"Sadistic Nature+1","floor":46},{"not_picked":["Dual Wield","Demon Form+1"],"picked":"Infernal Blade+1","floor":47}],"player_experience":99872,"relics_obtained":[{"floor":7.0,"key":"Ornamental Fan"},{"floor":9.0,"key":"Bronze Scales"},{"floor":10.0,"key":"Pear"},{"floor":13.0,"key":"Whetstone"},{"floor":24.0,"key":"InkBottle"},{"floor":26.0,"key":"Matryoshka"},{"floor":27.0,"key":"hubris:SlimyHat"},{"floor":27.0,"key":"Frozen Egg 2"},{"floor":29.0,"key":"Mummified Hand"},{"floor":31.0,"key":"Bag of Preparation"},{"floor":40,"key":"Shovel"},{"floor":42,"key":"HornCleat"},{"floor":43,"key":"hubris:CrystalStatue"},{"floor":43,"key":"White Beast Statue"},{"floor":45,"key":"StoneCalendar"},{"floor":47,"key":"Dream Catcher"},{"floor":48,"key":"hubris:ToyBattleship"}],"event_choices":[{"cards_removed":["Strike_R"],"damage_healed":0.0,"max_hp_gain":0.0,"max_hp_loss":0.0,"gold_gain":0.0,"event_name":"Purifier","player_choice":"Purged","floor":14.0,"gold_loss":0.0,"damage_taken":0.0},{"damage_healed":0.0,"max_hp_gain":0.0,"max_hp_loss":0.0,"gold_gain":0.0,"event_name":"Nest","player_choice":"Joined the Cult","floor":21.0,"gold_loss":0.0,"damage_taken":6.0,"cards_obtained":["RitualDagger"]},{"damage_healed":0.0,"max_hp_gain":0.0,"max_hp_loss":0.0,"gold_gain":0.0,"event_name":"N\u0027loth","player_choice":"Traded Relic","floor":22.0,"relics_lost":["DollysMirror"],"gold_loss":0.0,"damage_taken":0.0,"relics_obtained":["Nloth\u0027s Gift"]},{"damage_healed":0.0,"max_hp_gain":0.0,"max_hp_loss":0.0,"gold_gain":0.0,"event_name":"The Mausoleum","player_choice":"Opened","floor":28.0,"gold_loss":0.0,"damage_taken":0.0,"relics_obtained":["War Paint"],"cards_obtained":["Writhe"]},{"cards_removed":["Defend_R"],"damage_healed":0.0,"max_hp_gain":0.0,"max_hp_loss":0.0,"gold_gain":0.0,"event_name":"Bonfire Elementals","player_choice":"Offered Basic","floor":36.0,"gold_loss":0.0,"damage_taken":0.0},{"damage_healed":0,"gold_gain":0,"player_choice":"Fight","damage_taken":0,"max_hp_gain":0,"max_hp_loss":0,"event_name":"Mysterious Sphere","floor":45,"gold_loss":0},{"damage_healed":0,"gold_gain":0,"player_choice":"Memory 1","damage_taken":0,"max_hp_gain":0,"max_hp_loss":0,"event_name":"SensoryStone","floor":46,"gold_loss":0}],"is_beta":false,"boss_relics":[{"not_picked":["Velvet Choker","Black Blood"],"picked":"Philosopher\u0027s Stone"},{"not_picked":["Snecko Eye","hubris:RunicObelisk"],"picked":"Coffee Dripper"}],"items_purged_floors":[2,2,2,2,2,11,32,32,39,44,44],"is_endless":false,"potions_floor_spawned":[7,13,25,33,40,42,45,47],"ascension_level":2}}