{"host":"qoai0zeca0j4yswu","time":1608348623,"event":{"mods":["Act Like it!","BaseMod","Curses Come First","Downfall","Minty Spire (QoL Compilation)","StSLib","The Jungle"],"gold_per_floor":[99,112,37,56,56,89,89,89,89,109,124,55,55,71,82,178,178,28,13,13,33,51,51,74,74,86,86,97,56,56,72,85,189,189,189,221,221,253,269,269,269,289,324,324,337,337,105,105,117,117,117,148,88,88,88],"floor_reached":56,"playtime":8830,"items_purged":["Parasite"],"score":1187,"play_id":"9394d8bd-3965-4d4e-94f4-f27d92a5d8e9","local_time":"20201218193023","is_ascension_mode":false,"campfire_choices":[{"floor":1,"key":"RECALL"},{"data":"Slimebound:Teamwork","floor":3,"key":"SMITH"},{"data":"Slimebound:Split","floor":5,"key":"SMITH"},{"data":"Slimebound:WasteNot","floor":18,"key":"PURGE"},{"data":"Parasite","floor":20,"key":"PURGE"},{"data":"Slimebound:LevelUp","floor":23,"key":"SMITH"},{"data":"Slimebound:PrepareCrush","floor":25,"key":"SMITH"},{"data":"Slimebound:ViciousTackle","floor":27,"key":"PURGE"},{"data":"Slimebound:FormOfPuddle","floor":35,"key":"SMITH"},{"data":"Slimebound:MinionMaster","floor":37,"key":"SMITH"},{"floor":40,"key":"REST"},{"data":"Slimebound:OneTwoCombo","floor":44,"key":"SMITH"},{"data":"Slimebound:SplitBruiser","floor":54,"key":"SMITH"}],"circlet_count":0,"master_deck":["Slimebound:Tackle","Slimebound:Split+1","Slimebound:CorrosiveSpit","Slimebound:Teamwork+1","Slimebound:SplitLeeching","Slimebound:Repurpose","Slimebound:SamplingLick","Slimebound:OneTwoCombo+1","Slimebound:SplitAcid","Slimebound:ProtectTheBoss","Slimebound:PrepareCrush+1","Slimebound:MinionMaster+1","Slimebound:RainOfGoop","Slimebound:LivingWall","Slimebound:ComboTackle","Slimebound:SplitBruiser+1","Slimebound:SplitLeeching","Slimebound:SlimeBrawl+1","Slimebound:LevelUp+1","Slimebound:Replication+1","Slimebound:FormOfPuddle+1","Slimebound:MassRepurpose","Slimebound:LevelUp+1","Slimebound:RallyTheTroops"],"relics":["Slimebound:AbsorbEndCombat","downfall:HeartBlessingRed","StrikeDummy","Peace Pipe","The Courier","Pandora\u0027s Box","downfall:HeartBlessingBlue","downfall:HeartBlessingGreen","Happy Flower","Lizard Tail","ClockworkSouvenir","Philosopher\u0027s Stone","Du-Vu Doll","Lantern","Boot","Unceasing Top","CaptainsWheel","Pear"],"acts_visited":["Exordium","Exordium","TheBeyond","TheEnding"],"potions_floor_usage":[55,55],"damage_taken":[{"damage":7,"enemies":"Small Slimes","floor":2,"turns":3},{"damage":4,"enemies":"Jaw Worm","floor":4,"turns":4},{"damage":44,"enemies":"3 Sentries","floor":6,"turns":13},{"damage":8,"enemies":"Cultist","floor":10,"turns":2},{"damage":15,"enemies":"Red Slaver","floor":11,"turns":3},{"damage":13,"enemies":"downfall:FleeingMerchant","floor":12,"turns":4},{"damage":12,"enemies":"Blue Slaver","floor":14,"turns":2},{"damage":8,"enemies":"Exordium Wildlife","floor":15,"turns":3},{"damage":39,"enemies":"downfall:Ironclad","floor":16,"turns":7},{"damage":31,"enemies":"downfall:FleeingMerchant","floor":19,"turns":4},{"damage":20,"enemies":"theJungle:Flameango_and_Byrd","floor":21,"turns":3},{"damage":20,"enemies":"theJungle:MUSHROOMGANG","floor":22,"turns":3},{"damage":20,"enemies":"theJungle:SlimyTreeVines","floor":26,"turns":4},{"damage":30,"enemies":"theJungle:Lyon","floor":28,"turns":4},{"damage":31,"enemies":"downfall:FleeingMerchant","floor":29,"turns":4},{"damage":45,"enemies":"Snake Plant","floor":31,"turns":4},{"damage":24,"enemies":"theJungle:JungleHuntersEncounter","floor":32,"turns":4},{"damage":26,"enemies":"downfall:Defect","floor":33,"turns":5},{"damage":34,"enemies":"Nemesis","floor":36,"turns":7},{"damage":27,"enemies":"Reptomancer","floor":38,"turns":4},{"damage":24,"enemies":"3 Shapes","floor":39,"turns":3},{"damage":27,"enemies":"3 Darklings","floor":42,"turns":3},{"damage":24,"enemies":"Giant Head","floor":43,"turns":6},{"damage":54,"enemies":"4 Shapes","floor":45,"turns":5},{"damage":7,"enemies":"Writhing Mass","floor":49,"turns":4},{"damage":21,"enemies":"downfall:Watcher","floor":50,"turns":4},{"damage":39,"enemies":"downfall:CharBossMerchant","floor":52,"turns":6},{"damage":34,"enemies":"downfall:NeowBoss","floor":55,"turns":19}],"seed_played":"-4658540184075326701","potions_obtained":[{"floor":2,"key":"GamblersBrew"},{"floor":14,"key":"Dexterity Potion"},{"floor":15,"key":"Slimebound:SpawnSlimePotion"}],"is_trial":false,"path_per_floor":["R","M","R","M","R","E","T","?","T","M","M","$","T","M","M","B",null,"R","$","R","M","M","R","T","R","M","R","M","$","?","M","M","B",null,"R","E","R","E","M","R","T","M","E","R","M","?","$","?","M","B",null,"E","$","R","B",null],"character_chosen":"SLIMEBOUND","items_purchased":["Slimebound:SplitAcid","Lizard Tail","ClockworkSouvenir","CaptainsWheel"],"campfire_rested":1,"item_purchase_floors":[12,29,29,47],"current_hp_per_floor":[42,41,41,45,45,11,11,26,26,28,27,32,32,32,34,27,60,70,59,59,65,67,67,67,67,67,67,59,48,48,21,17,19,67,67,57,57,58,40,60,60,53,65,65,25,59,59,59,59,59,59,64,64,64,66],"gold":88,"neow_bonus":"THREE_RARE_CARDS","is_daily":false,"chose_seed":false,"campfire_upgraded":8,"win_rate":0.0,"timestamp":1608348623,"path_taken":["R","M","R","M","R","E","T","?","?","?","M","$","?","M","M","BOSS","R","$","R","M","M","R","T","R","M","R","M","$","?","M","M","BOSS","R","E","R","E","M","R","T","M","E","R","M","?","$","?","M","BOSS","E","$","R","BOSS"],"items_purchased_type":["Card","Relic","Relic","Relic"],"build_version":"2020-12-13","purchased_purges":1,"victory":true,"max_hp_per_floor":[60,60,60,60,60,60,60,60,60,60,60,60,60,60,60,60,60,70,70,67,67,67,67,67,67,67,67,67,67,67,67,67,67,67,67,67,67,67,67,67,67,67,67,67,67,59,59,59,59,59,59,69,66,66,66],"card_choices":[{"not_picked":["Slimebound:DouseInSlime","Slimebound:MinionMaster"],"picked":"Slimebound:Teamwork","floor":0},{"not_picked":["Slimebound:AcidTongue","Slimebound:RollThrough","Slimebound:LeechEnergy"],"picked":"SKIP","floor":2},{"not_picked":["Slimebound:FinishingTackle","Slimebound:MegaLick"],"picked":"Slimebound:PressTheAttack","floor":4},{"not_picked":["Slimebound:SamplingLick","Slimebound:ItLooksTasty"],"picked":"Slimebound:SplitLeeching","floor":6},{"not_picked":["Slimebound:Teamwork","Slimebound:SlimeSpikes"],"picked":"Slimebound:Repurpose","floor":10},{"not_picked":["Slimebound:Repurpose","Slimebound:Schlurp"],"picked":"Slimebound:SamplingLick","floor":11},{"not_picked":["Slimebound:Recollect","Slimebound:Repurpose"],"picked":"Slimebound:OneTwoCombo","floor":12},{"not_picked":["Slimebound:RollThrough","Slimebound:GoopTackle","Slimebound:SamplingLick"],"picked":"SKIP","floor":14},{"not_picked":["Slimebound:PressTheAttack","Slimebound:FinishingTackle"],"picked":"Slimebound:ProtectTheBoss","floor":15},{"not_picked":["Slimebound:LeechLife","Slimebound:DouseInSlime"],"picked":"Slimebound:PrepareCrush","floor":16},{"not_picked":["Slimebound:RollThrough","Slimebound:ComboTackle"],"picked":"Slimebound:SplitLeeching","floor":19},{"not_picked":["Slimebound:MegaLick","Slimebound:SplitBruiser"],"picked":"Slimebound:SlimeBrawl+1","floor":21},{"not_picked":["Slimebound:GoopTackle","Slimebound:Repurpose+1"],"picked":"Slimebound:LevelUp","floor":22},{"not_picked":["Slimebound:PressTheAttack","Slimebound:SlimeSpikes+1","Slimebound:SplitLeeching+1"],"picked":"SKIP","floor":26},{"not_picked":["Slimebound:ComboTackle","Slimebound:GrowthPunch+1"],"picked":"Slimebound:Replication+1","floor":28},{"not_picked":["Slimebound:FlameTackle","Slimebound:GoopTackle+1","Slimebound:DouseInSlime"],"picked":"SKIP","floor":29},{"not_picked":["Slimebound:RollThrough","Slimebound:Schlurp","Slimebound:SplitBruiser"],"picked":"SKIP","floor":31},{"not_picked":["Slimebound:Replication+1","Slimebound:FinishingTackle"],"picked":"Slimebound:FormOfPuddle","floor":32},{"not_picked":["Slimebound:OozeBath","Slimebound:RallyTheTroops"],"picked":"Slimebound:MassRepurpose","floor":33},{"not_picked":["Slimebound:TongueLash+1","Slimebound:SlimeSpikes+1","Slimebound:Gluttony"],"picked":"SKIP","floor":36},{"not_picked":["Slimebound:SlimeSpikes","Slimebound:Equalize","Slimebound:Nibble+1"],"picked":"SKIP","floor":38},{"not_picked":["Slimebound:SplitMire+1","Slimebound:SplitBruiser+1","Slimebound:FinishingTackle"],"picked":"SKIP","floor":39},{"not_picked":["Slimebound:AcidTongue","Slimebound:Schlurp+1","Slimebound:TongueLash+1"],"picked":"SKIP","floor":42},{"not_picked":["Slimebound:ComboTackle","Slimebound:SamplingLick","Slimebound:SplitAcid"],"picked":"SKIP","floor":43},{"not_picked":["Slimebound:GrowthPunch","Slimebound:ProtectTheBoss+1"],"picked":"Slimebound:LevelUp+1","floor":45},{"not_picked":["Slimebound:ViciousTackle","Slimebound:FlameTackle+1"],"picked":"Slimebound:RallyTheTroops","floor":49},{"not_picked":["Slimebound:Recollect+1","Slimebound:Gluttony+1","Slimebound:DisruptingSlam+1"],"picked":"SKIP","floor":52}],"player_experience":712432,"relics_obtained":[{"floor":6,"key":"StrikeDummy"},{"floor":9,"key":"Peace Pipe"},{"floor":13,"key":"The Courier"},{"floor":24,"key":"Happy Flower"},{"floor":36,"key":"Du-Vu Doll"},{"floor":38,"key":"Lantern"},{"floor":41,"key":"Boot"},{"floor":43,"key":"Unceasing Top"},{"floor":52,"key":"Pear"}],"event_choices":[{"damage_healed":15,"gold_gain":0,"player_choice":"Healed and dodged fight","damage_taken":0,"max_hp_gain":0,"max_hp_loss":0,"event_name":"Mushrooms","floor":8,"gold_loss":0,"cards_obtained":["Parasite"]},{"cards_removed":["Slimebound:PressTheAttack"],"damage_healed":0,"gold_gain":0,"player_choice":"Removed Attack","damage_taken":0,"max_hp_gain":0,"max_hp_loss":0,"event_name":"Falling","floor":48,"gold_loss":0}],"is_beta":false,"boss_relics":[{"not_picked":["Coffee Dripper","Fusion Hammer"],"picked":"Pandora\u0027s Box"},{"not_picked":["Empty Cage","Black Star"],"picked":"Philosopher\u0027s Stone"}],"items_purged_floors":[53],"is_endless":false,"potions_floor_spawned":[2,14,15,22,28,31,42,43,45,49],"ascension_level":0}}