{"host":"4evnc443c98ww2zl","time":1608344583,"event":{"mods":["BaseMod","Hermit","Koishi","Minty Spire (QoL Compilation)","Remilia??????","Robot Space Explorer","StSLib","The Administrix","The Animator","The Bug Knight","The Cursed"],"gold_per_floor":[118,132,132,132,132,132,132,148,175,215,215,238,238,278,278,397,397,413,328,344,363,386,430,355,375,375,375,220,220,234,270,270,270,270],"floor_reached":33,"playtime":2917,"items_purged":[],"score":345,"play_id":"b2290e5c-7284-4fc4-8a8b-8ae2979195ad","local_time":"20201218202303","is_ascension_mode":false,"campfire_choices":[{"floor":6,"key":"RECALL"},{"floor":15,"key":"REST"},{"data":"RobotSpaceExplorer:MiniDrones","floor":27,"key":"SMITH"},{"data":"RobotSpaceExplorer:MiniDrones","floor":32,"key":"SMITH"}],"circlet_count":0,"master_deck":["RobotSpaceExplorer:Strike","RobotSpaceExplorer:Strike","RobotSpaceExplorer:Strike","RobotSpaceExplorer:Strike","RobotSpaceExplorer:Defend","RobotSpaceExplorer:Defend+1","RobotSpaceExplorer:Defend+1","RobotSpaceExplorer:Scan","RobotSpaceExplorer:MiniLasers+1","RobotSpaceExplorer:Probe","RobotSpaceExplorer:SurgingShield","RobotSpaceExplorer:SurgingShield","RobotSpaceExplorer:StunGrenade","RobotSpaceExplorer:MiniDrones+1","RobotSpaceExplorer:HighVoltage","RobotSpaceExplorer:Electroshield+1","RobotSpaceExplorer:RigExplosive","RobotSpaceExplorer:IronShell+1","RobotSpaceExplorer:ScrapMissile","RobotSpaceExplorer:MiniDrones+1","RobotSpaceExplorer:MiniDrones+1"],"relics":["RobotSpaceExplorer:RoboCore","Centennial Puzzle","Golden Idol","Vajra","Toy Ornithopter","Pocketwatch","SlaversCollar","HollowMod:LifeEnderRelic","Darkstone Periapt","StoneCalendar","Pen Nib","Oddly Smooth Stone"],"acts_visited":["Exordium","TheCity"],"potions_floor_usage":[10,18,21,21,22,22,23,23,25,30,31,33,33,33],"damage_taken":[{"damage":0,"enemies":"2 Louse","floor":1,"turns":3},{"damage":0,"enemies":"Cultist","floor":2,"turns":3},{"damage":0,"enemies":"Small Slimes","floor":8,"turns":3},{"damage":22,"enemies":"Lagavulin","floor":10,"turns":8},{"damage":0,"enemies":"2 Fungi Beasts","floor":12,"turns":2},{"damage":18,"enemies":"Gremlin Nob","floor":14,"turns":5},{"damage":14,"enemies":"Hexaghost","floor":16,"turns":11},{"damage":0,"enemies":"2 Thieves","floor":18,"turns":3},{"damage":10,"enemies":"Shell Parasite","floor":20,"turns":4},{"damage":2,"enemies":"Snecko","floor":21,"turns":6},{"damage":9,"enemies":"Sentry and Sphere","floor":22,"turns":5},{"damage":0,"enemies":"Slavers","floor":23,"turns":4},{"damage":41,"enemies":"Centurion and Healer","floor":25,"turns":5},{"damage":0,"enemies":"Snake Plant","floor":30,"turns":3},{"damage":0,"enemies":"Gremlin Leader","floor":31,"turns":6},{"damage":74,"enemies":"Champ","floor":33,"turns":14}],"seed_played":"1393340330658386358","potions_obtained":[{"floor":2,"key":"Fire Potion"},{"floor":14,"key":"SpeedPotion"},{"floor":16,"key":"RobotSpaceExplorer:LiquidFusion"},{"floor":18,"key":"Block Potion"},{"floor":20,"key":"SkillPotion"},{"floor":22,"key":"DistilledChaos"},{"floor":30,"key":"Block Potion"}],"is_trial":false,"path_per_floor":["M","M","?","$","?","R","$","M","T","E","?","M","?","E","R","B",null,"M","?","M","M","M","E","?","M","T","R","$","?","M","E","R","B"],"character_chosen":"RobotSpaceExplorer","items_purchased":["Pen Nib"],"campfire_rested":1,"item_purchase_floors":[28],"current_hp_per_floor":[75,75,75,75,57,57,57,57,57,35,35,35,20,2,24,10,75,75,75,65,73,66,75,75,37,37,37,37,37,42,47,47,0,0],"gold":270,"neow_bonus":"RANDOM_COMMON_RELIC","is_daily":false,"chose_seed":false,"campfire_upgraded":2,"win_rate":0.0,"timestamp":1608344583,"path_taken":["M","M","?","?","?","R","$","M","T","E","?","?","?","E","R","BOSS","M","?","M","M","M","E","?","M","T","R","$","?","M","E","R","BOSS"],"items_purchased_type":["Relic"],"build_version":"2020-12-13","purchased_purges":0,"victory":false,"max_hp_per_floor":[75,75,75,75,75,75,75,75,75,75,75,75,75,75,75,75,75,75,75,75,75,75,75,75,75,75,75,75,75,75,75,75,75,75],"card_choices":[{"not_picked":["RobotSpaceExplorer:StarDust","RobotSpaceExplorer:GlueSpray"],"picked":"RobotSpaceExplorer:Probe","floor":1},{"not_picked":["RobotSpaceExplorer:ImprovisedAttack","RobotSpaceExplorer:FrostMissile"],"picked":"RobotSpaceExplorer:SurgingShield","floor":2},{"not_picked":["RobotSpaceExplorer:DoubleBlock","RobotSpaceExplorer:Ammunition"],"picked":"RobotSpaceExplorer:MetalStrike","floor":8},{"not_picked":["RobotSpaceExplorer:SlimeMissile","RobotSpaceExplorer:MetalStrike"],"picked":"RobotSpaceExplorer:SurgingShield","floor":10},{"not_picked":["RobotSpaceExplorer:Multitool","RobotSpaceExplorer:SurgingShield"],"picked":"RobotSpaceExplorer:StunGrenade","floor":12},{"not_picked":["RobotSpaceExplorer:ToxicBomb","RobotSpaceExplorer:MakeshiftVolley"],"picked":"RobotSpaceExplorer:MiniDrones","floor":14},{"not_picked":["RobotSpaceExplorer:Scanner","RobotSpaceExplorer:ChargingLaser"],"picked":"RobotSpaceExplorer:HighVoltage","floor":16},{"not_picked":["RobotSpaceExplorer:FranticSearch","RobotSpaceExplorer:SwiftStep+1"],"picked":"RobotSpaceExplorer:Electroshield+1","floor":18},{"not_picked":["RobotSpaceExplorer:ShovelStrike+1","RobotSpaceExplorer:FreezeRay"],"picked":"RobotSpaceExplorer:RigExplosive","floor":20},{"not_picked":["RobotSpaceExplorer:SwiftStep","RobotSpaceExplorer:DroneSwarm","RobotSpaceExplorer:SurgingShield+1"],"picked":"SKIP","floor":21},{"not_picked":["RobotSpaceExplorer:SwiftStep+1","RobotSpaceExplorer:Counterblock"],"picked":"RobotSpaceExplorer:IronShell","floor":22},{"not_picked":["RobotSpaceExplorer:Blitz","RobotSpaceExplorer:ShovelStrike","RobotSpaceExplorer:FrostMissile"],"picked":"SKIP","floor":23},{"not_picked":["RobotSpaceExplorer:DroneSwarm","RobotSpaceExplorer:SurgingShield"],"picked":"RobotSpaceExplorer:ScrapMissile","floor":25},{"not_picked":["RobotSpaceExplorer:GearShield","RobotSpaceExplorer:ScrapMissile"],"picked":"RobotSpaceExplorer:MiniDrones+1","floor":30},{"not_picked":["RobotSpaceExplorer:DoubleFind","RobotSpaceExplorer:LaserBurst+1"],"picked":"RobotSpaceExplorer:MiniDrones","floor":31}],"player_experience":1050656,"relics_obtained":[{"floor":10,"key":"Vajra"},{"floor":14,"key":"Pocketwatch"},{"floor":23,"key":"Darkstone Periapt"},{"floor":26,"key":"StoneCalendar"},{"floor":31,"key":"Oddly Smooth Stone"}],"event_choices":[{"damage_healed":0,"gold_gain":0,"player_choice":"Upgraded","damage_taken":0,"max_hp_gain":0,"max_hp_loss":0,"event_name":"Upgrade Shrine","floor":3,"gold_loss":0,"cards_upgraded":["RobotSpaceExplorer:MiniLasers"]},{"damage_healed":0,"gold_gain":0,"player_choice":"Take Damage","damage_taken":18,"relics_obtained":["Golden Idol"],"max_hp_gain":0,"max_hp_loss":0,"event_name":"Golden Idol","floor":5,"gold_loss":0},{"cards_removed":["RobotSpaceExplorer:MetalStrike"],"damage_healed":0,"gold_gain":0,"player_choice":"Gave Card","damage_taken":0,"relics_obtained":["Toy Ornithopter"],"max_hp_gain":0,"max_hp_loss":0,"event_name":"WeMeetAgain","floor":11,"gold_loss":0},{"damage_healed":0,"gold_gain":0,"player_choice":"Entered Light","damage_taken":15,"max_hp_gain":0,"max_hp_loss":0,"event_name":"Shining Light","floor":13,"gold_loss":0,"cards_upgraded":["RobotSpaceExplorer:Defend","RobotSpaceExplorer:Defend"]},{"damage_healed":0,"gold_gain":0,"player_choice":"Obtained Relic","damage_taken":0,"relics_obtained":["HollowMod:LifeEnderRelic"],"max_hp_gain":0,"max_hp_loss":0,"event_name":"Addict","floor":19,"gold_loss":85},{"cards_removed":["RobotSpaceExplorer:Defend"],"damage_healed":0,"gold_gain":0,"player_choice":"Gave Gold","damage_taken":0,"max_hp_gain":0,"max_hp_loss":0,"event_name":"Beggar","floor":24,"gold_loss":75},{"damage_healed":0,"gold_gain":0,"player_choice":"Upgraded","damage_taken":0,"max_hp_gain":0,"max_hp_loss":0,"event_name":"Upgrade Shrine","floor":29,"gold_loss":0,"cards_upgraded":["RobotSpaceExplorer:IronShell"]}],"is_beta":false,"boss_relics":[{"not_picked":["Tiny House","Snecko Eye"],"picked":"SlaversCollar"}],"items_purged_floors":[],"is_endless":false,"potions_floor_spawned":[2,14,16,18,20,22,30],"killed_by":"Champ","ascension_level":0}}