{"host":"s0d2u711fzg2n3il","time":1608393204,"event":{"mods":["2.2 Compatiblity","AchievementEnabler","Act Like it!","Aspiration","BaseMod","BetterRewards","Block Reminder","Conspire","Downfall","Duelist Mod","Ekko","GifTheSpireLib","Hermit","Hubris","JesterMod","Minty Spire (QoL Compilation)","Rare Cards Sparkle","Replay The Spire","Shade Mod","Somnambulant","StSLib","The Bug Knight","The Construct","The Cursed","The Death Knight","The Disciple","The Hierophant","The Necromancer","The Runesmith","The Valiant","TheVacant","vexMod"],"gold_per_floor":[114,126,137,137,153,185,185,185,208,225,225,225,240,257,257,257,257],"floor_reached":16,"playtime":1613,"items_purged":[],"score":104,"play_id":"a78d0303-ceb3-4964-a464-77113f25146b","local_time":"20201219165324","is_ascension_mode":false,"campfire_choices":[{"floor":7,"key":"REST"},{"data":"hermit:EyeOfTheStorm","floor":11,"key":"SMITH"},{"floor":15,"key":"REST"}],"circlet_count":0,"master_deck":["hermit:Strike_Hermit","hermit:Strike_Hermit","hermit:Strike_Hermit","hermit:Strike_Hermit","hermit:Defend_Hermit","hermit:Defend_Hermit","hermit:Defend_Hermit","hermit:Snapshot","hermit:Covet","hermit:TakeAim","hermit:Vantage","hermit:Gestalt+1","hermit:Dissolve","hermit:EyeOfTheStorm+1","hermit:FinalCanter+1","hermit:Headshot"],"relics":["hermit:Momento","aspiration:Nostalgia","construct:Cogwheel","Centennial Puzzle","Replay:Wax Seal"],"acts_visited":["Exordium"],"potions_floor_usage":[5,16,16,16],"damage_taken":[{"damage":6,"enemies":"2 Louse","floor":1,"turns":3},{"damage":1,"enemies":"Cultist","floor":2,"turns":4},{"damage":6,"enemies":"Jaw Worm","floor":3,"turns":5},{"damage":1,"enemies":"Large Slime","floor":5,"turns":6},{"damage":32,"enemies":"Lagavulin","floor":6,"turns":9},{"damage":1,"enemies":"Looter","floor":10,"turns":4},{"damage":9,"enemies":"Gremlin Gang","floor":13,"turns":6},{"damage":6,"enemies":"Red Slaver","floor":14,"turns":5},{"damage":60,"enemies":"The Guardian","floor":16,"turns":13}],"seed_played":"-3401412230793743607","potions_obtained":[{"floor":1,"key":"SpeedPotion"},{"floor":3,"key":"Fire Potion"},{"floor":10,"key":"FearPotion"},{"floor":13,"key":"DistilledChaos"}],"is_trial":false,"path_per_floor":["M","M","M","?","M","E","R","?","T","M","R","?","M","M","R","B"],"character_chosen":"HERMIT","items_purchased":[],"campfire_rested":2,"item_purchase_floors":[],"current_hp_per_floor":[69,68,62,62,61,29,51,51,51,50,50,50,41,35,57,0,0],"gold":257,"neow_bonus":"NOSTALGIA","is_daily":false,"chose_seed":false,"campfire_upgraded":1,"win_rate":0.0,"timestamp":1608393204,"path_taken":["M","M","M","?","?","E","R","?","T","M","R","?","M","M","R","BOSS"],"items_purchased_type":[],"build_version":"2020-12-13","purchased_purges":0,"victory":false,"max_hp_per_floor":[75,75,75,75,75,75,75,75,75,75,75,75,75,75,75,75,75],"card_choices":[{"not_picked":["hermit:Ricochet","hermit:TrackingShot"],"picked":"hermit:TakeAim","floor":1},{"not_picked":["hermit:SprayPray","hermit:Deadeye"],"picked":"hermit:Vantage","floor":2},{"not_picked":["hermit:Ricochet","hermit:Desperado"],"picked":"hermit:Gestalt","floor":3},{"not_picked":["hermit:Snipe","hermit:Coalescence","hermit:Roulette"],"picked":"SKIP","floor":5},{"not_picked":["hermit:Grudge","hermit:TrackingShot"],"picked":"hermit:Dissolve","floor":6},{"not_picked":["hermit:CalledShot","hermit:Vantage"],"picked":"hermit:EyeOfTheStorm","floor":10},{"not_picked":["hermit:SprayPray","hermit:Combo"],"picked":"hermit:Headshot","floor":13},{"not_picked":["hermit:Feint","hermit:Manifest","hermit:LowProfile"],"picked":"SKIP","floor":14}],"player_experience":543759,"relics_obtained":[{"floor":6,"key":"Centennial Puzzle"},{"floor":9,"key":"Replay:Wax Seal"}],"event_choices":[{"damage_healed":0,"gold_gain":0,"player_choice":"Forge","damage_taken":0,"max_hp_gain":0,"max_hp_loss":0,"event_name":"Accursed Blacksmith","floor":4,"gold_loss":0,"cards_upgraded":["hermit:Gestalt"]}],"is_beta":false,"boss_relics":[],"items_purged_floors":[],"is_endless":false,"potions_floor_spawned":[1,3,10,13],"killed_by":"The Guardian","ascension_level":0}}