{"host":"Pickles","time":1608343615,"event":{"mods":["BaseMod","Dio Mod","Downfall","Duelist Mod","GifTheSpireLib","GungeonMod","Hermit","Hero for Fun","Kratos Character Expansion","Marisa????????","Minty Spire (QoL Compilation)","StSLib","The Animator","The Blackbeard","The Bug Knight","The Cursed","The Exalted","The Hierophant","The Necromancer","The Poker Player","The Runesmith","The Senshi","The Servant 0.9.4","The Wild Card","TheWitcher"],"gold_per_floor":[115,130,146,146,160,160,160],"floor_reached":6,"playtime":3881,"items_purged":[],"score":38,"play_id":"9d33de5f-f290-49b4-9856-ff31f400286d","local_time":"20201219130655","is_ascension_mode":false,"campfire_choices":[],"circlet_count":0,"master_deck":["theWildCard:BasicStrike","theWildCard:BasicStrike","theWildCard:BasicStrike","theWildCard:BasicStrike","theWildCard:BasicDefend","theWildCard:BasicDefend","theWildCard:BasicDefend","theWildCard:BasicDefend","theWildCard:CallToAdventure","theWildCard:Arsene","theWildCard:Michael","theWildCard:Providence","theWildCard:PowerOfTheArcana","theWildCard:ArcanaArtistry"],"relics":["theWildCard:VelvetContract","NeowsBlessing"],"acts_visited":["Exordium"],"potions_floor_usage":[6],"damage_taken":[{"damage":0,"enemies":"Cultist","floor":1,"turns":1},{"damage":0,"enemies":"2 Louse","floor":2,"turns":1},{"damage":0,"enemies":"Jaw Worm","floor":3,"turns":1},{"damage":24,"enemies":"Large Slime","floor":5,"turns":6},{"damage":31,"enemies":"Lagavulin","floor":6,"turns":5}],"seed_played":"-3972398576059303473","potions_obtained":[{"floor":5,"key":"Guardian:BlockOnCardUsePotion"}],"is_trial":false,"path_per_floor":["M","M","M","?","M","E"],"character_chosen":"THE_WILD_CARD","items_purchased":[],"campfire_rested":0,"item_purchase_floors":[],"current_hp_per_floor":[60,60,60,54,30,0,0],"gold":160,"neow_bonus":"THREE_ENEMY_KILL","is_daily":false,"chose_seed":false,"campfire_upgraded":0,"win_rate":0.0,"timestamp":1608343615,"path_taken":["M","?","M","?","M","E"],"items_purchased_type":[],"build_version":"2020-12-17","purchased_purges":0,"victory":false,"max_hp_per_floor":[60,60,60,60,60,60,60],"card_choices":[{"not_picked":["theWildCard:ArcaneArts","theWildCard:SacrificialStroke"],"picked":"theWildCard:Michael","floor":1},{"not_picked":["theWildCard:EnergizedStroke","theWildCard:MagicalMight"],"picked":"theWildCard:Providence","floor":2},{"not_picked":["theWildCard:MaskChange","theWildCard:Unburden"],"picked":"theWildCard:PowerOfTheArcana","floor":3},{"not_picked":["theWildCard:PaleRider","theWildCard:Salvation"],"picked":"theWildCard:ArcanaArtistry","floor":5}],"player_experience":198830,"relics_obtained":[],"event_choices":[{"damage_healed":0,"gold_gain":0,"player_choice":"Damaged","damage_taken":6,"max_hp_gain":0,"max_hp_loss":0,"event_name":"Wheel of Change","floor":4,"gold_loss":0}],"is_beta":true,"boss_relics":[],"items_purged_floors":[],"is_endless":false,"potions_floor_spawned":[5],"killed_by":"Lagavulin","ascension_level":0}}