{"host":"6z6y4ky8uzsz1dpj","time":1608382536,"event":{"mods":["2.2 Compatiblity","AchievementEnabler","BaseMod","BetterRewards","Challenge The Spire","Colored Map","Hubris","Minty Spire (QoL Compilation)","Quick Restart","Replay The Spire","StSLib"],"gold_per_floor":[113,124,224,241,241,273,273,273,273],"floor_reached":8,"playtime":354,"items_purged":["Strike_G"],"score":78,"play_id":"9155c999-6f96-487a-80a8-ceeda99d904b","local_time":"20201219075536","is_ascension_mode":true,"campfire_choices":[{"data":"ReplayTheSpireMod:Shiv Toss","floor":7,"key":"SMITH"}],"circlet_count":0,"master_deck":["Strike_G","Strike_G","Strike_G","Strike_G","Defend_G","Defend_G","Defend_G","Defend_G","Defend_G","Survivor","Neutralize","ReplayTheSpireMod:Shiv Toss+1","Calculated Gamble","Cloak And Dagger","Acrobatics","Doppelganger"],"relics":["Ring of the Snake","Kunai","Ninja Scroll","hubris:Reverence","Juzu Bracelet"],"acts_visited":["Exordium"],"potions_floor_usage":[6,8],"damage_taken":[{"damage":0,"enemies":"2 Louse","floor":1,"turns":3},{"damage":0,"enemies":"Cultist","floor":2,"turns":3},{"damage":0,"enemies":"Small Slimes","floor":4,"turns":2},{"damage":20,"enemies":"3 Sentries","floor":6,"turns":10},{"damage":20,"enemies":"Gremlin Nob","floor":8,"turns":5}],"seed_played":"-743620725348899796","potions_obtained":[{"floor":2,"key":"Weak Potion"},{"floor":4,"key":"Poison Potion"}],"is_trial":false,"path_per_floor":["M","M","?","M","?","E","R","E"],"character_chosen":"THE_SILENT","items_purchased":["Kunai","Ninja Scroll","ReplayTheSpireMod:Shiv Toss"],"campfire_rested":0,"item_purchase_floors":[0,0,0],"current_hp_per_floor":[49,49,49,49,54,34,34,14,14],"gold":273,"neow_bonus":"","is_daily":false,"chose_seed":false,"campfire_upgraded":1,"win_rate":0.0,"timestamp":1608382536,"path_taken":["M","M","?","?","?","E","R","E"],"items_purchased_type":["Relic","Relic","Card"],"build_version":"2020-12-13","purchased_purges":1,"victory":false,"max_hp_per_floor":[70,70,70,70,75,75,75,75,75],"card_choices":[{"not_picked":["Bane","Outmaneuver"],"picked":"Calculated Gamble","floor":1},{"not_picked":["Night Terror","Outmaneuver"],"picked":"Cloak And Dagger","floor":2},{"not_picked":["Flying Knee","Choke"],"picked":"Acrobatics","floor":4},{"not_picked":["Outmaneuver","Finisher"],"picked":"Doppelganger","floor":6}],"player_experience":168075,"relics_obtained":[{"floor":6,"key":"Juzu Bracelet"}],"event_choices":[{"damage_healed":0,"gold_gain":100,"player_choice":"Pray","damage_taken":0,"max_hp_gain":0,"max_hp_loss":0,"event_name":"Golden Shrine","floor":3,"gold_loss":0},{"damage_healed":0,"gold_gain":0,"player_choice":"Donut","damage_taken":0,"max_hp_gain":5,"max_hp_loss":0,"event_name":"Big Fish","floor":5,"gold_loss":0}],"is_beta":false,"boss_relics":[],"items_purged_floors":[0],"is_endless":false,"potions_floor_spawned":[2,4],"killed_by":"Gremlin Nob","ascension_level":8}}