{"host":"u2grshebrc5rdzdn","time":1608422252,"event":{"mods":["AchievementEnabler","BaseMod","Minty Spire (QoL Compilation)","StSLib"],"gold_per_floor":[110,110,120,140,140,140,169,169,169,196,213,61,89,89,89,192,192,205,49,64,64,79,113,113,123,123,0,0,15,15,32,32,136,136,155,155,0,50,65,65,65,65,119,136,148,148,168,188,188,188,188],"floor_reached":50,"playtime":5250,"items_purged":["Strike_P"],"score":635,"play_id":"c5554f61-abc1-4e99-80e1-fceb55cb26a6","local_time":"20201220005732","is_ascension_mode":true,"campfire_choices":[{"data":"BowlingBash","floor":6,"key":"SMITH"},{"data":"EmptyFist","floor":8,"key":"SMITH"},{"data":"FlurryOfBlows","floor":15,"key":"SMITH"},{"floor":24,"key":"REST"},{"data":"Crescendo","floor":28,"key":"SMITH"},{"floor":32,"key":"REST"},{"floor":40,"key":"REST"},{"floor":46,"key":"REST"},{"floor":49,"key":"REST"}],"circlet_count":0,"master_deck":["Strike_P","Defend_P","Defend_P","Defend_P","Defend_P","Eruption","Vigilance","BowlingBash+1","EmptyFist+1","CrushJoints","FearNoEvil","Perseverance","MentalFortress+1","FlurryOfBlows+1","EmptyBody","Devotion+1","BattleHymn+1","Crescendo+1","MasterReality+1","Writhe"],"relics":["HolyWater","NeowsBlessing","Pocketwatch","HornCleat","Frozen Egg 2","Pantograph","Mummified Hand","Sling","Nilry\u0027s Codex","Vajra","InkBottle","Busted Crown","Bronze Scales","Unceasing Top","PreservedInsect"],"acts_visited":["Exordium","TheCity","TheBeyond"],"potions_floor_usage":[20,29,29,30,33,39,45,45,50],"damage_taken":[{"damage":0,"enemies":"2 Louse","floor":1,"turns":1},{"damage":0,"enemies":"Cultist","floor":3,"turns":1},{"damage":0,"enemies":"Jaw Worm","floor":4,"turns":1},{"damage":0,"enemies":"Gremlin Nob","floor":7,"turns":2},{"damage":20,"enemies":"Lagavulin","floor":10,"turns":4},{"damage":0,"enemies":"2 Fungi Beasts","floor":11,"turns":2},{"damage":0,"enemies":"Gremlin Nob","floor":13,"turns":2},{"damage":25,"enemies":"The Guardian","floor":16,"turns":9},{"damage":6,"enemies":"2 Thieves","floor":18,"turns":4},{"damage":2,"enemies":"Shell Parasite","floor":20,"turns":3},{"damage":5,"enemies":"Snecko","floor":22,"turns":4},{"damage":15,"enemies":"Book of Stabbing","floor":23,"turns":4},{"damage":16,"enemies":"Snake Plant","floor":25,"turns":3},{"damage":0,"enemies":"Sentry and Sphere","floor":29,"turns":3},{"damage":0,"enemies":"Slavers","floor":30,"turns":1},{"damage":0,"enemies":"Snecko","floor":31,"turns":3},{"damage":63,"enemies":"Champ","floor":33,"turns":8},{"damage":20,"enemies":"3 Darklings","floor":35,"turns":4},{"damage":9,"enemies":"Mind Bloom Boss Battle","floor":38,"turns":5},{"damage":14,"enemies":"3 Shapes","floor":39,"turns":3},{"damage":9,"enemies":"Sphere and 2 Shapes","floor":44,"turns":3},{"damage":19,"enemies":"4 Shapes","floor":45,"turns":3},{"damage":16,"enemies":"Writhing Mass","floor":47,"turns":5},{"damage":14,"enemies":"Jaw Worm Horde","floor":48,"turns":2},{"damage":90,"enemies":"Awakened One","floor":50,"turns":8}],"seed_played":"1349343510760734741","potions_obtained":[{"floor":1,"key":"ColorlessPotion"},{"floor":10,"key":"SteroidPotion"},{"floor":11,"key":"SmokeBomb"},{"floor":20,"key":"Ancient Potion"},{"floor":31,"key":"Fire Potion"},{"floor":33,"key":"Energy Potion"},{"floor":35,"key":"Weak Potion"},{"floor":38,"key":"Fire Potion"},{"floor":44,"key":"Explosive Potion"}],"is_trial":false,"path_per_floor":["M","?","M","M","?","R","E","R","T","E","M","$","E","?","R","B",null,"M","$","M","?","M","E","R","M","T","?","R","M","E","M","R","B",null,"M","?","$","?","M","R","?","$","T","M","M","R","M","M","R","B"],"character_chosen":"WATCHER","items_purchased":["FlurryOfBlows","EmptyBody","Sling","Bronze Scales"],"campfire_rested":5,"item_purchase_floors":[12,12,19,37],"current_hp_per_floor":[72,72,72,72,65,65,65,65,65,45,45,45,45,38,38,38,72,66,66,64,48,43,28,49,33,33,33,33,33,33,33,54,9,72,52,70,70,63,49,70,70,70,70,61,42,63,47,33,54,0,0],"gold":188,"neow_bonus":"THREE_ENEMY_KILL","is_daily":false,"chose_seed":false,"campfire_upgraded":4,"win_rate":0.0,"timestamp":1608422252,"path_taken":["M","?","M","?","?","R","E","R","T","E","M","$","E","?","R","BOSS","M","$","M","?","M","E","R","M","T","?","R","M","E","M","R","BOSS","M","?","$","?","M","R","?","?","T","?","M","R","?","M","R","BOSS"],"items_purchased_type":["Card","Card","Relic","Relic"],"build_version":"2020-12-13","purchased_purges":1,"victory":false,"max_hp_per_floor":[72,72,72,72,72,72,72,72,72,72,72,72,72,72,72,72,72,72,72,72,72,72,72,72,72,72,72,72,72,72,72,72,72,72,72,72,72,72,72,72,72,72,72,72,72,72,72,72,72,72,72],"card_choices":[{"not_picked":["WheelKick","FlurryOfBlows"],"picked":"BowlingBash","floor":1},{"not_picked":["SandsOfTime","Prostrate"],"picked":"EmptyFist","floor":3},{"not_picked":["Adaptation","Wireheading"],"picked":"CrushJoints","floor":4},{"not_picked":["CutThroughFate","SashWhip"],"picked":"FearNoEvil","floor":7},{"not_picked":["CarveReality","ReachHeaven"],"picked":"Perseverance","floor":10},{"not_picked":["Pray","Vengeance"],"picked":"MentalFortress+1","floor":11},{"not_picked":["EmptyBody","InnerPeace","FearNoEvil"],"picked":"SKIP","floor":13},{"not_picked":["DeusExMachina","Omniscience"],"picked":"Devotion+1","floor":16},{"not_picked":["FollowUp","FlyingSleeves"],"picked":"BattleHymn+1","floor":18},{"not_picked":["BowlingBash","InnerPeace"],"picked":"Crescendo","floor":20},{"not_picked":["CutThroughFate","JustLucky","EmptyBody"],"picked":"SKIP","floor":22},{"not_picked":["Study+1","EmptyFist","Vengeance"],"picked":"SKIP","floor":23},{"not_picked":["EmptyBody","BowlingBash","Conclude"],"picked":"SKIP","floor":25},{"not_picked":["Pray","Study+1"],"picked":"MasterReality+1","floor":29},{"not_picked":["BowlingBash","EmptyFist","CrushJoints+1"],"picked":"SKIP","floor":31},{"not_picked":["Halt+1"],"picked":"SKIP","floor":35},{"not_picked":["Consecrate+1"],"picked":"SKIP","floor":39},{"not_picked":["ThirdEye"],"picked":"SKIP","floor":44},{"not_picked":["EmptyBody"],"picked":"SKIP","floor":45},{"not_picked":["Halt"],"picked":"SKIP","floor":47},{"not_picked":["Crescendo"],"picked":"SKIP","floor":48}],"player_experience":313730,"relics_obtained":[{"floor":7,"key":"HornCleat"},{"floor":9,"key":"Frozen Egg 2"},{"floor":10,"key":"Pantograph"},{"floor":13,"key":"Mummified Hand"},{"floor":21,"key":"Nilry\u0027s Codex"},{"floor":23,"key":"Vajra"},{"floor":26,"key":"InkBottle"},{"floor":38,"key":"Unceasing Top"},{"floor":43,"key":"PreservedInsect"}],"event_choices":[{"cards_removed":["Strike_P"],"damage_healed":0,"gold_gain":0,"player_choice":"Purged","damage_taken":0,"max_hp_gain":0,"max_hp_loss":0,"event_name":"Purifier","floor":2,"gold_loss":0},{"damage_healed":0,"gold_gain":0,"player_choice":"Success","damage_taken":7,"relics_obtained":["Pocketwatch"],"max_hp_gain":0,"max_hp_loss":0,"event_name":"Scrap Ooze","floor":5,"gold_loss":0},{"cards_removed":["Strike_P"],"damage_healed":0,"gold_gain":0,"player_choice":"Card Removal","damage_taken":7,"max_hp_gain":0,"max_hp_loss":0,"event_name":"Golden Wing","floor":14,"gold_loss":0},{"damage_healed":0,"gold_gain":0,"player_choice":"Obtained Book","damage_taken":16,"max_hp_gain":0,"max_hp_loss":0,"event_name":"Cursed Tome","floor":21,"gold_loss":0},{"damage_healed":0,"gold_gain":0,"player_choice":"Paid Fearfully","damage_taken":0,"max_hp_gain":0,"max_hp_loss":0,"event_name":"Masked Bandits","floor":27,"gold_loss":123},{"damage_healed":18,"gold_gain":0,"player_choice":"Writhe","damage_taken":0,"max_hp_gain":0,"max_hp_loss":0,"event_name":"Winding Halls","floor":36,"gold_loss":0,"cards_obtained":["Writhe"]},{"damage_healed":0,"gold_gain":0,"player_choice":"Fight","damage_taken":0,"max_hp_gain":0,"max_hp_loss":0,"event_name":"MindBloom","floor":38,"gold_loss":0},{"damage_healed":0,"gold_gain":0,"player_choice":"Ignored","damage_taken":0,"max_hp_gain":0,"max_hp_loss":0,"event_name":"Mysterious Sphere","floor":41,"gold_loss":0}],"is_beta":false,"boss_relics":[{"not_picked":["Snecko Eye","Pandora\u0027s Box"],"picked":"HolyWater"},{"not_picked":["Cursed Key","Runic Dome"],"picked":"Busted Crown"}],"items_purged_floors":[12],"is_endless":false,"potions_floor_spawned":[1,10,11,20,23,30,31,33,35,38,44],"killed_by":"Awakened One","ascension_level":3}}