{"host":"fne7yx97fnz7kq05","time":1608419905,"event":{"mods":["BaseMod","Colored Map","Colored Powertips","Highlight Path","Minty Spire (QoL Compilation)","Relic Stats"],"gold_per_floor":[115,131,142,155,230,262,273,273,273,273,283,283,310,41,41,144,144,160,160,160,160,178,213,213,223,223,223,293,306,306,322,322,426,426,440,440,440,457,471,471,471],"floor_reached":40,"playtime":1754,"items_purged":[],"score":627,"play_id":"69558628-bae4-48fa-99fc-f0311664ec54","local_time":"20201219171825","is_ascension_mode":true,"campfire_choices":[{"floor":10,"key":"REST"},{"floor":12,"key":"REST"},{"data":"Bash","floor":15,"key":"SMITH"},{"data":"RitualDagger","floor":24,"key":"SMITH"},{"floor":27,"key":"REST"},{"data":"Limit Break","floor":30,"key":"SMITH"},{"floor":32,"key":"REST"}],"circlet_count":0,"master_deck":["AscendersBane","Strike_R+1","Strike_R+1","Strike_R+1","Strike_R+1","Defend_R+1","Defend_R+1","Bash+1","Feel No Pain","Clothesline","Inflame+1","Berserk+1","Dark Embrace+1","Spot Weakness+1","Armaments+1","RitualDagger+1","Cleave","Ghostly Armor","Limit Break+1","Mayhem+1","Transmutation"],"relics":["Busted Crown","InkBottle","Frozen Egg 2","Bird Faced Urn","Lee\u0027s Waffle","Astrolabe","Molten Egg 2","White Beast Statue","Paper Frog","Black Star"],"acts_visited":["Exordium","TheCity","TheBeyond"],"potions_floor_usage":[6,13,16,22,31,33,39,40,40],"damage_taken":[{"damage":1,"enemies":"Cultist","floor":1,"turns":4},{"damage":5,"enemies":"Small Slimes","floor":2,"turns":4},{"damage":5,"enemies":"2 Louse","floor":3,"turns":4},{"damage":12,"enemies":"Exordium Wildlife","floor":4,"turns":4},{"damage":20,"enemies":"3 Sentries","floor":6,"turns":7},{"damage":13,"enemies":"Blue Slaver","floor":7,"turns":4},{"damage":12,"enemies":"Large Slime","floor":11,"turns":5},{"damage":12,"enemies":"Gremlin Nob","floor":13,"turns":3},{"damage":33,"enemies":"Slime Boss","floor":16,"turns":8},{"damage":26,"enemies":"Chosen","floor":18,"turns":5},{"damage":23,"enemies":"3 Byrds","floor":22,"turns":5},{"damage":11,"enemies":"Gremlin Leader","floor":23,"turns":9},{"damage":16,"enemies":"Centurion and Healer","floor":25,"turns":4},{"damage":24,"enemies":"Shelled Parasite and Fungi","floor":29,"turns":6},{"damage":9,"enemies":"Snecko","floor":31,"turns":5},{"damage":26,"enemies":"Collector","floor":33,"turns":6},{"damage":21,"enemies":"3 Shapes","floor":35,"turns":4},{"damage":11,"enemies":"Orb Walker","floor":38,"turns":3},{"damage":39,"enemies":"Sphere and 2 Shapes","floor":39,"turns":4},{"damage":72,"enemies":"Nemesis","floor":40,"turns":4}],"seed_played":"-2848726425909937361","potions_obtained":[{"floor":1,"key":"AttackPotion"},{"floor":7,"key":"Explosive Potion"},{"floor":13,"key":"AttackPotion"},{"floor":23,"key":"SkillPotion"},{"floor":25,"key":"PowerPotion"},{"floor":29,"key":"LiquidBronze"},{"floor":31,"key":"Dexterity Potion"},{"floor":33,"key":"SkillPotion"},{"floor":35,"key":"BloodPotion"},{"floor":39,"key":"BlessingOfTheForge"}],"is_trial":false,"path_per_floor":["M","M","M","M","?","E","M","?","T","R","M","R","E","$","R","B",null,"M","?","?","?","M","E","R","M","T","R","T","M","R","M","R","B",null,"M","?","?","M","M","E"],"character_chosen":"IRONCLAD","items_purchased":["Inflame+1","Lee\u0027s Waffle","Fire Potion"],"campfire_rested":4,"item_purchase_floors":[14,14,14],"current_hp_per_floor":[71,66,61,49,38,18,5,5,5,29,17,41,29,87,87,54,79,61,61,55,55,38,35,35,27,27,53,53,37,37,34,60,44,76,59,49,49,46,17,0,0],"gold":471,"neow_bonus":"BOSS_RELIC","is_daily":false,"chose_seed":false,"campfire_upgraded":3,"win_rate":0.0,"timestamp":1608419905,"path_taken":["M","?","M","M","?","E","M","?","T","R","M","R","E","?","R","BOSS","M","?","?","?","M","E","R","M","T","R","?","M","R","?","R","BOSS","M","?","?","M","M","E"],"items_purchased_type":["Card","Relic","Potion"],"build_version":"2020-12-13","purchased_purges":0,"victory":false,"max_hp_per_floor":[80,80,80,80,80,80,80,80,80,80,80,80,80,87,87,87,87,87,87,87,87,87,87,87,87,87,87,87,87,87,87,87,87,87,87,87,87,87,87,87,87],"relic_stats":{"Lee\u0027s Waffle":58,"Busted Crown":44,"counters":[20,98],"Bird Faced Urn":[84],"Astrolabe":["Dark Embrace","Spot Weakness","Armaments"],"Black Star":0,"obtain_stats":[{"Lee\u0027s Waffle":14,"Busted Crown":0,"Bird Faced Urn":13,"Astrolabe":17,"Molten Egg 2":23,"Black Star":34,"Frozen Egg 2":9,"Burning Blood":0,"InkBottle":6,"White Beast Statue":26,"Paper Frog":28},{"Lee\u0027s Waffle":8,"Busted Crown":0,"Bird Faced Urn":8,"Astrolabe":9,"Molten Egg 2":12,"Black Star":16,"Frozen Egg 2":6,"Burning Blood":0,"InkBottle":5,"White Beast Statue":13,"Paper Frog":13},{"Lee\u0027s Waffle":35,"Busted Crown":0,"Bird Faced Urn":35,"Astrolabe":43,"Molten Egg 2":62,"Black Star":83,"Frozen Egg 2":27,"Burning Blood":0,"InkBottle":23,"White Beast Statue":66,"Paper Frog":66}],"InkBottle":[23]},"card_choices":[{"not_picked":[],"picked":"Feel No Pain","floor":1},{"not_picked":["Headbutt"],"picked":"SKIP","floor":2},{"not_picked":[],"picked":"Clothesline","floor":3},{"not_picked":["Hemokinesis"],"picked":"SKIP","floor":4},{"not_picked":["Brutality"],"picked":"SKIP","floor":6},{"not_picked":["Clothesline"],"picked":"SKIP","floor":7},{"not_picked":["Dual Wield"],"picked":"SKIP","floor":11},{"not_picked":["Combust+1"],"picked":"SKIP","floor":13},{"not_picked":[],"picked":"Berserk+1","floor":16},{"not_picked":["Iron Wave+1"],"picked":"SKIP","floor":18},{"not_picked":[],"picked":"Ghostly Armor","floor":22},{"not_picked":[],"picked":"Limit Break","floor":23},{"not_picked":["Warcry"],"picked":"SKIP","floor":25},{"not_picked":["Rage"],"picked":"SKIP","floor":29},{"not_picked":["Rage"],"picked":"SKIP","floor":29},{"not_picked":["Clash+1"],"picked":"SKIP","floor":31},{"not_picked":["Thunderclap+1"],"picked":"SKIP","floor":35},{"not_picked":[],"picked":"Mayhem+1","floor":36},{"not_picked":[],"picked":"Transmutation","floor":36},{"not_picked":["Perfected Strike+1"],"picked":"SKIP","floor":38},{"not_picked":["Perfected Strike+1"],"picked":"SKIP","floor":39}],"player_experience":46971,"relics_obtained":[{"floor":6,"key":"InkBottle"},{"floor":9,"key":"Frozen Egg 2"},{"floor":13,"key":"Bird Faced Urn"},{"floor":23,"key":"Molten Egg 2"},{"floor":26,"key":"White Beast Statue"},{"floor":28,"key":"Paper Frog"}],"event_choices":[{"damage_healed":0,"gold_gain":75,"player_choice":"Gather Gold","damage_taken":11,"max_hp_gain":0,"max_hp_loss":0,"event_name":"World of Goop","floor":5,"gold_loss":0},{"damage_healed":0,"gold_gain":0,"player_choice":"Ignored","damage_taken":0,"max_hp_gain":0,"max_hp_loss":0,"event_name":"Liars Game","floor":8,"gold_loss":0},{"damage_healed":0,"gold_gain":0,"player_choice":"Simplicity","damage_taken":0,"max_hp_gain":0,"max_hp_loss":0,"event_name":"Back to Basics","floor":19,"gold_loss":0,"cards_upgraded":["Strike_R","Strike_R","Strike_R","Strike_R","Defend_R","Defend_R"]},{"damage_healed":0,"gold_gain":0,"player_choice":"Joined the Cult","damage_taken":6,"max_hp_gain":0,"max_hp_loss":0,"event_name":"Nest","floor":20,"gold_loss":0,"cards_obtained":["RitualDagger"]},{"damage_healed":0,"gold_gain":0,"player_choice":"Read","damage_taken":0,"max_hp_gain":0,"max_hp_loss":0,"event_name":"The Library","floor":21,"gold_loss":0,"cards_obtained":["Cleave"]},{"damage_healed":0,"gold_gain":0,"player_choice":"Memory 3","damage_taken":10,"max_hp_gain":0,"max_hp_loss":0,"event_name":"SensoryStone","floor":36,"gold_loss":0},{"damage_healed":0,"gold_gain":0,"player_choice":"Ignored","damage_taken":0,"max_hp_gain":0,"max_hp_loss":0,"event_name":"Mysterious Sphere","floor":37,"gold_loss":0}],"is_beta":false,"boss_relics":[{"not_picked":["Calling Bell","Philosopher\u0027s Stone"],"picked":"Astrolabe"},{"not_picked":["Coffee Dripper","Runic Cube"],"picked":"Black Star"}],"items_purged_floors":[],"is_endless":false,"potions_floor_spawned":[1,7,13,23,25,29,31,33,35,38,39],"killed_by":"Nemesis","ascension_level":10}}