{"host":"njruw0b0uprlitpx","time":1608354844,"event":{"mods":["2.2 Compatiblity","Astrologer","BaseMod","Better Altar","Better Note","Better Sensory Stone","Better Skull","Better Third Choice","BetterRewards","Block Reminder","Chen","Colored Map","Colored Powertips","Hermit","Jedi Mod","Keyboard Shortcuts","Minty Spire (QoL Compilation)","Quick Restart","Relic Stats","Replay The Spire","SacredBarkPlus","Spicy Shops","StSLib","SuperFastMode","The Blackbeard","The Mystic","The Problem Sleuth","The Runesmith","The Spell Scribe","Wandering Minibosses"],"gold_per_floor":[111,122,122,140,100,133,151,151,151,151,151,151,44,74,74,174,174,188,188,36,36,110,110,188,188,214,286,286,286,34,230,230,280,280,325,378,438,438,12,12,12,12,12,12,12,12,12,12,12,12],"floor_reached":51,"playtime":4878,"items_purged":["Normality","Shame"],"score":1163,"play_id":"bc8add2c-7925-41a3-a128-acadfd0a6877","local_time":"20201218231404","is_ascension_mode":false,"campfire_choices":[{"floor":8,"key":"REST"},{"data":"hermit:Glare","floor":11,"key":"SMITH"},{"data":"hermit:Combo","floor":15,"key":"SMITH"},{"data":"hermit:BlackWind","floor":23,"key":"SMITH"},{"data":"hermit:Showdown","floor":28,"key":"SMITH"},{"data":"hermit:GoldenBullet","floor":32,"key":"SMITH"},{"data":"Apotheosis","floor":40,"key":"SMITH"},{"floor":46,"key":"REST"},{"floor":49,"key":"REST"}],"circlet_count":0,"master_deck":["hermit:Snapshot+1","hermit:Covet+1","hermit:Shortfuse+1","hermit:WideOpen+1","hermit:Roulette+1","hermit:Glare+1","hermit:Ricochet+1","hermit:Showdown+1","hermit:Dive+1","hermit:NoHoldsBarred+1","Discovery+1","hermit:Combo+1","hermit:Quickdraw+1","hermit:Deadeye+1","hermit:BlackWind+1","hermit:Horror+1","hermit:Determination+1","hermit:NoHoldsBarred+1","Decay","hermit:GoldenBullet+1","hermit:BigShot+1","hermit:HeroicBravado+1","AbeCurse","hermit:HeroicBravado+1","hermit:SprayPray+1","ReplayTheSpireMod:Splinters","Clumsy","hermit:Brawl+1","hermit:Gestalt+1","Apotheosis+1","hermit:Malice+1","Decay","hermit:RoundhouseKick+1","hermit:Headshot+1","hermit:Headshot+1","hermit:PistolWhip+1","hermit:ItchyTrigger+1","ReplayTheSpireMod:Restless Dread","hermit:Spite+1"],"relics":["hermit:Momento","ReplayTheSpireMod:Ninjato","Unceasing Top","Darkstone Periapt","jedi:heavyjacket","Juzu Bracelet","Vajra","Eternal Feather","Sozu","Replay:Bandana","Red Mask","Pet Ghost","Smiling Mask","Art of War","Anchor","Akabeko","Replay:Wax Seal","ReplayTheSpireMod:TigerMarble","Bag of Preparation","Replay:Grab Bag","Cursed Key","Abe\u0027s Treasure","Astrolabe","Kintsugi","jedi:ominousloannote","Thread and Needle","Onion Ring","ReplayTheSpireMod:CursedCoin","wanderingMiniBosses:Inkheart","Toxic Egg 2","Pantograph","Mark of the Bloom"],"acts_visited":["Exordium","TheCity","TheBeyond"],"potions_floor_usage":[7,7,16],"damage_taken":[{"damage":3,"enemies":"Small Slimes","floor":1,"turns":2},{"damage":0,"enemies":"Cultist","floor":2,"turns":1},{"damage":0,"enemies":"2 Louse","floor":4,"turns":2},{"damage":12,"enemies":"Gremlin Nob","floor":6,"turns":3},{"damage":6,"enemies":"Gremlin Gang","floor":7,"turns":4},{"damage":0,"enemies":"Replay:BlueRogue","floor":14,"turns":4},{"damage":22,"enemies":"Hexaghost","floor":16,"turns":6},{"damage":0,"enemies":"Spheric Guardian","floor":18,"turns":3},{"damage":0,"enemies":"Masked Bandits","floor":22,"turns":2},{"damage":2,"enemies":"Gremlin Leader","floor":24,"turns":7},{"damage":8,"enemies":"Book of Stabbing","floor":27,"turns":4},{"damage":16,"enemies":"Collector","floor":33,"turns":6},{"damage":2,"enemies":"Orb Walker","floor":35,"turns":1},{"damage":7,"enemies":"3 Shapes","floor":36,"turns":2},{"damage":3,"enemies":"3 Darklings","floor":41,"turns":6},{"damage":2,"enemies":"Reptomancer","floor":42,"turns":5},{"damage":0,"enemies":"4 Shapes","floor":48,"turns":1},{"damage":2,"enemies":"Donu and Deca","floor":50,"turns":4}],"seed_played":"-8045169850480605400","potions_obtained":[{"floor":5,"key":"hermit:Tonic"},{"floor":5,"key":"ColorlessPotion"},{"floor":5,"key":"Energy Potion"},{"floor":14,"key":"ColorlessPotion"}],"is_trial":false,"path_per_floor":["M","M","?","M","?","E","M","R","T","?","R","?","$","E","R","B",null,"M","?","$","?","?","R","E","?","T","E","R","?","$","?","R","B",null,"M","M","$","?","$","R","M","E","T","?","?","R","?","M","R","B",null],"character_chosen":"HERMIT","items_purchased":["hermit:Shortfuse","ReplayTheSpireMod:Ninjato","Darkstone Periapt","hermit:WideOpen","jedi:heavyjacket","hermit:Roulette","hermit:Combo","hermit:Quickdraw","Replay:Bandana","Replay:Wax Seal","ReplayTheSpireMod:TigerMarble","Bag of Preparation","hermit:GoldenBullet","jedi:ominousloannote","Apotheosis","Thread and Needle","hermit:Malice","Onion Ring","ReplayTheSpireMod:CursedCoin","hermit:RoundhouseKick","hermit:Headshot"],"campfire_rested":3,"item_purchase_floors":[0,0,0,0,0,0,13,13,20,30,30,30,30,37,37,37,37,39,39,39,39],"current_hp_per_floor":[72,72,72,72,72,60,54,75,75,75,75,75,75,75,75,53,75,75,75,75,75,75,75,73,73,73,65,75,81,93,93,93,77,111,109,102,102,102,108,111,108,106,112,112,112,112,111,111,111,109],"gold":12,"neow_bonus":"","is_daily":false,"chose_seed":false,"campfire_upgraded":6,"win_rate":0.0,"timestamp":1608354844,"path_taken":["M","M","?","?","?","E","M","R","T","?","R","?","$","E","R","BOSS","M","?","$","?","?","R","E","?","T","E","R","?","$","?","R","BOSS","M","M","$","?","?","R","M","E","T","?","?","R","?","M","R","BOSS"],"items_purchased_type":["Card","Relic","Relic","Card","Relic","Card","Card","Card","Relic","Relic","Relic","Relic","Card","Relic","Card","Relic","Card","Relic","Relic","Card","Card"],"build_version":"2020-12-13","purchased_purges":2,"victory":true,"max_hp_per_floor":[75,75,75,75,75,75,75,75,75,75,75,75,75,75,75,75,75,75,75,75,75,75,75,75,75,75,75,75,81,93,93,93,93,111,111,111,111,105,111,111,111,111,117,117,117,117,117,117,117,117],"relic_stats":{"Darkstone Periapt":48,"Mark of the Bloom":137,"counters":[44,175],"Astrolabe":["hermit:HeroicBravado","hermit:Combo","hermit:SprayPray"],"Eternal Feather":13,"Juzu Bracelet":3,"Bag of Preparation":[14],"Smiling Mask":50,"Cursed Key":1,"Sozu":4,"Pantograph":0,"Art of War":[0],"obtain_stats":[{"construct:BoolHorns":41,"Darkstone Periapt":0,"Mark of the Bloom":45,"Vajra":9,"aspiration:PoetsPen_weak":17,"Juzu Bracelet":6,"Bag of Preparation":30,"Mythril_Glove":47,"Smiling Mask":25,"Cursed Key":34,"Pet Ghost":24,"Sozu":17,"Replay:Ringing Soul":9,"Replay:Bandana":54,"Pantograph":43,"Red Mask":22,"Replay:Wax Seal":30,"Toxic Egg 2":42,"ReplayTheSpireMod:Ninjato":0,"ReplayTheSpireMod:CursedCoin":39,"Replay:Grab Bag":34,"Astrolabe":34,"Eternal Feather":14,"Thread and Needle":37,"Replay:Kaleidoscope":29,"potionbrewer:ToyAutogyro":6,"Akabeko":29,"jedi:heavyjacket":0,"Anchor":27,"jedi:ominousloannote":37,"Simple Rune":43,"Onion Ring":39,"Art of War":26,"ReplayTheSpireMod:TigerMarble":30,"Kintsugi":34,"hermit:Momento":0,"TungstenRod":8,"Abe\u0027s Treasure":34,"Unceasing Top":0,"wanderingMiniBosses:Inkheart":41},{"construct:BoolHorns":19,"Darkstone Periapt":26,"Mark of the Bloom":42,"Vajra":31,"aspiration:PoetsPen_weak":7,"Juzu Bracelet":30,"Bag of Preparation":37,"Mythril_Glove":22,"Smiling Mask":36,"Cursed Key":38,"Pet Ghost":36,"Sozu":33,"Replay:Ringing Soul":5,"Replay:Bandana":25,"Pantograph":42,"Red Mask":35,"Replay:Wax Seal":37,"Toxic Egg 2":42,"ReplayTheSpireMod:Ninjato":26,"ReplayTheSpireMod:CursedCoin":40,"Replay:Grab Bag":38,"Astrolabe":38,"Eternal Feather":32,"Thread and Needle":40,"Replay:Kaleidoscope":14,"potionbrewer:ToyAutogyro":4,"Akabeko":37,"jedi:heavyjacket":26,"Anchor":37,"jedi:ominousloannote":40,"Simple Rune":19,"Onion Ring":40,"Art of War":36,"ReplayTheSpireMod:TigerMarble":37,"Kintsugi":38,"hermit:Momento":0,"TungstenRod":5,"Abe\u0027s Treasure":16,"Unceasing Top":26,"wanderingMiniBosses:Inkheart":41},{"construct:BoolHorns":79,"Darkstone Periapt":112,"Mark of the Bloom":170,"Vajra":124,"aspiration:PoetsPen_weak":32,"Juzu Bracelet":120,"Bag of Preparation":150,"Mythril_Glove":91,"Smiling Mask":146,"Cursed Key":156,"Pet Ghost":146,"Sozu":134,"Replay:Ringing Soul":20,"Replay:Bandana":104,"Pantograph":170,"Red Mask":139,"Replay:Wax Seal":150,"Toxic Egg 2":170,"ReplayTheSpireMod:Ninjato":112,"ReplayTheSpireMod:CursedCoin":159,"Replay:Grab Bag":156,"Astrolabe":156,"Eternal Feather":128,"Thread and Needle":159,"Replay:Kaleidoscope":61,"potionbrewer:ToyAutogyro":13,"Akabeko":150,"jedi:heavyjacket":112,"Anchor":150,"jedi:ominousloannote":159,"Simple Rune":79,"Onion Ring":159,"Art of War":146,"ReplayTheSpireMod:TigerMarble":150,"Kintsugi":156,"hermit:Momento":0,"TungstenRod":20,"Abe\u0027s Treasure":71,"Unceasing Top":112,"wanderingMiniBosses:Inkheart":165}],"Unceasing Top":[1]},"card_choices":[{"not_picked":["hermit:Coalescence","hermit:Roulette"],"picked":"hermit:Glare","floor":1},{"not_picked":["hermit:BigShot","hermit:Feint"],"picked":"hermit:Ricochet","floor":2},{"not_picked":["hermit:SprayPray","hermit:BodyArmor"],"picked":"hermit:Showdown","floor":4},{"not_picked":["hermit:BodyArmor","hermit:Roulette"],"picked":"hermit:Dive","floor":6},{"not_picked":["hermit:Horror","hermit:GhostlyPresence"],"picked":"hermit:NoHoldsBarred","floor":7},{"not_picked":["hermit:Glare","hermit:Desperado"],"picked":"hermit:Deadeye","floor":14},{"not_picked":["hermit:FinalCanter","hermit:Adapt"],"picked":"hermit:BlackWind","floor":16},{"not_picked":["hermit:Dive+1","hermit:BodyArmor","hermit:HighCaliber"],"picked":"SKIP","floor":18},{"not_picked":["hermit:HighNoon","hermit:Roulette"],"picked":"hermit:Horror","floor":22},{"not_picked":["hermit:WideOpen+1","hermit:Shortfuse+1"],"picked":"hermit:Determination+1","floor":24},{"not_picked":["hermit:Determination","hermit:TrackingShot"],"picked":"hermit:NoHoldsBarred","floor":27},{"not_picked":["hermit:Determination","hermit:GoldenBullet+1"],"picked":"hermit:BigShot","floor":31},{"not_picked":["hermit:Gambit","hermit:FinalCanter"],"picked":"hermit:HeroicBravado","floor":33},{"not_picked":["hermit:Deadeye","hermit:TrackingShot+1"],"picked":"hermit:Brawl","floor":35},{"not_picked":["hermit:Brawl","hermit:Feint+1"],"picked":"hermit:Gestalt","floor":36},{"not_picked":["hermit:FullyLoaded","hermit:CursedWeapon+1"],"picked":"hermit:PistolWhip+1","floor":41},{"not_picked":["hermit:Snipe+1","hermit:Midnight+1"],"picked":"hermit:ItchyTrigger+1","floor":42},{"not_picked":["hermit:TrackingShot+1","hermit:WideOpen+1"],"picked":"hermit:Spite+1","floor":48}],"player_experience":1473978,"relics_obtained":[{"floor":6,"key":"Juzu Bracelet"},{"floor":9,"key":"Vajra"},{"floor":14,"key":"Eternal Feather"},{"floor":22,"key":"Red Mask"},{"floor":24,"key":"Pet Ghost"},{"floor":26,"key":"Art of War"},{"floor":27,"key":"Anchor"},{"floor":41,"key":"wanderingMiniBosses:Inkheart"},{"floor":42,"key":"Toxic Egg 2"},{"floor":43,"key":"Pantograph"}],"event_choices":[{"cards_removed":["hermit:Strike_Hermit"],"damage_healed":0,"gold_gain":0,"player_choice":"Purged","damage_taken":0,"max_hp_gain":0,"max_hp_loss":0,"event_name":"Purifier","floor":3,"gold_loss":0},{"damage_healed":0,"gold_gain":0,"player_choice":"Bought 3 Potions","damage_taken":0,"max_hp_gain":0,"max_hp_loss":0,"event_name":"The Woman in Blue","floor":5,"gold_loss":0},{"damage_healed":0,"gold_gain":1,"player_choice":"4","damage_taken":0,"max_hp_gain":0,"max_hp_loss":0,"event_name":"betterStone:BetterStone","floor":10,"gold_loss":0,"cards_obtained":["Discovery"]},{"damage_healed":0,"gold_gain":0,"player_choice":"Leave","damage_taken":0,"max_hp_gain":0,"max_hp_loss":0,"event_name":"The Cleric","floor":12,"gold_loss":0},{"cards_removed":["Discovery"],"damage_healed":0,"gold_gain":0,"player_choice":"Give","damage_taken":0,"max_hp_gain":0,"max_hp_loss":0,"event_name":"betterNote:BetterNote","floor":19,"gold_loss":0,"cards_obtained":["None"]},{"damage_healed":0,"gold_gain":0,"player_choice":"Fought Bandits","damage_taken":0,"max_hp_gain":0,"max_hp_loss":0,"event_name":"Masked Bandits","floor":22,"gold_loss":0},{"damage_healed":0,"gold_gain":0,"player_choice":"Stole Relic","damage_taken":0,"relics_obtained":["Akabeko"],"max_hp_gain":0,"max_hp_loss":0,"event_name":"Addict","floor":29,"gold_loss":0,"cards_obtained":["Shame"]},{"damage_healed":0,"gold_gain":0,"player_choice":"Max HP","damage_taken":0,"max_hp_gain":0,"max_hp_loss":6,"event_name":"Winding Halls","floor":38,"gold_loss":0},{"damage_healed":0,"gold_gain":0,"player_choice":"Upgraded","damage_taken":0,"max_hp_gain":0,"max_hp_loss":0,"event_name":"Upgrade Shrine","floor":44,"gold_loss":0,"cards_upgraded":["hermit:WideOpen"]},{"damage_healed":0,"gold_gain":0,"player_choice":"Upgrade","damage_taken":0,"relics_obtained":["Mark of the Bloom"],"max_hp_gain":0,"max_hp_loss":0,"event_name":"MindBloom","floor":45,"gold_loss":0,"cards_upgraded":["hermit:Snapshot","hermit:Covet","hermit:Shortfuse","hermit:Roulette","hermit:Ricochet","hermit:Dive","hermit:NoHoldsBarred","hermit:Quickdraw","hermit:Deadeye","hermit:Horror","hermit:NoHoldsBarred","hermit:BigShot","hermit:HeroicBravado","hermit:Brawl","hermit:Gestalt","hermit:Malice","hermit:RoundhouseKick","hermit:Headshot","hermit:Headshot"]},{"damage_healed":0,"gold_gain":0,"player_choice":"","damage_taken":1,"relics_obtained":[],"max_hp_gain":0,"max_hp_loss":0,"event_name":"betterSkull:BetterSkull","floor":47,"gold_loss":0,"cards_upgraded":[]}],"is_beta":false,"boss_relics":[{"not_picked":["Pandora\u0027s Box","SlaversCollar"],"picked":"Sozu"},{"not_picked":["Replay:Ancient Bell","Ring of Chaos"],"picked":"Replay:Grab Bag"},{"not_picked":["Replay:Bronze Core","Velvet Choker"],"picked":"Cursed Key"},{"not_picked":["jedi:battlestandard","Painkiller Herb"],"picked":"Abe\u0027s Treasure"},{"not_picked":["SacredBark","Calling Bell"],"picked":"Astrolabe"},{"not_picked":["Black Star","Runic Pyramid"],"picked":"Kintsugi"}],"items_purged_floors":[0,37],"is_endless":false,"potions_floor_spawned":[14,18,27,36,41],"ascension_level":0}}