{"host":"8e68pzgs4bln6t6e","time":1608376202,"event":{"mods":["AchievementEnabler","Act Like it!","BaseMod","Better Note","BetterRewards","Colored Powertips","Googly Eyes","Hallownest","Hubris","Jorbs\u0027s Wanderer Trilogy","Marisa????????","Minty Spire (QoL Compilation)","Quick Restart","Rare Cards Sparkle","Replay The Spire","Shop Mod","StSLib","The Animator","The Bug Knight","The Cursed","The Disciple","The Hierophant","The Servant 0.9.4"],"gold_per_floor":[111,156,156,169,169,207,221,221,221,264,264,439,160,183,183,314,414,428,32,51,51,51],"floor_reached":21,"playtime":875,"items_purged":["Doubt"],"score":223,"play_id":"85ef0828-7437-493d-88d5-e45586c645b9","local_time":"20201219121002","is_ascension_mode":true,"campfire_choices":[{"floor":8,"key":"REST"},{"floor":15,"key":"REST"}],"circlet_count":0,"master_deck":["Strike_B","Strike_B","Strike_B","Strike_B","Defend_B","Defend_B","Defend_B","Defend_B","Zap","Dualcast","Chaos+1","Doom and Gloom","Leap+1","Redo","Hello World","Loop+1","Echo Form","Turbo","ReplayTheSpireMod:System Scan+1"],"relics":["Cracked Core","NeowsBlessing","Eternal Feather","Golden Idol","TungstenRod","Mummified Hand","Toy Ornithopter","Runic Capacitor","Replay:Wanted Poster","Happy Flower","Gremlin Horn"],"acts_visited":["Exordium","TheCity"],"potions_floor_usage":[10,21],"damage_taken":[{"damage":0,"enemies":"Jaw Worm","floor":1,"turns":1},{"damage":0,"enemies":"Small Slimes","floor":4,"turns":1},{"damage":0,"enemies":"HollowMod:MossKnight","floor":6,"turns":1},{"damage":10,"enemies":"2 Louse","floor":7,"turns":2},{"damage":21,"enemies":"Gremlin Nob","floor":10,"turns":4},{"damage":0,"enemies":"2 Fungi Beasts","floor":14,"turns":2},{"damage":21,"enemies":"The Guardian","floor":16,"turns":7},{"damage":37,"enemies":"2 Thieves","floor":18,"turns":5},{"damage":17,"enemies":"Spheric Guardian","floor":20,"turns":4},{"damage":33,"enemies":"Snake Plant","floor":21,"turns":2}],"seed_played":"-1376632778441014223","potions_obtained":[{"floor":2,"key":"Weak Potion"},{"floor":4,"key":"Elixir"},{"floor":7,"key":"Swift Potion"},{"floor":10,"key":"EntropicBrew"},{"floor":14,"key":"EssenceOfDarkness"}],"is_trial":false,"path_per_floor":["M","?","?","M","?","E","M","R","T","E","?","?","$","M","R","B",null,"M","$","M","M"],"character_chosen":"DEFECT","items_purchased":["Runic Capacitor","Loop+1","Happy Flower","Gremlin Horn"],"campfire_rested":2,"item_purchase_floors":[13,13,19,19],"current_hp_per_floor":[75,57,39,39,39,39,29,57,57,36,36,36,36,36,67,46,75,38,38,21,0,0],"gold":51,"neow_bonus":"THREE_ENEMY_KILL","is_daily":false,"chose_seed":false,"campfire_upgraded":0,"win_rate":0.0,"timestamp":1608376202,"path_taken":["M","?","?","M","?","E","M","R","T","E","?","?","?","?","R","BOSS","M","$","M","M"],"items_purchased_type":["Relic","Card","Relic","Relic"],"build_version":"2020-12-13","purchased_purges":1,"victory":false,"max_hp_per_floor":[75,75,75,75,75,75,75,75,75,75,75,75,75,75,75,75,75,75,75,75,75,75],"card_choices":[{"not_picked":["Rebound","Reprogram"],"picked":"Chaos","floor":1},{"not_picked":["Blizzard","Gash"],"picked":"Doom and Gloom","floor":2},{"not_picked":["Streamline","Steam"],"picked":"Leap","floor":4},{"not_picked":["BasicCrystalCard","Recycle","Barrage"],"picked":"SKIP","floor":6},{"not_picked":["Steam","Turbo"],"picked":"Redo","floor":7},{"not_picked":["Skim","Barrage"],"picked":"Hello World","floor":10},{"not_picked":["Compile Driver","BasicCrystalCard","Steam Power"],"picked":"SKIP","floor":14},{"not_picked":["Creative AI","Fission"],"picked":"Echo Form","floor":16},{"not_picked":["Gash","Coolheaded"],"picked":"Turbo","floor":18},{"not_picked":["Storm","Gash"],"picked":"ReplayTheSpireMod:System Scan+1","floor":20}],"player_experience":203189,"relics_obtained":[{"floor":2,"key":"Eternal Feather"},{"floor":6,"key":"TungstenRod"},{"floor":9,"key":"Mummified Hand"},{"floor":10,"key":"Toy Ornithopter"}],"event_choices":[{"damage_healed":0,"gold_gain":0,"player_choice":"Take Damage","damage_taken":18,"relics_obtained":["Golden Idol"],"max_hp_gain":0,"max_hp_loss":0,"event_name":"Golden Idol","floor":3,"gold_loss":0},{"damage_healed":0,"gold_gain":175,"player_choice":"AGREE","damage_taken":0,"max_hp_gain":0,"max_hp_loss":0,"event_name":"Liars Game","floor":12,"gold_loss":0,"cards_obtained":["Doubt"]}],"is_beta":false,"boss_relics":[{"not_picked":["ChewingGum","Cursed Key"],"picked":"Replay:Wanted Poster"}],"items_purged_floors":[13],"is_endless":false,"potions_floor_spawned":[4,7,10,14,16,18,20],"killed_by":"Snake Plant","ascension_level":1}}