{"host":"9d9dhukr2jywmy0f","time":1608376758,"event":{"mods":["2.2 Compatiblity","Alarm Clock","Aspiration","BaseMod","Bestiary","Block Reminder","Colored Map","Colored Powertips","Curses Come First","DeckTracker","Displayed Cursed Tome","Highlight Path","Key Reminder","Keyboard Shortcuts","Minty Spire (QoL Compilation)","MonsterHotkey","Potion Indicator Mod","Quick Restart","Rare Cards Sparkle","Relic Sorter","Relic Stats","SacredBarkPlus","Spire Birthday Party","StSLib","Synergy Search","The Blue Laboratory","Unceasing Turn Reminder","Unknown Chances","¡¾ÒÅÎï¿¨ÅÆ¡¿REMEMod"],"gold_per_floor":[157,192,192,231,325,325,429,504,504,30,82,82,82,188,188,265,265,308,308,223,123,123,123,181,181,208,208,296,326,395,395,395,495,495,538,624,662,242,292,351,351,403,403,403,253,285,285,295,295,320,320,320,27,79,79],"floor_reached":56,"playtime":4478,"items_purged":["Strike_R","Strike_R","Strike_R","Strike_R","Defend_R"],"score":2271,"play_id":"aa8101cf-bca6-4207-b63b-7e758dc29947","local_time":"20201219191918","is_ascension_mode":true,"campfire_choices":[{"data":"HandOfGreed","floor":6.0,"key":"SMITH"},{"data":"Body Slam","floor":13.0,"key":"SMITH"},{"data":"Body Slam","floor":15.0,"key":"SMITH"},{"data":"Power Through","floor":23.0,"key":"SMITH"},{"data":"Second Wind","floor":25.0,"key":"SMITH"},{"data":"Disarm","floor":32.0,"key":"SMITH"},{"data":"Double Energy","floor":41.0,"key":"SMITH"},{"data":"REME_ShadowForm","floor":47.0,"key":"SMITH"},{"floor":49.0,"key":"RECALL"},{"data":"Bash","floor":52.0,"key":"PURGE"}],"circlet_count":0,"master_deck":["AscendersBane","Defend_R+1","Defend_R","Defend_R+1","HandOfGreed+1","Second Wind+1","Shrug It Off","Body Slam+1","Shrug It Off","Body Slam+1","Feel No Pain+1","Power Through+1","Disarm+1","Double Energy+1","Footwork+1","REME_ShadowForm+1","Master of Strategy+1","Enlightenment+1","LessonLearned+1","Entrench","Feel No Pain"],"relics":["Black Blood","REME_ComplimentaryCards","Strawberry","Bottled Flame","Nunchaku","Medical Kit","aspiration:FrozenJewel","TungstenRod","aspiration:HatOfInfinitePower","Oddly Smooth Stone","Charon\u0027s Ashes","Juzu Bracelet","PrismaticShard","aspiration:Lifesprig","REME_LowDesire","Bag of Preparation","Blood Vial","ClockworkSouvenir","Potion Belt","Peace Pipe","Molten Egg 2","StoneCalendar","Incense Burner","aspiration:ChemicalBlood","Vajra"],"acts_visited":["Exordium","TheCity","TheBeyond","TheEnding"],"potions_floor_usage":[54,55,55],"damage_taken":[{"damage":4.0,"enemies":"2 Louse","floor":1.0,"turns":4.0},{"damage":1.0,"enemies":"Cultist","floor":2.0,"turns":3.0},{"damage":0.0,"enemies":"Jaw Worm","floor":4.0,"turns":3.0},{"damage":27.0,"enemies":"Gremlin Gang","floor":5.0,"turns":13.0},{"damage":14.0,"enemies":"3 Sentries","floor":7.0,"turns":17.0},{"damage":9.0,"enemies":"Gremlin Nob","floor":11.0,"turns":4.0},{"damage":6.0,"enemies":"3 Sentries","floor":14.0,"turns":9.0},{"damage":16.0,"enemies":"Hexaghost","floor":16.0,"turns":13.0},{"damage":0.0,"enemies":"Chosen","floor":18.0,"turns":3.0},{"damage":33.0,"enemies":"Gremlin Leader","floor":24.0,"turns":9.0},{"damage":2.0,"enemies":"3 Byrds","floor":28.0,"turns":10.0},{"damage":0.0,"enemies":"REME_1_Revenger","floor":29.0,"turns":5.0},{"damage":0.0,"enemies":"Sentry and Sphere","floor":30.0,"turns":8.0},{"damage":27.0,"enemies":"Champ","floor":33.0,"turns":13.0},{"damage":1.0,"enemies":"3 Darklings","floor":35.0,"turns":6.0},{"damage":0.0,"enemies":"3 Shapes","floor":36.0,"turns":7.0},{"damage":20.0,"enemies":"Maw","floor":37.0,"turns":7.0},{"damage":0.0,"enemies":"Mind Bloom Boss Battle","floor":39.0,"turns":7.0},{"damage":0.0,"enemies":"Reptomancer","floor":40.0,"turns":7.0},{"damage":0.0,"enemies":"Giant Head","floor":42.0,"turns":8.0},{"damage":20.0,"enemies":"Nemesis","floor":46.0,"turns":7.0},{"damage":3.0,"enemies":"3 Darklings","floor":48.0,"turns":5.0},{"damage":7.0,"enemies":"Donu and Deca","floor":50.0,"turns":10.0},{"damage":22,"enemies":"Shield and Spear","floor":54,"turns":5},{"damage":0,"enemies":"The Heart","floor":55,"turns":8}],"seed_played":"5719611978140524797","potions_obtained":[{"floor":4.0,"key":"FearPotion"},{"floor":5.0,"key":"blueLaboratory:StoneskinPotion"},{"floor":11.0,"key":"Ancient Potion"},{"floor":14.0,"key":"blueLaboratory:PolymorphPotion"},{"floor":18.0,"key":"Ancient Potion"},{"floor":28.0,"key":"AttackPotion"},{"floor":30.0,"key":"Explosive Potion"},{"floor":40.0,"key":"blueLaboratory:SmithPotion"},{"floor":42.0,"key":"Dexterity Potion"},{"floor":48.0,"key":"SpeedPotion"},{"floor":54,"key":"blueLaboratory:PolymorphPotion"}],"is_trial":false,"path_per_floor":["M","M","?","M","M","R","E","?","T","$","E","?","R","E","R","B",null,"M","?","?","$","T","R","E","R","T","?","M","E","M","?","R","B",null,"M","M","M","$","?","E","R","E","T","?","$","E","R","M","R","B",null,"R","$","E","B",null],"character_chosen":"IRONCLAD","items_purchased":["Medical Kit","aspiration:FrozenJewel","ClockworkSouvenir","Potion Belt","Feel No Pain","blueLaboratory:Moonshine"],"campfire_rested":0,"item_purchase_floors":[10,10,38,38,53,53],"current_hp_per_floor":[77,82,82,82,61,61,53,42,42,42,39,43,43,43,43,33,70,82,82,82,82,82,82,61,61,61,50,60,72,82,82,82,67,78,82,82,74,74,82,82,82,82,82,78,78,70,70,78,78,78,78,78,78,68,78],"gold":79,"neow_bonus":"RANDOM_COMMON_RELIC","is_daily":false,"chose_seed":false,"campfire_upgraded":8,"win_rate":0.0,"timestamp":1608376758,"path_taken":["M","M","?","?","M","R","E","?","T","$","E","?","R","E","R","BOSS","M","?","?","$","?","R","E","R","T","?","M","E","M","?","R","BOSS","M","M","M","$","?","E","R","E","T","?","$","E","R","M","R","BOSS","R","$","E","BOSS"],"items_purchased_type":["Relic","Relic","Relic","Relic","Card","Potion"],"build_version":"2020-11-30","purchased_purges":5,"victory":true,"max_hp_per_floor":[82,82,82,82,82,82,82,82,82,82,82,82,82,82,82,82,82,82,82,82,82,82,82,82,82,82,82,82,82,82,82,82,82,82,82,82,82,82,82,82,82,82,82,78,78,78,78,78,78,78,78,78,78,78,78],"relic_stats":{"Blood Vial":8,"Peace Pipe":1,"Nunchaku":[19],"counters":[25,191],"Black Blood":181,"StoneCalendar":[118],"Charon\u0027s Ashes":[765],"Juzu Bracelet":1,"Bag of Preparation":[22],"Medical Kit":[63],"obtain_stats":[{"aspiration:Lifesprig":29,"Black Blood":17,"Vajra":54,"StoneCalendar":42,"Juzu Bracelet":24,"Bag of Preparation":34,"Incense Burner":43,"PrismaticShard":27,"Burning Blood":0,"ClockworkSouvenir":38,"Blood Vial":34,"Nunchaku":9,"Strawberry":0,"REME_LowDesire":34,"aspiration:ChemicalBlood":46,"Potion Belt":38,"Oddly Smooth Stone":20,"Charon\u0027s Ashes":22,"Medical Kit":10,"aspiration:FrozenJewel":10,"keyreminder:keyreminder":7,"Peace Pipe":39,"Bottled Flame":7,"Molten Egg 2":40,"aspiration:HatOfInfinitePower":14,"TungstenRod":11,"REME_ComplimentaryCards":0},{"aspiration:Lifesprig":12,"Black Blood":8,"Vajra":24,"StoneCalendar":20,"Juzu Bracelet":10,"Bag of Preparation":14,"Incense Burner":20,"PrismaticShard":10,"Burning Blood":0,"ClockworkSouvenir":17,"Blood Vial":14,"Nunchaku":5,"Strawberry":0,"REME_LowDesire":14,"aspiration:ChemicalBlood":21,"Potion Belt":17,"Oddly Smooth Stone":9,"Charon\u0027s Ashes":9,"Medical Kit":5,"aspiration:FrozenJewel":5,"keyreminder:keyreminder":5,"Peace Pipe":18,"Bottled Flame":5,"Molten Egg 2":19,"aspiration:HatOfInfinitePower":7,"TungstenRod":6,"REME_ComplimentaryCards":0},{"aspiration:Lifesprig":93,"Black Blood":66,"Vajra":183,"StoneCalendar":156,"Juzu Bracelet":78,"Bag of Preparation":114,"Incense Burner":156,"PrismaticShard":78,"Burning Blood":0,"ClockworkSouvenir":134,"Blood Vial":114,"Nunchaku":40,"Strawberry":0,"REME_LowDesire":114,"aspiration:ChemicalBlood":163,"Potion Belt":134,"Oddly Smooth Stone":69,"Charon\u0027s Ashes":69,"Medical Kit":40,"aspiration:FrozenJewel":40,"keyreminder:keyreminder":40,"Peace Pipe":141,"Bottled Flame":40,"Molten Egg 2":148,"aspiration:HatOfInfinitePower":53,"TungstenRod":44,"REME_ComplimentaryCards":0}],"TungstenRod":28},"card_choices":[{"not_picked":["Twin Strike","Wild Strike"],"picked":"Second Wind","floor":1.0},{"not_picked":["Dual Wield","Flex"],"picked":"Shrug It Off","floor":2.0},{"not_picked":["Perfected Strike","Flex"],"picked":"Body Slam","floor":4.0},{"not_picked":["Bludgeon","Hemokinesis"],"picked":"Shrug It Off","floor":5.0},{"not_picked":["Pummel","REME_SingleHolding","Searing Blow"],"picked":"SKIP","floor":7.0},{"not_picked":["Headbutt","Exhume","Pummel"],"picked":"SKIP","floor":11.0},{"not_picked":["Clash","True Grit"],"picked":"Body Slam","floor":14.0},{"not_picked":["Pummel","Body Slam"],"picked":"Feel No Pain+1","floor":18.0},{"not_picked":["Thunderclap","REME_FearOfPain"],"picked":"Disarm","floor":24.0},{"not_picked":["All For One","Weave"],"picked":"Double Energy","floor":28.0},{"not_picked":["Prepared","Weave+1","Quick Slash"],"picked":"SKIP","floor":29.0},{"not_picked":["Heatsinks","Darkness"],"picked":"Footwork+1","floor":30.0},{"not_picked":["Doppelganger","Chrysalis"],"picked":"REME_ShadowForm","floor":33.0},{"not_picked":["Heavy Blade","Skewer","Whirlwind"],"picked":"Master of Strategy","floor":35.0},{"not_picked":["Shrug It Off","Rebound","REME_Repentance"],"picked":"Enlightenment+1","floor":36.0},{"not_picked":["Worship","Ball Lightning","Rebound","Dramatic Entrance+1"],"picked":"SKIP","floor":37.0},{"not_picked":["Rebound+1","Prepared+1","Intimidate","REME_TheoryOfElimination+1"],"picked":"SKIP","floor":40.0},{"not_picked":["REME_SelfUpgrade","Acrobatics","Chrysalis"],"picked":"LessonLearned+1","floor":42.0},{"not_picked":["Tantrum+1","REME_Repentance","Magnetism"],"picked":"Entrench","floor":46.0},{"not_picked":["EmptyMind","Conserve Battery","Twin Strike+1","Jack Of All Trades"],"picked":"SKIP","floor":48.0},{"not_picked":["Halt+1","Prostrate+1","Clothesline+1","REME_ShortnessOfBreath"],"picked":"SKIP","floor":54}],"player_experience":703328,"relics_obtained":[{"floor":7.0,"key":"Bottled Flame"},{"floor":9.0,"key":"Nunchaku"},{"floor":11.0,"key":"TungstenRod"},{"floor":14.0,"key":"aspiration:HatOfInfinitePower"},{"floor":22.0,"key":"Charon\u0027s Ashes"},{"floor":24.0,"key":"Juzu Bracelet"},{"floor":27.0,"key":"PrismaticShard"},{"floor":29.0,"key":"aspiration:Lifesprig"},{"floor":34.0,"key":"Bag of Preparation"},{"floor":34.0,"key":"Blood Vial"},{"floor":39.0,"key":"Peace Pipe"},{"floor":40.0,"key":"Molten Egg 2"},{"floor":42.0,"key":"StoneCalendar"},{"floor":43.0,"key":"Incense Burner"},{"floor":46.0,"key":"aspiration:ChemicalBlood"},{"floor":54,"key":"Vajra"}],"event_choices":[{"cards_removed":["Strike_R"],"damage_healed":0.0,"max_hp_gain":0.0,"max_hp_loss":0.0,"gold_gain":0.0,"event_name":"Bonfire Elementals","player_choice":"Offered Basic","floor":3.0,"gold_loss":0.0,"damage_taken":0.0},{"damage_healed":0.0,"max_hp_gain":0.0,"max_hp_loss":0.0,"gold_gain":75.0,"event_name":"World of Goop","player_choice":"Gather Gold","floor":8.0,"gold_loss":0.0,"damage_taken":11.0},{"damage_healed":0.0,"max_hp_gain":0.0,"max_hp_loss":0.0,"gold_gain":0.0,"event_name":"The Library","player_choice":"Read","floor":19.0,"gold_loss":0.0,"damage_taken":0.0,"cards_obtained":["Power Through"]},{"damage_healed":0.0,"max_hp_gain":0.0,"max_hp_loss":0.0,"gold_gain":0.0,"event_name":"Addict","player_choice":"Obtained Relic","floor":20.0,"gold_loss":85.0,"damage_taken":0.0,"relics_obtained":["Oddly Smooth Stone"]},{"damage_healed":0.0,"max_hp_gain":0.0,"max_hp_loss":0.0,"gold_gain":0.0,"event_name":"Match and Keep!","player_choice":"0 cards matched","floor":31.0,"gold_loss":0.0,"damage_taken":0.0,"cards_obtained":[]},{"damage_healed":0.0,"max_hp_gain":0.0,"max_hp_loss":0.0,"gold_gain":0.0,"event_name":"MindBloom","player_choice":"Fight","floor":39.0,"gold_loss":0.0,"damage_taken":0.0},{"damage_healed":0.0,"max_hp_gain":0.0,"max_hp_loss":4.0,"gold_gain":0.0,"event_name":"Winding Halls","player_choice":"Max HP","floor":44.0,"gold_loss":0.0,"damage_taken":0.0}],"is_beta":false,"boss_relics":[{"not_picked":["aspiration:SecretTechniqueScroll","Snecko Eye"],"picked":"Black Blood"},{"not_picked":["Velvet Choker","aspiration:RitualDagger"],"picked":"REME_LowDesire"}],"items_purged_floors":[10,21,38,45,53],"is_endless":false,"potions_floor_spawned":[4,5,11,14,18,28,30,35,40,42,48,54],"ascension_level":15}}