{"host":"jb40sdn36ct36hhv","time":1608344697,"event":{"mods":["Act Like it!","BaseMod","Better Third Choice","Minty Spire (QoL Compilation)","StSLib","The Fake Hero"],"gold_per_floor":[514,220,220,220,220,220,246,260,284,284,317,317,150,185,185,288,288,300,399,399,414,434,434,460,255,255,266,284,304,304,229,229,330,330,343,343,343,354,54,89,104,115,115,115,125,160,29,304,304,304,304,304,52,86,86],"floor_reached":56,"playtime":3286,"items_purged":["luka_mod:Wait","luka_mod:FlailWildly","luka_mod:Edging","luka_mod:UnusedPoison+1","luka_mod:Feel+1"],"score":1391,"play_id":"0715c037-d0ae-4d0a-be58-03de447cc7d0","local_time":"20201218182457","is_ascension_mode":false,"campfire_choices":[{"data":"luka_mod:Meditation","floor":6.0,"key":"SMITH"},{"data":"luka_mod:Salt","floor":10.0,"key":"SMITH"},{"data":"luka_mod:AngryLuka","floor":12.0,"key":"SMITH"},{"data":"luka_mod:EndlessGuard","floor":15.0,"key":"SMITH"},{"data":"luka_mod:NinefoldRakshasa","floor":23,"key":"SMITH"},{"data":"luka_mod:Sylph","floor":30,"key":"SMITH"},{"data":"luka_mod:Salamander","floor":32,"key":"SMITH"},{"floor":44,"key":"RECALL"},{"data":"luka_mod:StrikeLukaTwo","floor":49,"key":"SMITH"},{"data":"luka_mod:StrikeLukaSix","floor":52,"key":"SMITH"}],"circlet_count":0,"master_deck":["luka_mod:StrikeLukaOne+1","luka_mod:StrikeLukaTwo+1","luka_mod:StrikeLukaThree","luka_mod:StrikeLukaFour","luka_mod:StrikeLukaFive","luka_mod:StrikeLukaSix+1","luka_mod:Salt+1","luka_mod:Meditation+1","luka_mod:SuperAttack+1","luka_mod:NotVerySharp+1","luka_mod:AngryLuka+1","luka_mod:SmallBody","luka_mod:EndlessGuard+1","luka_mod:NinefoldRakshasa+1","luka_mod:CriticalHit","luka_mod:Salamander+1","luka_mod:Sylph+1","luka_mod:NotVerySharp+1","luka_mod:Request+1","luka_mod:Calm+1","Madness+1","Dark Shackles+1","PanicButton+1","Madness+1","Madness+1","luka_mod:NinefoldRakshasa+1","luka_mod:AngryLuka+1","luka_mod:Intense+1","luka_mod:Intense+1","luka_mod:Sylph"],"relics":["luka_mod:KeepsakeRing","NeowsBlessing","Ancient Tea Set","StrikeDummy","PreservedInsect","Omamori","War Paint","Regal Pillow","Philosopher\u0027s Stone","Blood Vial","Toxic Egg 2","SlaversCollar","DollysMirror","Turnip","Pocketwatch","Blue Candle"],"acts_visited":["Exordium","TheCity","TheBeyond","TheEnding"],"potions_floor_usage":[33,46,55,55,55,55],"damage_taken":[{"damage":0.0,"enemies":"Jaw Worm","floor":1.0,"turns":1.0},{"damage":0.0,"enemies":"3 Sentries","floor":7.0,"turns":4.0},{"damage":0.0,"enemies":"Small Slimes","floor":8.0,"turns":1.0},{"damage":13.0,"enemies":"Lagavulin","floor":11.0,"turns":4.0},{"damage":5.0,"enemies":"Gremlin Nob","floor":14.0,"turns":3.0},{"damage":0,"enemies":"Hexaghost","floor":16,"turns":3},{"damage":4,"enemies":"Spheric Guardian","floor":18,"turns":3},{"damage":0,"enemies":"2 Thieves","floor":21,"turns":2},{"damage":0,"enemies":"Snake Plant","floor":22,"turns":2},{"damage":27,"enemies":"Book of Stabbing","floor":24,"turns":4},{"damage":14,"enemies":"3 Cultists","floor":27,"turns":4},{"damage":0,"enemies":"Cultist and Chosen","floor":28,"turns":1},{"damage":21,"enemies":"Snake Plant","floor":29,"turns":3},{"damage":0,"enemies":"Automaton","floor":33,"turns":2},{"damage":29,"enemies":"3 Shapes","floor":35,"turns":3},{"damage":22,"enemies":"3 Darklings","floor":38,"turns":3},{"damage":0,"enemies":"Reptomancer","floor":40,"turns":2},{"damage":0,"enemies":"Maw","floor":41,"turns":2},{"damage":0,"enemies":"Jaw Worm Horde","floor":42,"turns":1},{"damage":0,"enemies":"3 Darklings","floor":45,"turns":2},{"damage":15,"enemies":"Nemesis","floor":46,"turns":3},{"damage":42,"enemies":"Time Eater","floor":50,"turns":5},{"damage":31,"enemies":"Shield and Spear","floor":54,"turns":2},{"damage":25,"enemies":"The Heart","floor":55,"turns":6}],"seed_played":"-5737497556177836983","potions_obtained":[{"floor":1.0,"key":"Dexterity Potion"},{"floor":8.0,"key":"Strength Potion"},{"floor":11.0,"key":"Fruit Juice"},{"floor":14.0,"key":"Ancient Potion"},{"floor":16,"key":"Ancient Potion"},{"floor":24,"key":"Weak Potion"},{"floor":29,"key":"PowerPotion"},{"floor":33,"key":"AttackPotion"}],"is_trial":false,"path_per_floor":["M","$","?","?","?","R","E","M","T","R","E","R","$","E","R","B",null,"M","?","?","M","M","R","E","$","T","M","M","M","R","?","R","B",null,"M","?","?","M","$","E","M","M","T","R","M","E","$","?","R","B",null,"R","$","E","B",null],"character_chosen":"LUKA_CLASS","items_purchased":["luka_mod:SuperAttack","luka_mod:NotVerySharp","luka_mod:SmallBody","luka_mod:Sylph","DollysMirror","EntropicBrew","luka_mod:Sylph","DuplicationPotion"],"campfire_rested":0,"item_purchase_floors":[2,2,13,25,39,47,47,53],"current_hp_per_floor":[40,40,32,17,10,10,40,40,40,40,40,40,40,40,40,45,45,41,41,41,41,41,41,14,14,14,45,45,45,45,45,45,45,45,45,35,29,9,9,33,45,45,45,45,45,45,45,45,45,25,45,45,45,14,45],"gold":86,"neow_bonus":"THREE_ENEMY_KILL","is_daily":false,"chose_seed":false,"campfire_upgraded":9,"win_rate":0.0,"timestamp":1608344697,"path_taken":["M","$","?","?","?","R","E","?","T","R","E","R","$","E","R","BOSS","M","?","?","M","M","R","E","$","T","M","M","M","R","?","R","BOSS","M","?","?","M","$","E","M","M","T","R","M","E","$","?","R","BOSS","R","$","E","BOSS"],"items_purchased_type":["Card","Card","Card","Card","Relic","Potion","Card","Potion"],"build_version":"2020-12-13","purchased_purges":5,"victory":true,"max_hp_per_floor":[40,40,40,40,40,40,40,40,40,40,40,40,40,45,45,45,45,45,45,45,45,45,45,45,45,45,45,45,45,45,45,45,45,45,45,45,45,45,45,45,45,45,45,45,45,45,45,45,45,45,45,45,45,45,45],"card_choices":[{"not_picked":["luka_mod:Cutscene","luka_mod:RestrictedStrike"],"picked":"luka_mod:UnusedPoison","floor":1.0},{"not_picked":["luka_mod:LightningSwordFlash","luka_mod:EarthSlash","luka_mod:AlicesGuard"],"picked":"SKIP","floor":7.0},{"not_picked":["luka_mod:RestrictedStrike","luka_mod:WindSlash","luka_mod:Overexert"],"picked":"SKIP","floor":8.0},{"not_picked":["luka_mod:DemonDecapitation","luka_mod:WindSlash"],"picked":"luka_mod:AngryLuka","floor":11.0},{"not_picked":["luka_mod:HeroicStrike","luka_mod:BladeOfRagingFire"],"picked":"luka_mod:EndlessGuard","floor":14.0},{"not_picked":["luka_mod:Ora","luka_mod:Ilias"],"picked":"luka_mod:NinefoldRakshasa","floor":16},{"not_picked":["luka_mod:DemonSkullBeheading","luka_mod:Determination+1"],"picked":"luka_mod:CriticalHit","floor":18},{"not_picked":["luka_mod:Struggle","luka_mod:Request","luka_mod:DemonDecapitation"],"picked":"SKIP","floor":21},{"not_picked":["luka_mod:EarthSlash+1","luka_mod:WindSlash"],"picked":"luka_mod:Salamander","floor":22},{"not_picked":["luka_mod:Overexert","luka_mod:FlashKill","luka_mod:Feel"],"picked":"SKIP","floor":24},{"not_picked":["luka_mod:EarthRumblingDecapitation","luka_mod:Request+1"],"picked":"luka_mod:NotVerySharp+1","floor":27},{"not_picked":["luka_mod:ThunderThrust+1","luka_mod:PeacePreach+1"],"picked":"luka_mod:Feel+1","floor":28},{"not_picked":["luka_mod:HeroicStrike+1","luka_mod:SpoilerForm"],"picked":"luka_mod:Request+1","floor":29},{"not_picked":["luka_mod:DemonDecapitation+1","luka_mod:WindSlash"],"picked":"luka_mod:Calm+1","floor":35},{"not_picked":["Discovery+1","Good Instincts+1"],"picked":"Madness+1","floor":36},{"not_picked":["Trip+1","PanicButton+1"],"picked":"Dark Shackles+1","floor":36},{"not_picked":["Bandage Up+1","Enlightenment+1"],"picked":"PanicButton+1","floor":36},{"not_picked":["luka_mod:Request+1","luka_mod:EarthRumblingDecapitation+1","luka_mod:BegIlias+1"],"picked":"SKIP","floor":38},{"not_picked":["luka_mod:Undine","luka_mod:SpoilerDance+1"],"picked":"luka_mod:AngryLuka+1","floor":40},{"not_picked":["luka_mod:EarthSlash+1","luka_mod:DemonSkullBeheading","luka_mod:WaterSlash"],"picked":"SKIP","floor":41},{"not_picked":["luka_mod:StressRelief","luka_mod:Request+1","luka_mod:DemonDecapitation"],"picked":"SKIP","floor":42},{"not_picked":["luka_mod:AlicesGuard+1","luka_mod:Calm+1"],"picked":"luka_mod:Intense+1","floor":45},{"not_picked":["luka_mod:Sara+1","luka_mod:SmallBody+1"],"picked":"luka_mod:Intense+1","floor":46},{"not_picked":["luka_mod:Intense+1","luka_mod:ThunderThrust+1","luka_mod:Struggle+1"],"picked":"SKIP","floor":54}],"player_experience":943660,"relics_obtained":[{"floor":7.0,"key":"PreservedInsect"},{"floor":9.0,"key":"Omamori"},{"floor":11.0,"key":"War Paint"},{"floor":14.0,"key":"Regal Pillow"},{"floor":24,"key":"Blood Vial"},{"floor":26,"key":"Toxic Egg 2"},{"floor":40,"key":"Turnip"},{"floor":46,"key":"Pocketwatch"},{"floor":54,"key":"Blue Candle"}],"event_choices":[{"damage_healed":40.0,"max_hp_gain":0.0,"max_hp_loss":40.0,"gold_gain":0.0,"event_name":"betterThird:BetterShining","player_choice":"Upgrade","floor":3.0,"gold_loss":0.0,"damage_taken":8.0,"cards_upgraded":["luka_mod:SuperAttack","luka_mod:StrikeLukaOne"]},{"damage_healed":0.0,"max_hp_gain":0.0,"max_hp_loss":0.0,"gold_gain":1.0,"event_name":"betterThird:BetterScrap","player_choice":"Relic Relic ","floor":4.0,"gold_loss":0.0,"damage_taken":15.0,"cards_obtained":["Doom and Gloom"]},{"cards_removed":["luka_mod:Surrender"],"damage_healed":0.0,"max_hp_gain":0.0,"max_hp_loss":0.0,"gold_gain":0.0,"event_name":"Golden Wing","player_choice":"Card Removal","floor":5.0,"gold_loss":0.0,"damage_taken":7.0},{"damage_healed":0,"gold_gain":99,"player_choice":"Steal","damage_taken":0,"max_hp_gain":0,"max_hp_loss":0,"event_name":"betterThird:BetterNest","floor":19,"gold_loss":0},{"damage_healed":0,"gold_gain":0,"player_choice":"Ignored","damage_taken":0,"max_hp_gain":0,"max_hp_loss":0,"event_name":"Vampires","floor":20,"gold_loss":0},{"cards_removed":["luka_mod:Guard"],"damage_healed":0,"gold_gain":0,"player_choice":"Gave Gold","damage_taken":0,"max_hp_gain":0,"max_hp_loss":0,"event_name":"Beggar","floor":31,"gold_loss":75},{"damage_healed":0,"gold_gain":0,"player_choice":"Memory 3","damage_taken":10,"max_hp_gain":0,"max_hp_loss":0,"event_name":"SensoryStone","floor":36,"gold_loss":0},{"damage_healed":0,"gold_gain":0,"player_choice":"Embrace Madness","damage_taken":6,"max_hp_gain":0,"max_hp_loss":0,"event_name":"Winding Halls","floor":37,"gold_loss":0,"cards_obtained":["Madness","Madness"]},{"damage_healed":0,"gold_gain":275,"player_choice":"Desecrate","damage_taken":0,"max_hp_gain":0,"max_hp_loss":0,"event_name":"Golden Shrine","floor":48,"gold_loss":0,"cards_obtained":["Regret"]}],"is_beta":false,"boss_relics":[{"not_picked":["Velvet Choker","Calling Bell"],"picked":"Philosopher\u0027s Stone"},{"not_picked":["Tiny House","Empty Cage"],"picked":"SlaversCollar"}],"items_purged_floors":[2,13,25,39,53],"is_endless":false,"potions_floor_spawned":[1,8,11,14,16,18,24,29,33,35,42,54],"ascension_level":0}}