{"host":"jm9833yuloeli2yd","time":1608414389,"event":{"mods":["AchievementEnabler","BaseMod","Better Altar","Better Match","Better Note","Better Sensory Stone","Better Skull","Better Vampires","Colored Map","Colored Powertips","DeckTracker","Minty Spire (QoL Compilation)","Permanent Neow","Quick Restart","Replay The Spire","StSLib","SuperFastMode"],"gold_per_floor":[111,91,104,124,142,142,159,234,259,269,269,269,301,313,325,413,425,410,432,10,20,20,35,35,35,59,70,17,17,17],"floor_reached":29,"playtime":847,"items_purged":[],"score":454,"play_id":"93ef830f-516f-4481-b79d-bff9c888ff95","local_time":"20201219164629","is_ascension_mode":true,"campfire_choices":[{"data":"Skewer","floor":6.0,"key":"SMITH"},{"floor":11.0,"key":"REST"},{"floor":15.0,"key":"REST"},{"data":"Malaise","floor":24.0,"key":"SMITH"}],"circlet_count":0,"master_deck":["AscendersBane","Strike_G","Strike_G","Defend_G","Defend_G","Defend_G","Defend_G","Defend_G","Survivor","Neutralize","Poisoned Stab","Noxious Fumes+1","Skewer+1","Sucker Punch","Catalyst","Escape Plan","Malaise+1","Prepared","Cloak And Dagger","Catalyst","Deflect","Backflip"],"relics":["Ring of the Snake","Juzu Bracelet","MawBank","Replay:Drink Me","Toy Ornithopter","Blood Vial","Omamori"],"acts_visited":["Exordium","TheCity"],"potions_floor_usage":[29,29],"damage_taken":[{"damage":1.0,"enemies":"Cultist","floor":1.0,"turns":4.0},{"damage":0.0,"enemies":"2 Louse","floor":3.0,"turns":3.0},{"damage":4.0,"enemies":"Small Slimes","floor":4.0,"turns":4.0},{"damage":28.0,"enemies":"Exordium Thugs","floor":5.0,"turns":7.0},{"damage":1.0,"enemies":"Looter","floor":7.0,"turns":3.0},{"damage":8.0,"enemies":"Blue Slaver","floor":10.0,"turns":5.0},{"damage":20.0,"enemies":"Gremlin Nob","floor":13.0,"turns":4.0},{"damage":15.0,"enemies":"The Guardian","floor":16.0,"turns":10.0},{"damage":13.0,"enemies":"2 Thieves","floor":18.0,"turns":4.0},{"damage":12.0,"enemies":"Chosen","floor":19.0,"turns":6.0},{"damage":2.0,"enemies":"Sentry and Sphere","floor":21.0,"turns":5.0},{"damage":13.0,"enemies":"Snecko","floor":23.0,"turns":6.0},{"damage":15.0,"enemies":"Centurion and Healer","floor":27.0,"turns":9.0},{"damage":51,"enemies":"Gremlin Leader","floor":29,"turns":4}],"seed_played":"3920784900735948143","potions_obtained":[{"floor":2.0,"key":"DistilledChaos"},{"floor":5.0,"key":"Strength Potion"},{"floor":10.0,"key":"BlessingOfTheForge"},{"floor":19.0,"key":"SmokeBomb"},{"floor":21.0,"key":"Poison Potion"},{"floor":27.0,"key":"Languid Potion"}],"is_trial":false,"path_per_floor":["M","?","M","M","M","R","M","?","T","M","R","?","E","?","R","B",null,"M","M","$","M","?","M","R","$","T","M","$","E"],"character_chosen":"THE_SILENT","items_purchased":["Prepared","Cloak And Dagger","Toy Ornithopter","Blood Vial","Block Potion"],"campfire_rested":2,"item_purchase_floors":[20,20,20,20,28],"current_hp_per_floor":[58,58,58,54,26,26,25,14,14,6,25,25,5,5,24,9,40,27,15,15,15,60,47,47,47,47,34,34,0,0],"gold":17,"neow_bonus":"THREE_CARDS","is_daily":false,"chose_seed":false,"campfire_upgraded":2,"win_rate":0.0,"timestamp":1608414389,"path_taken":["M","?","?","M","M","R","M","?","T","M","R","?","E","?","R","BOSS","M","M","$","M","?","M","R","$","T","M","?","E"],"items_purchased_type":["Card","Card","Relic","Relic","Potion"],"build_version":"2020-12-13","purchased_purges":0,"victory":false,"max_hp_per_floor":[66,66,66,66,66,66,66,66,66,66,66,66,66,66,66,66,50,50,50,50,50,60,60,60,60,60,60,60,60,60],"card_choices":[{"not_picked":["Underhanded Strike","Flying Knee"],"picked":"Poisoned Stab","floor":0.0},{"not_picked":["Outmaneuver","Dagger Spray"],"picked":"Noxious Fumes","floor":1.0},{"not_picked":["Noxious Fumes","Tactician"],"picked":"Skewer","floor":3.0},{"not_picked":["Outmaneuver","Underhanded Strike","Concentrate"],"picked":"SKIP","floor":4.0},{"not_picked":["Dagger Throw","Underhanded Strike"],"picked":"Sucker Punch","floor":5.0},{"not_picked":["Eviscerate","Distraction"],"picked":"Catalyst","floor":7.0},{"not_picked":["Flechettes","Flying Knee"],"picked":"Leg Sweep","floor":10.0},{"not_picked":["ReplayTheSpireMod:Scrap Shanks","Accuracy"],"picked":"Escape Plan","floor":13.0},{"not_picked":["After Image","Tools of the Trade"],"picked":"Malaise","floor":16.0},{"not_picked":["Quick Slash","Prepared+1","Dagger Spray"],"picked":"SKIP","floor":18.0},{"not_picked":["Sucker Punch","Dagger Throw","Sneak Up"],"picked":"SKIP","floor":19.0},{"not_picked":["Quick Slash+1","Deadly Poison"],"picked":"Catalyst","floor":21.0},{"not_picked":["Bane","Calculated Gamble"],"picked":"Deflect","floor":23.0},{"not_picked":["All Out Attack","Eviscerate+1"],"picked":"Backflip","floor":27.0}],"player_experience":1125405,"relics_obtained":[{"floor":9.0,"key":"Juzu Bracelet"},{"floor":13.0,"key":"MawBank"},{"floor":26.0,"key":"Omamori"}],"event_choices":[{"damage_healed":0.0,"max_hp_gain":0.0,"max_hp_loss":0.0,"gold_gain":0.0,"event_name":"The Woman in Blue","player_choice":"Bought 1 Potion","floor":2.0,"gold_loss":0.0,"damage_taken":0.0},{"damage_healed":0.0,"max_hp_gain":0.0,"max_hp_loss":0.0,"gold_gain":75.0,"event_name":"World of Goop","player_choice":"Gather Gold","floor":8.0,"gold_loss":0.0,"damage_taken":11.0},{"damage_healed":0.0,"max_hp_gain":0.0,"max_hp_loss":0.0,"gold_gain":0.0,"event_name":"Upgrade Shrine","player_choice":"Upgraded","floor":12.0,"gold_loss":0.0,"damage_taken":0.0,"cards_upgraded":["Noxious Fumes"]},{"cards_removed":["Doppelganger"],"damage_healed":35.0,"max_hp_gain":10.0,"max_hp_loss":0.0,"gold_gain":0.0,"event_name":"Bonfire Elementals","player_choice":"Offered Rare","floor":22.0,"gold_loss":0.0,"damage_taken":0.0}],"is_beta":false,"boss_relics":[{"not_picked":["Velvet Choker","Honey Jar"],"picked":"Replay:Drink Me"}],"items_purged_floors":[],"is_endless":false,"potions_floor_spawned":[5,7,10,19,21,27],"killed_by":"Gremlin Leader","ascension_level":20}}