{"host":"cr9rpoy6dx9riis3","time":1608390563,"event":{"mods":["AchievementEnabler","BaseMod","Better Altar","Better Note","Better Sensory Stone","Better Skull","Better Third Choice","Better-Laid Plans","BetterRewards","Block Reminder","Curses Come First","Displayed Cursed Tome","Emptier Cage","Marked Mod","Minty Spire (QoL Compilation)","Permanent Neow","Relic Sorter","StSLib","The Blue Laboratory","Transform Curses"],"gold_per_floor":[112,112,112,112,18,18,34,60,135,135,135,153,153,170,170,268,318,332,206,222,222,236,236,236,236,259,259,169,169,202,212,212,212,212],"floor_reached":33,"playtime":1316,"items_purged":["Strike_R"],"score":469,"play_id":"c6d039be-93f0-4fac-af4a-46a15227fb8d","local_time":"20201219160923","is_ascension_mode":true,"campfire_choices":[{"data":"Bandage Up","floor":6,"key":"SMITH"},{"data":"Ghostly Armor","floor":10,"key":"SMITH"},{"data":"Uppercut","floor":13,"key":"SMITH"},{"data":"Metallicize","floor":15,"key":"SMITH"},{"data":"Seeing Red","floor":23,"key":"SMITH"},{"data":"Berserk","floor":25,"key":"SMITH"},{"data":"Bash","floor":29,"key":"SMITH"},{"floor":32,"key":"REST"}],"circlet_count":0,"master_deck":["Strike_R+1","Defend_R+1","Defend_R","Defend_R","Bash+1","Flame Barrier","Metallicize+1","Ghostly Armor+1","Bandage Up+1","Uppercut+1","Immolate","Swift Strike","Berserk+1","Seeing Red+1","Ghostly Armor","Dropkick+1","Intimidate","Bash+1","Shockwave"],"relics":["Burning Blood","Bottled Lightning","Sundial","FossilizedHelix","Paper Frog"],"acts_visited":["Exordium","TheCity"],"potions_floor_usage":[8,18,22,31,33],"damage_taken":[{"damage":0,"enemies":"Jaw Worm","floor":1,"turns":4},{"damage":0,"enemies":"2 Louse","floor":7,"turns":3},{"damage":37,"enemies":"Lagavulin","floor":8,"turns":8},{"damage":0,"enemies":"Small Slimes","floor":12,"turns":3},{"damage":0,"enemies":"Looter","floor":14,"turns":3},{"damage":49,"enemies":"The Guardian","floor":16,"turns":14},{"damage":31,"enemies":"3 Byrds","floor":18,"turns":6},{"damage":13,"enemies":"Shell Parasite","floor":20,"turns":6},{"damage":30,"enemies":"Centurion and Healer","floor":22,"turns":7},{"damage":23,"enemies":"Gremlin Leader","floor":30,"turns":8},{"damage":12,"enemies":"Shelled Parasite and Fungi","floor":31,"turns":7},{"damage":71,"enemies":"Automaton","floor":33,"turns":6}],"seed_played":"-2002157654995044498","potions_obtained":[{"floor":7,"key":"Fire Potion"},{"floor":16,"key":"blueLaboratory:Moonshine"},{"floor":17,"key":"blueLaboratory:StoneskinPotion"},{"floor":30,"key":"blueLaboratory:HummingbirdPotion"}],"is_trial":false,"path_per_floor":["M","?","?","?","$","R","M","E","T","R","?","M","R","M","R","B",null,"M","$","M","?","M","R","?","R","T","?","?","R","E","M","R","B"],"character_chosen":"IRONCLAD","items_purchased":["Paper Frog","Flame Barrier","Metallicize","Ghostly Armor","FossilizedHelix","Bandage Up","blueLaboratory:FruitPunch"],"campfire_rested":1,"item_purchase_floors":[0,0,0,0,0,5,19],"current_hp_per_floor":[46,39,39,44,44,44,56,31,31,31,31,43,43,55,55,18,73,54,54,53,53,37,37,37,37,37,37,37,37,26,26,53,0,0],"gold":212,"neow_bonus":"","is_daily":false,"chose_seed":false,"campfire_upgraded":7,"win_rate":0.0,"timestamp":1608390563,"path_taken":["M","?","?","?","$","R","?","E","T","R","?","M","R","M","R","BOSS","M","$","M","?","M","R","?","R","T","?","?","R","E","M","R","BOSS"],"items_purchased_type":["Relic","Card","Card","Card","Relic","Card","Potion"],"build_version":"2020-12-13","purchased_purges":1,"victory":false,"max_hp_per_floor":[80,80,80,85,85,85,85,85,85,85,85,85,85,85,85,85,90,90,90,90,90,92,92,92,92,92,92,92,92,92,92,92,92,92],"card_choices":[{"not_picked":["Sword Boomerang","Clash","Second Wind"],"picked":"SKIP","floor":1},{"not_picked":["Wild Strike","Feel No Pain"],"picked":"Uppercut","floor":7},{"not_picked":["Twin Strike","Clothesline"],"picked":"Immolate","floor":8},{"not_picked":["Purity","Apotheosis"],"picked":"Swift Strike","floor":11},{"not_picked":["Heavy Blade","Cleave","Disarm"],"picked":"SKIP","floor":12},{"not_picked":["Fire Breathing","Wild Strike","Twin Strike"],"picked":"SKIP","floor":14},{"not_picked":["Fiend Fire","Brutality"],"picked":"Berserk","floor":16},{"not_picked":["Wild Strike","Cleave"],"picked":"Seeing Red","floor":17},{"not_picked":["Shrug It Off+1","Havoc"],"picked":"Ghostly Armor","floor":18},{"not_picked":["Spot Weakness","Warcry"],"picked":"Dropkick","floor":20},{"not_picked":["Searing Blow","Clash","Warcry+1"],"picked":"SKIP","floor":22},{"not_picked":["Seeing Red","Burning Pact+1"],"picked":"Shockwave","floor":30},{"not_picked":["Twin Strike","Seeing Red","Warcry"],"picked":"SKIP","floor":31}],"player_experience":740356,"relics_obtained":[{"floor":8,"key":"Sundial"},{"floor":9,"key":"Bottled Lightning"},{"floor":30,"key":"Whetstone"}],"event_choices":[{"cards_removed":["Strike_R"],"damage_healed":0,"gold_gain":0,"player_choice":"Card Removal","damage_taken":7,"max_hp_gain":0,"max_hp_loss":0,"event_name":"Golden Wing","floor":2,"gold_loss":0},{"cards_removed":["Defend_R"],"damage_healed":0,"gold_gain":0,"player_choice":"Forget","damage_taken":0,"max_hp_gain":0,"max_hp_loss":0,"event_name":"Living Wall","floor":3,"gold_loss":0},{"damage_healed":0,"gold_gain":0,"player_choice":"Donut","damage_taken":0,"max_hp_gain":5,"max_hp_loss":0,"event_name":"Big Fish","floor":4,"gold_loss":0},{"damage_healed":0,"gold_gain":1,"player_choice":"1","damage_taken":0,"max_hp_gain":0,"max_hp_loss":0,"event_name":"betterStone:BetterStone","floor":11,"gold_loss":0},{"damage_healed":0,"gold_gain":0,"player_choice":"2 cards matched","damage_taken":0,"max_hp_gain":0,"max_hp_loss":0,"event_name":"Match and Keep!","floor":21,"gold_loss":0,"cards_obtained":["Intimidate","Bash"]},{"cards_removed":["Strike_R"],"damage_healed":0,"gold_gain":0,"player_choice":"Offered Basic","damage_taken":0,"max_hp_gain":0,"max_hp_loss":0,"event_name":"Bonfire Elementals","floor":24,"gold_loss":0},{"damage_healed":0,"gold_gain":0,"player_choice":"Bought 0 Potions","damage_taken":0,"max_hp_gain":0,"max_hp_loss":0,"event_name":"The Woman in Blue","floor":27,"gold_loss":0},{"cards_removed":["Strike_R"],"damage_healed":0,"gold_gain":0,"player_choice":"Upgrade and Remove","damage_taken":0,"max_hp_gain":0,"max_hp_loss":0,"event_name":"Designer","floor":28,"gold_loss":90,"cards_upgraded":["Defend_R"]}],"is_beta":false,"boss_relics":[{"not_picked":["SacredBark","SlaversCollar"],"picked":"Tiny House"}],"items_purged_floors":[19],"is_endless":false,"potions_floor_spawned":[7,16,30],"killed_by":"Automaton","ascension_level":6}}