{"host":"nox","time":1608371405,"event":{"mods":["Aspiration","BaseMod","Better Third Choice","Colored Powertips","Conspire","Hubris","Infinite Spire","Minty Spire (QoL Compilation)","Quick Restart","Rare Cards Sparkle","Replay The Spire","Shop Mod","Spikes Relics","StSLib","SuperFastMode","The Alterego","vexMod"],"gold_per_floor":[109,125,50,66,66,66,101,101,175,209,109,109,109,119,119,221,221,234,234,234],"floor_reached":19,"playtime":581,"items_purged":["Strike_B","Strike_B"],"score":210,"play_id":"94e6c67c-f9c5-49f9-971f-4adaa4e1941f","local_time":"20201219165005","is_ascension_mode":true,"campfire_choices":[{"data":"Zap","floor":6.0,"key":"SMITH"},{"data":"Dualcast","floor":8.0,"key":"SMITH"},{"data":"Streamline","floor":15.0,"key":"SMITH"}],"circlet_count":0,"master_deck":["Strike_B","Strike_B","Defend_B","Defend_B","Defend_B","Defend_B","Zap+1","Dualcast+1","Ball Lightning","Streamline+1","Electrodynamics","hubris:Despair","hubris:Despair","hubris:Gluttony"],"relics":["Cracked Core","Nunchaku","Sundial","aspiration:StickyExplosives_weak","Replay:Ancient Bell","Toy Ornithopter","BrokenLever","hubris:GlazedTorus"],"acts_visited":["Exordium","TheCity"],"potions_floor_usage":[16],"damage_taken":[{"damage":2.0,"enemies":"Jaw Worm","floor":1.0,"turns":3.0},{"damage":1.0,"enemies":"2 Louse","floor":2.0,"turns":2.0},{"damage":0.0,"enemies":"Small Slimes","floor":4.0,"turns":3.0},{"damage":29.0,"enemies":"Lagavulin","floor":7.0,"turns":7.0},{"damage":20.0,"enemies":"3 Sentries","floor":10.0,"turns":7.0},{"damage":4.0,"enemies":"Red Slaver","floor":14.0,"turns":2.0},{"damage":22,"enemies":"Hexaghost","floor":16,"turns":9},{"damage":12,"enemies":"Chosen","floor":18,"turns":4},{"damage":74,"enemies":"Shell Parasite","floor":19,"turns":10}],"seed_played":"8002445466504982330","potions_obtained":[{"floor":2.0,"key":"Languid Potion"},{"floor":7.0,"key":"Milkshake"},{"floor":14.0,"key":"DuplicationPotion"}],"is_trial":false,"path_per_floor":["M","M","$","M","?","R","E","R","T","E","$","?","?","M","R","B",null,"M","M"],"character_chosen":"DEFECT","items_purchased":[],"campfire_rested":0,"item_purchase_floors":[],"current_hp_per_floor":[80,79,79,79,79,79,50,50,50,30,30,30,30,26,26,4,82,70,0,0],"gold":234,"neow_bonus":"TEN_PERCENT_HP_BONUS","is_daily":false,"chose_seed":false,"campfire_upgraded":3,"win_rate":0.0,"timestamp":1608371405,"path_taken":["M","M","$","M","?","R","E","R","T","E","$","?","?","M","R","BOSS","M","M"],"items_purchased_type":[],"build_version":"2020-11-17","purchased_purges":2,"victory":false,"max_hp_per_floor":[82,82,82,82,82,82,82,82,82,82,82,82,82,82,82,82,82,82,82,82],"card_choices":[{"not_picked":["Melter","Hologram","Conserve Battery"],"picked":"SKIP","floor":1.0},{"not_picked":["Genetic Algorithm","Static Discharge"],"picked":"Ball Lightning","floor":2.0},{"not_picked":["Sweeping Beam","Stack","Go for the Eyes"],"picked":"SKIP","floor":4.0},{"not_picked":["Sweeping Beam","Stack","Go for the Eyes"],"picked":"SKIP","floor":4.0},{"not_picked":["Multi-Cast","Beam Cell","BasicCrystalCard"],"picked":"SKIP","floor":7.0},{"not_picked":["Force Field","Barrage","Panic Button"],"picked":"SKIP","floor":10.0},{"not_picked":["Rebound","Hologram"],"picked":"Streamline","floor":14.0},{"not_picked":["ReplayTheSpireMod:Omega Cannon","Fission"],"picked":"Electrodynamics","floor":16},{"not_picked":["Spreading Infection","hubris:Sloth"],"picked":"hubris:Despair","floor":17},{"not_picked":["hubris:Disease","hubris:Wrath"],"picked":"hubris:Despair","floor":17},{"not_picked":["conspire:NecroticWound","Shame"],"picked":"hubris:Gluttony","floor":17},{"not_picked":["Barrage","Conserve Battery","Steam+1"],"picked":"SKIP","floor":18}],"player_experience":194241,"relics_obtained":[{"floor":7.0,"key":"Nunchaku"},{"floor":9.0,"key":"Sundial"},{"floor":10.0,"key":"aspiration:StickyExplosives_weak"}],"event_choices":[{"damage_healed":0.0,"max_hp_gain":0.0,"max_hp_loss":0.0,"gold_gain":0.0,"event_name":"conspire:LoneGhost","player_choice":"Disagree","floor":12.0,"gold_loss":0.0,"damage_taken":0.0},{"damage_healed":0.0,"max_hp_gain":0.0,"max_hp_loss":0.0,"gold_gain":0.0,"event_name":"WeMeetAgain","player_choice":"Ignored","floor":13.0,"gold_loss":0.0,"damage_taken":0.0}],"is_beta":true,"boss_relics":[{"not_picked":["aspiration:WatcherSkillbook","Sandwich"],"picked":"Replay:Ancient Bell"},{"not_picked":["Geode","MiniBlackHole"],"picked":"Toy Ornithopter"},{"not_picked":["Garlic","vexMod:Dragonfruit"],"picked":"BrokenLever"},{"not_picked":["Pocketwatch","vexMod:PlasmaPancake"],"picked":"hubris:GlazedTorus"}],"items_purged_floors":[3,11],"is_endless":false,"potions_floor_spawned":[2,7,14],"killed_by":"Shell Parasite","ascension_level":4}}