{"host":"nox","time":1608373719,"event":{"mods":["Aspiration","BaseMod","Better Third Choice","Colored Powertips","Conspire","Hubris","Infinite Spire","Minty Spire (QoL Compilation)","Quick Restart","Rare Cards Sparkle","Replay The Spire","Shop Mod","Spikes Relics","StSLib","SuperFastMode","The Alterego","vexMod"],"gold_per_floor":[112,112,130,55,70,70,105,119,119,119,19,19,44,56,56,159,159,128,148,73,73,13,48,62,75,75,75,75],"floor_reached":27,"playtime":1132,"items_purged":["Strike_B","Strike_B","Strike_B"],"score":292,"play_id":"d5e5619c-a1da-4cc2-a67e-f8dd3cdd18ad","local_time":"20201219172839","is_ascension_mode":true,"campfire_choices":[{"data":"Chaos","floor":6.0,"key":"SMITH"},{"data":"Dualcast","floor":12.0,"key":"SMITH"},{"data":"Loop","floor":15.0,"key":"SMITH"}],"circlet_count":0,"master_deck":["Defend_B","Defend_B","Defend_B","Defend_B","Zap","Dualcast+1","BasicCrystalCard+1","Chaos+1","Cold Snap","ReplayTheSpireMod:Calculation Training","Crystallizer","Loop+1","Amplify","Self Repair+1","Panic Button"],"relics":["Inserter","ReplayTheSpireMod:Ring of Addiction","White Beast Statue","hubris:EmptyBottle","aspiration:AnachronicSnailShell","Pantograph","Quantum Egg","SacredBark","vexMod:FocusSash","Philosopher\u0027s Stone","vexMod:FocusSash"],"acts_visited":["Exordium","TheCity"],"potions_floor_usage":[27],"damage_taken":[{"damage":4.0,"enemies":"Jaw Worm","floor":1.0,"turns":4.0},{"damage":15.0,"enemies":"2 Louse","floor":3.0,"turns":4.0},{"damage":10.0,"enemies":"Small Slimes","floor":5.0,"turns":5.0},{"damage":10.0,"enemies":"Lagavulin","floor":7.0,"turns":6.0},{"damage":3.0,"enemies":"Blue Slaver","floor":8.0,"turns":4.0},{"damage":16.0,"enemies":"3 Sentries","floor":13.0,"turns":14.0},{"damage":4.0,"enemies":"2 Fungi Beasts","floor":14.0,"turns":5.0},{"damage":11.0,"enemies":"The Guardian","floor":16.0,"turns":7.0},{"damage":17.0,"enemies":"2 Thieves","floor":18.0,"turns":5.0},{"damage":8.0,"enemies":"Shell Parasite","floor":19.0,"turns":5.0},{"damage":10.0,"enemies":"conspire:SneckoGhost","floor":23.0,"turns":8.0},{"damage":9.0,"enemies":"Snake Plant","floor":24.0,"turns":3.0},{"damage":31.0,"enemies":"Chosen and Byrds","floor":25.0,"turns":9.0},{"damage":53,"enemies":"Gremlin Leader","floor":27,"turns":4}],"seed_played":"-5047340687185324467","potions_obtained":[{"floor":2.0,"key":"SteroidPotion"},{"floor":2.0,"key":"DuplicationPotion"},{"floor":2.0,"key":"SpeedPotion"},{"floor":7.0,"key":"Strength Potion"},{"floor":13.0,"key":"AttackPotion"},{"floor":14.0,"key":"PowerPotion"},{"floor":18.0,"key":"Energy Potion"},{"floor":19.0,"key":"Ancient Potion"}],"is_trial":false,"path_per_floor":["M","?","M","$","M","R","E","M","T","?","$","R","E","M","R","B",null,"M","M","?","AVR","?","E","M","M","T","E"],"character_chosen":"DEFECT","items_purchased":[],"campfire_rested":0,"item_purchase_floors":[],"current_hp_per_floor":[71,71,56,56,46,46,36,33,33,33,33,33,17,13,13,27,71,54,46,46,46,46,56,57,46,46,0,0],"gold":75,"neow_bonus":"BOSS_RELIC","is_daily":false,"chose_seed":false,"campfire_upgraded":3,"win_rate":0.0,"timestamp":1608373719,"path_taken":["M","?","M","$","M","R","E","M","T","?","?","R","E","M","R","BOSS","M","M","?","AVR","?","E","M","M","T","E"],"items_purchased_type":[],"build_version":"2020-11-17","purchased_purges":3,"victory":false,"max_hp_per_floor":[75,75,75,75,75,73,73,73,73,73,71,71,71,71,71,71,71,71,71,71,71,71,69,69,69,69,69,69],"card_choices":[{"not_picked":["Conserve Battery","Steam"],"picked":"BasicCrystalCard","floor":1.0},{"not_picked":["Turbo","Hologram","Go for the Eyes"],"picked":"SKIP","floor":3.0},{"not_picked":["FTL","Capacitor"],"picked":"Chaos","floor":5.0},{"not_picked":["Melter","hubris:PowerSurge"],"picked":"Cold Snap","floor":7.0},{"not_picked":["Barrage","Loop"],"picked":"ReplayTheSpireMod:Calculation Training","floor":8.0},{"not_picked":["Sweeping Beam","ReplayTheSpireMod:GoodbyeWorld"],"picked":"Crystallizer","floor":13.0},{"not_picked":["Skim","Reprogram"],"picked":"Loop","floor":14.0},{"not_picked":["Multi-Cast","Mirror Shield"],"picked":"Amplify","floor":16.0},{"not_picked":["Steam","Ball Lightning","Turbo"],"picked":"SKIP","floor":18.0},{"not_picked":["Blizzard","Gash+1"],"picked":"Self Repair+1","floor":19.0},{"not_picked":["Barrage","Conserve Battery","Rebound"],"picked":"SKIP","floor":23.0},{"not_picked":["ReplayTheSpireMod:Fabricate Wheel","Ball Lightning"],"picked":"Panic Button","floor":24.0},{"not_picked":["Rebound","Steam+1","Redo"],"picked":"SKIP","floor":25.0}],"player_experience":194822,"relics_obtained":[{"floor":2.0,"key":"ReplayTheSpireMod:Ring of Addiction"},{"floor":2.0,"key":"White Beast Statue"},{"floor":2.0,"key":"hubris:EmptyBottle"},{"floor":7.0,"key":"aspiration:AnachronicSnailShell"},{"floor":9.0,"key":"Pantograph"},{"floor":13.0,"key":"Quantum Egg"},{"floor":23.0,"key":"vexMod:FocusSash"}],"event_choices":[{"cards_removed":["Strike_B"],"damage_healed":0.0,"max_hp_gain":0.0,"max_hp_loss":0.0,"gold_gain":0.0,"event_name":"Beggar","player_choice":"Gave Gold","floor":20.0,"gold_loss":75.0,"damage_taken":0.0}],"is_beta":true,"boss_relics":[{"not_picked":["hubris:BlackHole","SlaversCollar"],"picked":"SacredBark"}],"items_purged_floors":[4,11,21],"is_endless":false,"potions_floor_spawned":[3,5,7,8,13,14,16,18,19,23,24,25],"killed_by":"Gremlin Leader","ascension_level":4}}