{"host":"zt56gx41altgtukx","time":1608398518,"event":{"mods":["Act Like it!","Aspiration","BaseMod","Better Altar","Better Match","Better Note","Better Sensory Stone","Better Skull","Better Third Choice","BetterRewards","Conspire","Downfall","GifTheSpireLib","Halation","Hallownest","Highlight Path","Hubris","Mimic Mod","Minty Spire (QoL Compilation)","Replay The Spire","Shade Mod","StSLib","Stuff the Spire","The Cursed","Unceasing Turn Reminder","everything is the same but u backflip on backflip"],"gold_per_floor":[99,99,99,99,99,7,58,20,32,63,63,76,88,101,117,213,213,163,181,195,145,158,158,181,206,391,463,513,190,300,354,407,548,548,593,653,726,791,842,900,974,1026,976,1051,1109,1109,1160,1219,1277,1317],"floor_reached":51,"playtime":6322,"items_purged":[],"score":883,"play_id":"1942ff9d-c4c8-42fc-a757-735ef10e05e7","local_time":"20201219112158","is_ascension_mode":false,"campfire_choices":[{"data":"Slimebound:CorrosiveSpit","floor":1,"key":"SMITH"},{"data":"Slimebound:Split","floor":4,"key":"SMITH"},{"data":"Slimebound:MinionMaster","floor":18,"key":"SMITH"},{"data":"Slimebound:SplitBruiser","floor":21,"key":"SMITH"},{"data":"Slimebound:SplitMire","floor":43,"key":"SMITH"}],"circlet_count":0,"master_deck":["Slimebound:Strike_Slimebound","Slimebound:Strike_Slimebound","Slimebound:Strike_Slimebound","Slimebound:Tackle","Slimebound:Defend_Slimebound","Slimebound:Defend_Slimebound","Slimebound:Defend_Slimebound","Slimebound:Defend_Slimebound","Slimebound:Split+1","Slimebound:CorrosiveSpit+1","Slimebound:SlimeTap","Slimebound:MinionMaster+1","Slimebound:SlimeBarrage","Slimebound:Schlurp","Slimebound:LeechEnergy","Slimebound:SplitBruiser+1","Slimebound:OneTwoCombo+1","Slimebound:SplitMire","Slimebound:RollThrough","Slimebound:LeechingTouch","Slimebound:LevelUp","Slimebound:MassRepurpose","Slimebound:ProtectTheBoss","Slimebound:SplitLeeching","Slimebound:SlimeSpikes","Slimebound:GrowthPunch+1","Slimebound:SlimeSpikes","Slimebound:SplitMire+1","Slimebound:PressTheAttack","Slimebound:SplitBruiser","Slimebound:Gluttony","Slimebound:SplitBruiser","Slimebound:AcidTongue","Slimebound:OneTwoCombo+1","Slimebound:SlimeSpikes","Slimebound:SlimeSpikes","Slimebound:LeadByExample","Slimebound:LeechEnergy+1","Slimebound:MassFeed","Slimebound:SlimeTap+1","Slimebound:SpikyOuterGoop","Panic Button","Slimebound:OozeBath","Slimebound:SplitLeeching+1","Slimebound:SplitAcid","Slimebound:LeechEnergy+1","Slimebound:LevelUp+1"],"relics":["Slimebound:AbsorbEndCombat","downfall:HeartsMalice","StuffTheSpire:Barrel","halation:VictoryRuler","Slimebound:GreedOozeRelic","aspiration:FutureDiary","downfall:KnowingSkull","StuffTheSpire:Mouthbags","halation:SwordOfLegend","Guide Book","aspiration:DefectSkillbook","Pondfish Scales","Dream Catcher","hubris:BundleOfHerbs","hubris:MysteriousPyramids","hubris:CrystalStatue"],"acts_visited":["Exordium","TheCity","TheBeyond"],"potions_floor_usage":[10,28,32,50,50,50],"damage_taken":[{"damage":0,"enemies":"Cultist","floor":2,"turns":1},{"damage":0,"enemies":"Jaw Worm","floor":3,"turns":1},{"damage":0,"enemies":"downfall:FleeingMerchant","floor":6,"turns":1},{"damage":12,"enemies":"downfall:FleeingMerchant","floor":8,"turns":4},{"damage":3,"enemies":"Small Slimes","floor":9,"turns":3},{"damage":15,"enemies":"Gremlin Nob","floor":10,"turns":3},{"damage":3,"enemies":"2 Fungi Beasts","floor":12,"turns":2},{"damage":12,"enemies":"Large Slime","floor":13,"turns":3},{"damage":18,"enemies":"conspire:2 RoseBushes","floor":14,"turns":3},{"damage":16,"enemies":"Blue Slaver","floor":15,"turns":2},{"damage":32,"enemies":"downfall:Watcher","floor":16,"turns":5},{"damage":8,"enemies":"Spheric Guardian","floor":19,"turns":2},{"damage":21,"enemies":"3 Byrds","floor":20,"turns":3},{"damage":18,"enemies":"Cultist and Chosen","floor":22,"turns":3},{"damage":32,"enemies":"downfall:FleeingMerchant","floor":25,"turns":4},{"damage":19,"enemies":"downfall:FleeingMerchant","floor":26,"turns":4},{"damage":23,"enemies":"conspire:Head Lice","floor":27,"turns":4},{"damage":22,"enemies":"3 Cultists","floor":28,"turns":3},{"damage":14,"enemies":"Chosen and Byrds","floor":31,"turns":4},{"damage":19,"enemies":"Centurion and Healer","floor":32,"turns":2},{"damage":34,"enemies":"downfall:Ironclad","floor":33,"turns":4},{"damage":25,"enemies":"3 Shapes","floor":36,"turns":2},{"damage":43,"enemies":"conspire:MimicChest","floor":37,"turns":3},{"damage":27,"enemies":"Giant Head","floor":38,"turns":4},{"damage":10,"enemies":"3 Darklings","floor":39,"turns":2},{"damage":27,"enemies":"Transient","floor":40,"turns":5},{"damage":11,"enemies":"Maw","floor":41,"turns":3},{"damage":27,"enemies":"Maw","floor":42,"turns":3},{"damage":42,"enemies":"Reptomancer","floor":44,"turns":4},{"damage":25,"enemies":"4 Shapes","floor":45,"turns":3},{"damage":11,"enemies":"3 Darklings","floor":47,"turns":1},{"damage":43,"enemies":"Transient","floor":48,"turns":5},{"damage":15,"enemies":"Jaw Worm Horde","floor":49,"turns":2},{"damage":15,"enemies":"downfall:Defect","floor":50,"turns":3}],"seed_played":"-969047585691805159","potions_obtained":[{"floor":9,"key":"Fire Potion"},{"floor":10,"key":"CultistPotion"},{"floor":12,"key":"LiquidBronze"},{"floor":15,"key":"hexamod:EctoCoolerPotion"},{"floor":20,"key":"Toxic Potion"},{"floor":31,"key":"AttackPotion"},{"floor":32,"key":"BlessingOfTheForge"},{"floor":49,"key":"EssenceOfSteel"}],"is_trial":false,"path_per_floor":["R","M","M","R","?","$","T","$","M","E","?","M","M","M","M","B",null,"R","M","M","R","M","?","T","$","$","E","M","$","?","M","M","B",null,"R","M","?","E","M","M","MIM","M","R","E","M","T","M","M","M","B",null],"character_chosen":"SLIMEBOUND","items_purchased":["Slimebound:SlimeBarrage","Slimebound:SlimeSpikes","Slimebound:LeechEnergy","Slimebound:SplitMire","Slimebound:PressTheAttack","Slimebound:SplitBruiser","Slimebound:Gluttony","Slimebound:OneTwoCombo","Slimebound:SlimeSpikes","Guide Book"],"campfire_rested":0,"item_purchase_floors":[6,6,8,26,26,26,26,29,29,29],"current_hp_per_floor":[60,60,60,60,60,60,60,60,60,60,60,60,60,56,52,58,60,60,60,60,60,60,54,54,60,60,60,57,57,50,44,29,31,60,60,51,32,60,54,60,60,63,63,45,36,36,41,66,63,60],"gold":1317,"neow_bonus":"THREE_ENEMY_KILL","is_daily":false,"chose_seed":false,"campfire_upgraded":5,"win_rate":0.0,"timestamp":1608398518,"path_taken":["R","M","M","R","?","?","T","$","M","E","?","M","M","M","M","BOSS","R","M","M","R","M","?","T","$","$","E","M","$","?","M","M","BOSS","R","M","?","E","M","M","MIM","?","R","E","M","?","M","M","M","BOSS"],"items_purchased_type":["Card","Card","Card","Card","Card","Card","Card","Card","Card","Relic"],"build_version":"2020-12-13","purchased_purges":0,"victory":true,"max_hp_per_floor":[60,60,60,60,60,60,60,60,60,60,60,60,60,60,60,60,60,60,60,60,60,60,60,60,60,60,60,60,60,60,60,60,60,60,60,60,60,60,60,60,60,63,63,63,63,63,63,66,66,66],"card_choices":[{"not_picked":["Slimebound:GoopSpray","Slimebound:FirmFortitude"],"picked":"Slimebound:Equalize","floor":2},{"not_picked":["Slimebound:SplitAcid","Slimebound:Schlurp"],"picked":"Slimebound:SlimeTap","floor":3},{"not_picked":["Slimebound:TongueLash","Slimebound:LeechingTouch"],"picked":"Slimebound:MinionMaster","floor":6},{"not_picked":["Slimebound:GrowthPunch","Slimebound:ComboTackle"],"picked":"Slimebound:Schlurp","floor":8},{"not_picked":["Slimebound:ViciousTackle","Slimebound:PressTheAttack"],"picked":"Slimebound:SplitBruiser","floor":9},{"not_picked":["Slimebound:GrowthPunch","Slimebound:SlimeBarrage"],"picked":"Slimebound:OneTwoCombo","floor":10},{"not_picked":["Slimebound:SplitAcid","Slimebound:ItLooksTasty"],"picked":"Slimebound:SplitMire","floor":12},{"not_picked":["Slimebound:ViciousTackle","Slimebound:LivingWall"],"picked":"Slimebound:RollThrough","floor":13},{"not_picked":["Slimebound:SplitLeeching","Slimebound:SplitAcid"],"picked":"Slimebound:LeechingTouch","floor":14},{"not_picked":["Slimebound:Grow","Slimebound:FirmFortitude"],"picked":"Slimebound:LevelUp","floor":15},{"not_picked":["Slimebound:Teamwork","Slimebound:SlimeSlap"],"picked":"Slimebound:MassRepurpose","floor":16},{"not_picked":["Slimebound:RollThrough","Slimebound:Schlurp"],"picked":"Slimebound:ProtectTheBoss","floor":19},{"not_picked":["Slimebound:FirmFortitude","Slimebound:GoopTackle"],"picked":"Slimebound:SplitLeeching","floor":20},{"not_picked":["Slimebound:BestDefense","Slimebound:FinishingTackle","Slimebound:SpikyOuterGoop"],"picked":"SKIP","floor":22},{"not_picked":["Slimebound:ItLooksTasty+1","Slimebound:PressTheAttack"],"picked":"Slimebound:GrowthPunch+1","floor":25},{"not_picked":["Slimebound:Grow","Slimebound:SpikyOuterGoop"],"picked":"Slimebound:SlimeSpikes","floor":26},{"not_picked":["Slimebound:Prepare+1","Slimebound:FinishingTackle"],"picked":"Slimebound:SplitBruiser","floor":27},{"not_picked":["Slimebound:RejuvenatingLick+1","Slimebound:GrowthPunch"],"picked":"Slimebound:AcidTongue","floor":28},{"not_picked":["Slimebound:Teamwork","Slimebound:ViciousTackle"],"picked":"Slimebound:LeadByExample","floor":31},{"not_picked":["Slimebound:FinishingTackle","Slimebound:FormOfPuddle"],"picked":"Slimebound:LeechEnergy+1","floor":32},{"not_picked":["Slimebound:WasteNot","Slimebound:Teamwork"],"picked":"Slimebound:MassFeed","floor":33},{"not_picked":["Turbo+1","Tempest+1","Streamline+1"],"picked":"Slimebound:SlimeTap+1","floor":36},{"not_picked":["Slimebound:AcidTongue","StuffTheSpire:Rend","Slimebound:ItLooksTasty+1"],"picked":"Slimebound:SpikyOuterGoop","floor":37},{"not_picked":["Streamline+1","Slimebound:Chomp","Conserve Battery+1"],"picked":"Panic Button","floor":38},{"not_picked":["Slimebound:SplitAcid","StuffTheSpire:Plugnplay","Go for the Eyes","Slimebound:FinishingTackle"],"picked":"SKIP","floor":39},{"not_picked":["Slimebound:SamplingLick","Melter","StuffTheSpire:LoadUp+1"],"picked":"Slimebound:OozeBath","floor":40},{"not_picked":["Slimebound:RollThrough+1","Turbo+1","Slimebound:FinishingTackle"],"picked":"Slimebound:SplitLeeching+1","floor":41},{"not_picked":["ReplayGash","StuffTheSpire:LoadUp","Hello World","Leap"],"picked":"SKIP","floor":42},{"not_picked":["Sunder","Consume","Sweeping Beam+1"],"picked":"Slimebound:SplitAcid","floor":44},{"not_picked":["StuffTheSpire:Plugnplay+1","Gash","Go for the Eyes+1","Coolheaded"],"picked":"SKIP","floor":45},{"not_picked":["Stack","Conserve Battery","Slimebound:BestDefense","Slimebound:ComboTackle+1"],"picked":"SKIP","floor":47},{"not_picked":["Doom and Gloom","Sweeping Beam","Slimebound:LivingWall+1"],"picked":"Slimebound:LeechEnergy+1","floor":48},{"not_picked":["ReplayTheSpireMod:Fabricate Wheel","Slimebound:LeechEnergy","Chill+1"],"picked":"Slimebound:LevelUp+1","floor":49}],"player_experience":26612,"relics_obtained":[{"floor":7,"key":"StuffTheSpire:Barrel"},{"floor":10,"key":"halation:VictoryRuler"},{"floor":24,"key":"StuffTheSpire:Mouthbags"},{"floor":27,"key":"halation:SwordOfLegend"},{"floor":37,"key":"Pondfish Scales"},{"floor":38,"key":"Dream Catcher"},{"floor":41,"key":"hubris:BundleOfHerbs"},{"floor":44,"key":"hubris:MysteriousPyramids"},{"floor":46,"key":"hubris:CrystalStatue"}],"event_choices":[{"cards_removed":["Slimebound:Equalize"],"damage_healed":0,"gold_gain":0,"player_choice":"Offered Uncommon","damage_taken":0,"max_hp_gain":0,"max_hp_loss":0,"event_name":"Bonfire Elementals","floor":5,"gold_loss":0},{"damage_healed":0,"gold_gain":110,"player_choice":"GO ","damage_taken":8,"relics_obtained":[],"max_hp_gain":0,"max_hp_loss":0,"event_name":"betterSkull:BetterSkull","floor":30,"gold_loss":0,"cards_upgraded":[]}],"is_beta":false,"boss_relics":[{"not_picked":["conspire:RoyalGoblet","StuffTheSpire:Kangaroo"],"picked":"aspiration:FutureDiary"},{"not_picked":["Honey Jar","Ring of Chaos"],"picked":"aspiration:DefectSkillbook"}],"items_purged_floors":[],"is_endless":false,"potions_floor_spawned":[9,10,12,15,20,31,32,38,39,42,44,47,49],"ascension_level":0}}