{"host":"1mxf43y0hzpoj3pg","time":1608380896,"event":{"mods":["AchievementEnabler","BaseMod","BetterRewards","Colored Map","Conspire","Downfall","Hubris","Minty Spire (QoL Compilation)","Permanent Neow","Replay The Spire","Shop Mod","StSLib","The Jungle"],"gold_per_floor":[99,99,99,199,199,215,261,276,179,207,207,120,136,150,165,264,264,264,275,310,321,333,353,353,353,380,230,230,230,330,431,446,545,595,595,595,608,627,656,656,682,701,733,733,633,653,667,667,677,677],"floor_reached":51,"playtime":3953,"items_purged":["Slimebound:RainOfGoop","conspire:GhostlyStrike"],"score":952,"play_id":"f85b8343-fa8d-4804-aaf7-7b7c2b41a85f","local_time":"20201219072816","is_ascension_mode":true,"campfire_choices":[{"data":"Slimebound:CorrosiveSpit","floor":1,"key":"SMITH"},{"data":"Slimebound:Split","floor":5,"key":"SMITH"},{"floor":25,"key":"RECALL"},{"data":"1","floor":27,"key":"LIFT"},{"data":"2","floor":35,"key":"LIFT"},{"data":"3","floor":40,"key":"LIFT"},{"data":"J.A.X.","floor":44,"key":"SMITH"}],"circlet_count":0,"master_deck":["conspire:GhostlyStrike","Slimebound:Tackle","conspire:GhostlyDefend+1","conspire:GhostlyDefend","conspire:GhostlyDefend+1","Slimebound:Split+1","Slimebound:CorrosiveSpit+1","Slimebound:SlimeTap+1","Slimebound:SplitMire","Slimebound:RollThrough","Slimebound:Nibble","Slimebound:DuplicatedForm","Slimebound:HungryTackle","Slimebound:OozeBath","Slimebound:Recollect","Slimebound:RejuvenatingLick","Slimebound:FirmFortitude+1","expansioncontent:Collect","J.A.X.+1","Slimebound:SamplingLick+1","Slimebound:BestDefense","Slimebound:SpikyOuterGoop","Slimebound:MassFeed","Slimebound:SamplingLick","Slimebound:Darklings"],"relics":["Slimebound:AbsorbEndCombat","Bronze Scales","Replay:Rubber Ducky","Replay:Grab Bag","hubris:RunicObelisk","Replay:Bronze Core","conspire:RunicOctahedron","conspire:SpecialSausage","Potion Belt","conspire:DecoderRing","Girya","downfall:HeartBlessingRed","downfall:HeartBlessingBlue","hubris:CuriousFeather","MutagenicStrength","War Paint","Tiny House","White Beast Statue","Nunchaku","hubris:CrystalStatue"],"acts_visited":["Exordium","TheCity","TheBeyond"],"potions_floor_usage":[16,26,30,30,38,38,43,50,50,50],"damage_taken":[{"damage":15,"enemies":"Jaw Worm","floor":6,"turns":3},{"damage":8,"enemies":"2 Louse","floor":8,"turns":2},{"damage":15,"enemies":"downfall:FleeingMerchant","floor":9,"turns":4},{"damage":43,"enemies":"Lagavulin","floor":10,"turns":5},{"damage":37,"enemies":"downfall:FleeingMerchant","floor":12,"turns":4},{"damage":12,"enemies":"Small Slimes","floor":13,"turns":2},{"damage":21,"enemies":"Red Slaver","floor":14,"turns":3},{"damage":18,"enemies":"2 Fungi Beasts","floor":15,"turns":2},{"damage":64,"enemies":"downfall:Ironclad","floor":16,"turns":6},{"damage":27,"enemies":"Shell Parasite","floor":19,"turns":3},{"damage":43,"enemies":"Gremlin Leader","floor":20,"turns":4},{"damage":73,"enemies":"Snecko","floor":21,"turns":5},{"damage":27,"enemies":"3 Cultists","floor":22,"turns":3},{"damage":27,"enemies":"Cultist and Chosen","floor":23,"turns":2},{"damage":35,"enemies":"Slavers","floor":26,"turns":2},{"damage":12,"enemies":"downfall:Augmenter","floor":30,"turns":3},{"damage":37,"enemies":"downfall:FleeingMerchant","floor":31,"turns":3},{"damage":12,"enemies":"Centurion and Healer","floor":32,"turns":3},{"damage":45,"enemies":"downfall:Defect","floor":33,"turns":4},{"damage":4,"enemies":"Orb Walker","floor":37,"turns":3},{"damage":35,"enemies":"3 Darklings","floor":38,"turns":3},{"damage":30,"enemies":"R_Hoarder","floor":39,"turns":5},{"damage":32,"enemies":"Spire Growth","floor":42,"turns":3},{"damage":43,"enemies":"Reptomancer","floor":43,"turns":4},{"damage":19,"enemies":"Sphere and 2 Shapes","floor":46,"turns":4},{"damage":30,"enemies":"Writhing Mass","floor":47,"turns":3},{"damage":52,"enemies":"Transient","floor":49,"turns":4},{"damage":16,"enemies":"downfall:Watcher","floor":50,"turns":4}],"seed_played":"-5888596455313591108","potions_obtained":[{"floor":6,"key":"SteroidPotion"},{"floor":13,"key":"Block Potion"},{"floor":16,"key":"Venom Potion"},{"floor":21,"key":"Energy Potion"},{"floor":22,"key":"ColorlessPotion"},{"floor":26,"key":"Energy Potion"},{"floor":32,"key":"Fire Potion"},{"floor":33,"key":"Ancient Potion"},{"floor":34,"key":"SkillPotion"},{"floor":39,"key":"SpeedPotion"},{"floor":42,"key":"AttackPotion"},{"floor":43,"key":"LifebloodPotion"}],"is_trial":false,"path_per_floor":["R","?","?","?","R","M","T","M","$","E","?","$","M","M","M","B",null,"R_BF","M","E","M","M","M","T","R","E","R","?","?","?","$","M","B",null,"R","?","M","M","E","R","T","M","E","R","$","M","M","?","M","B",null],"character_chosen":"SLIMEBOUND","items_purchased":["Slimebound:Nibble","Slimebound:HungryTackle","War Paint"],"campfire_rested":0,"item_purchase_floors":[9,12,31],"current_hp_per_floor":[60,60,65,65,65,64,64,64,65,42,42,48,56,63,59,42,65,65,65,65,31,65,65,65,65,55,65,65,65,75,75,75,75,80,80,80,80,80,83,83,83,83,74,74,74,83,81,81,86,86],"gold":677,"neow_bonus":"RANDOM_COMMON_RELIC","is_daily":false,"chose_seed":false,"campfire_upgraded":3,"win_rate":0.0,"timestamp":1608380896,"path_taken":["R","?","?","?","R","M","T","?","$","E","?","?","M","?","M","BOSS","R_BF","?","E","M","?","M","T","R","E","R","?","?","?","$","M","BOSS","R","?","M","?","E","R","T","M","E","R","$","?","M","?","M","BOSS"],"items_purchased_type":["Card","Card","Relic"],"build_version":"2020-12-13","purchased_purges":2,"victory":true,"max_hp_per_floor":[60,60,65,65,65,65,65,65,65,65,65,65,65,65,65,65,65,65,65,65,65,65,65,65,65,65,75,75,75,75,75,75,75,80,80,80,80,80,83,83,83,83,83,83,83,83,83,83,86,86],"card_choices":[{"not_picked":["Slimebound:Chomp","Slimebound:HungryTackle"],"picked":"Slimebound:SlimeTap","floor":6},{"not_picked":["Slimebound:SlimeTap","Slimebound:HauntingLick"],"picked":"Slimebound:SplitMire","floor":8},{"not_picked":["Slimebound:SamplingLick","Slimebound:SplitAcid"],"picked":"Slimebound:RollThrough","floor":9},{"not_picked":["Slimebound:FinishingTackle","Slimebound:GrowthPunch"],"picked":"Slimebound:DuplicatedForm","floor":10},{"not_picked":["Slimebound:SplitLeeching","Slimebound:RollThrough","Slimebound:FormOfPuddle"],"picked":"SKIP","floor":12},{"not_picked":["Slimebound:ViciousTackle","Slimebound:SlimeTap","Slimebound:SplitBruiser"],"picked":"SKIP","floor":13},{"not_picked":["Slimebound:SlimeBrawl","Slimebound:ProtectTheBoss","Slimebound:LeadByExample"],"picked":"SKIP","floor":14},{"not_picked":["Slimebound:FinishingTackle","Slimebound:GoopTackle"],"picked":"Slimebound:Dissolve","floor":15},{"not_picked":["Slimebound:Teamwork","Slimebound:SelfFormingGoo"],"picked":"Slimebound:OozeBath","floor":16},{"not_picked":["Slimebound:DivideAndConquer+1","Slimebound:PressTheAttack","Slimebound:SlimeSpikes+1"],"picked":"SKIP","floor":19},{"not_picked":["Slimebound:WasteNot","Slimebound:GoopSpray","Slimebound:LeechEnergy"],"picked":"SKIP","floor":20},{"not_picked":["Slimebound:GoopSpray","Slimebound:SlimeTap"],"picked":"Slimebound:RejuvenatingLick","floor":21},{"not_picked":["Slimebound:HauntingLick","Slimebound:Schlurp","Slimebound:GoopSpray"],"picked":"SKIP","floor":22},{"not_picked":["Slimebound:LeechEnergy","Slimebound:GrowthPunch","Slimebound:RainOfGoop"],"picked":"SKIP","floor":23},{"not_picked":["Slimebound:PressTheAttack+1","Slimebound:LivingWall+1","Slimebound:GoopTackle+1"],"picked":"SKIP","floor":26},{"not_picked":[],"picked":"J.A.X.","floor":30},{"not_picked":["Slimebound:SplitAcid","Slimebound:FinishingTackle+1"],"picked":"Slimebound:SamplingLick+1","floor":30},{"not_picked":["Slimebound:SlimeBarrage","Slimebound:PressTheAttack"],"picked":"Slimebound:BestDefense","floor":31},{"not_picked":["Slimebound:Schlurp","Slimebound:ViciousTackle"],"picked":"Slimebound:SpikyOuterGoop","floor":32},{"not_picked":["Slimebound:LeechLife","Slimebound:DuplicatedForm"],"picked":"Slimebound:MassFeed","floor":33},{"not_picked":["Slimebound:ComboTackle+1","Slimebound:SlimeSpikes","Slimebound:FinishingTackle+1"],"picked":"SKIP","floor":37},{"not_picked":["Slimebound:GoopSpray","Slimebound:FinishingTackle+1","Slimebound:AcidTongue"],"picked":"SKIP","floor":38},{"not_picked":["Slimebound:Schlurp+1","Slimebound:LivingWall+1","Slimebound:GoopSpray+1"],"picked":"SKIP","floor":39},{"not_picked":["Slimebound:PressTheAttack","Slimebound:GrowthPunch","Slimebound:ViciousTackle+1"],"picked":"SKIP","floor":42},{"not_picked":["Slimebound:MegaLick+1","Slimebound:Teamwork","Slimebound:SplitLeeching+1"],"picked":"SKIP","floor":43},{"not_picked":["Slimebound:PressTheAttack+1","Slimebound:FirmFortitude","Slimebound:SplitMire"],"picked":"SKIP","floor":46},{"not_picked":["Slimebound:Chomp+1","Slimebound:SlimeSpikes+1"],"picked":"Slimebound:SamplingLick","floor":47},{"not_picked":["Slimebound:PressTheAttack+1","Slimebound:DivideAndConquer+1","Slimebound:RollThrough"],"picked":"SKIP","floor":49}],"player_experience":206816,"relics_obtained":[{"floor":10,"key":"Replay:Rubber Ducky"},{"floor":20,"key":"Potion Belt"},{"floor":24,"key":"conspire:DecoderRing"},{"floor":26,"key":"Girya"},{"floor":30,"key":"MutagenicStrength"},{"floor":39,"key":"White Beast Statue"},{"floor":41,"key":"Nunchaku"},{"floor":43,"key":"hubris:CrystalStatue"}],"event_choices":[{"damage_healed":0,"gold_gain":0,"player_choice":"Agree","damage_taken":0,"max_hp_gain":0,"max_hp_loss":0,"event_name":"conspire:LoneGhost","floor":2,"gold_loss":0},{"damage_healed":0,"gold_gain":0,"player_choice":"Donut","damage_taken":0,"max_hp_gain":5,"max_hp_loss":0,"event_name":"Big Fish","floor":3,"gold_loss":0},{"damage_healed":0,"gold_gain":0,"player_choice":"Read","damage_taken":0,"max_hp_gain":0,"max_hp_loss":0,"event_name":"The Library","floor":28,"gold_loss":0,"cards_obtained":["Slimebound:FirmFortitude"]},{"damage_healed":0,"gold_gain":0,"player_choice":"Forge","damage_taken":0,"max_hp_gain":0,"max_hp_loss":0,"event_name":"Accursed Blacksmith","floor":36,"gold_loss":0,"cards_upgraded":["Slimebound:FirmFortitude"]}],"is_beta":false,"boss_relics":[{"not_picked":["Ectoplasm","Calling Bell"],"picked":"Replay:Grab Bag"},{"not_picked":["Coffee Dripper","hubris:GrandSneckoEye"],"picked":"hubris:RunicObelisk"},{"not_picked":["conspire:SlowCooker","Velvet Choker"],"picked":"Replay:Bronze Core"},{"not_picked":["Astrolabe","Runic Pyramid"],"picked":"conspire:RunicOctahedron"},{"not_picked":["Snecko Eye","Black Star"],"picked":"conspire:SpecialSausage"},{"not_picked":["Honey Jar","Fusion Hammer"],"picked":"Tiny House"}],"items_purged_floors":[31,45],"is_endless":false,"potions_floor_spawned":[6,13,16,21,22,26,32,33,37,39,42,43,46,47,49],"ascension_level":2}}