{"host":"e4wnmsyty9uvvtwf","time":1608379815,"event":{"mods":["Aspiration","BaseMod","Colored Map","Colored Powertips","Marisa£®ÏF”Í°°ƒß¿Ì…≥£©","Minty Spire (QoL Compilation)","Rare Cards Sparkle","Replay The Spire","StSLib"],"gold_per_floor":[111,131,131,157,180,180,209,96,142,142,183,183,213,253,265,361,373,410,223,223,37,37,37,62,81,81,81,123,123,151,194,194,280,280,300,317,326,88,103,137,137,171,171,203,272,291,291,291,291,291,291],"floor_reached":50,"playtime":1687,"items_purged":["CommonCold"],"score":1204,"play_id":"51a21cab-4357-4e21-b557-d9f37474044f","local_time":"20201219201015","is_ascension_mode":true,"campfire_choices":[{"data":"Finisher","floor":6.0,"key":"SMITH"},{"floor":10.0,"key":"REST"},{"floor":12.0,"key":"REST"},{"data":"Apotheosis","floor":15.0,"key":"SMITH"},{"data":"ReplayUltimateDefense","floor":23.0,"key":"SMITH"},{"data":"Accuracy","floor":29.0,"key":"SMITH"},{"data":"Neutralize","floor":32.0,"key":"SMITH"},{"data":"A Thousand Cuts","floor":41.0,"key":"SMITH"},{"floor":47,"key":"REST"},{"floor":49,"key":"REST"}],"circlet_count":0,"master_deck":["AscendersBane","Strike_G","Strike_G","Strike_G","Strike_G","Defend_G","Defend_G","Defend_G","Defend_G","Defend_G","Survivor","Neutralize+1","Finisher+1","Slice","ReplayTheSpireMod:Speed Training","Flash of Steel","Apotheosis+1","Impatience","SashWhip","JustLucky","Blade Dance","ReplayUltimateDefense+1","Backstab+1","Blade Dance","Accuracy+1","Dodge and Roll+1","Distraction+1","A Thousand Cuts+1","Outmaneuver+1","Dodge and Roll+1","Terror+1","Deflect+1","Burst+1","Blade Dance+1","ReplayTheSpireMod:Tripwire+1"],"relics":["Ring of the Snake","aspiration:Nostalgia","Replay:M_StaffOfTheSnake","Byrd Skull","CeramicFish","ReplayTheSpireMod:ShopPack","Juzu Bracelet","FossilizedHelix","MawBank","Painkiller Herb","ReplayTheSpireMod:CursedCoin","HornCleat","Toxic Egg 2","MealTicket","Orichalcum","Sozu","Sling","PreservedInsect","Chameleon Ring","Ornamental Fan","Smiling Mask"],"acts_visited":["Exordium","TheCity","TheBeyond"],"potions_floor_usage":[50],"damage_taken":[{"damage":7.0,"enemies":"Jaw Worm","floor":1.0,"turns":7.0},{"damage":0.0,"enemies":"Cultist","floor":2.0,"turns":3.0},{"damage":2.0,"enemies":"Small Slimes","floor":5.0,"turns":4.0},{"damage":14.0,"enemies":"Exordium Thugs","floor":7.0,"turns":4.0},{"damage":23.0,"enemies":"Replay:BlueRogue","floor":11.0,"turns":6.0},{"damage":9.0,"enemies":"Gremlin Gang","floor":14.0,"turns":4.0},{"damage":24.0,"enemies":"Slime Boss","floor":16.0,"turns":10.0},{"damage":10.0,"enemies":"3 Byrds","floor":18.0,"turns":5.0},{"damage":0.0,"enemies":"2 Thieves","floor":24.0,"turns":4.0},{"damage":0.0,"enemies":"Centurion and Healer","floor":25.0,"turns":4.0},{"damage":7.0,"enemies":"Slavers","floor":28.0,"turns":4.0},{"damage":0.0,"enemies":"Snecko","floor":30.0,"turns":3.0},{"damage":0.0,"enemies":"Book of Stabbing","floor":31.0,"turns":5.0},{"damage":21.0,"enemies":"Champ","floor":33.0,"turns":10.0},{"damage":0.0,"enemies":"3 Shapes","floor":35.0,"turns":6.0},{"damage":0.0,"enemies":"3 Darklings","floor":36.0,"turns":5.0},{"damage":6.0,"enemies":"Maw","floor":39.0,"turns":6.0},{"damage":13.0,"enemies":"Reptomancer","floor":40.0,"turns":6.0},{"damage":0.0,"enemies":"Giant Head","floor":42.0,"turns":3.0},{"damage":0.0,"enemies":"Nemesis","floor":44.0,"turns":3.0},{"damage":0,"enemies":"Spire Growth","floor":46,"turns":4},{"damage":81,"enemies":"Time Eater","floor":50,"turns":10}],"seed_played":"7572716937535598644","potions_obtained":[{"floor":5.0,"key":"Strength Potion"},{"floor":11.0,"key":"Explosive Potion"}],"is_trial":false,"path_per_floor":["M","M","?","T","M","R","M","$","T","R","E","R","?","M","R","B",null,"?","T","?","T","T","T","?","?","T","?","E","T","?","E","T","B",null,"?","?","?","T","?","E","T","E","T","E","?","?","T","?","T","B"],"character_chosen":"THE_SILENT","items_purchased":["ReplayTheSpireMod:ShopPack","ReplayTheSpireMod:CursedCoin","HornCleat","ReplayUltimateDefense","Sling","Terror+1"],"campfire_rested":4,"item_purchase_floors":[8,19,19,21,38,38],"current_hp_per_floor":[52,52,41,41,39,39,25,25,25,44,21,40,40,31,31,7,51,41,41,76,76,76,76,76,76,76,76,69,69,69,69,69,48,69,69,69,69,76,70,57,57,57,57,57,32,32,54,54,76,0,0],"gold":291,"neow_bonus":"NOSTALGIA","is_daily":false,"chose_seed":false,"campfire_upgraded":6,"win_rate":0.0,"timestamp":1608379815,"path_taken":["M","M","?","?","?","R","M","?","T","R","E","R","?","M","R","BOSS","?","T","?","?","T","T","?","?","T","?","E","T","?","E","T","BOSS","?","?","?","T","?","E","T","E","T","E","?","?","T","?","T","BOSS"],"items_purchased_type":["Relic","Relic","Relic","Card","Relic","Card"],"build_version":"2020-12-13","purchased_purges":1,"victory":false,"max_hp_per_floor":[66,66,66,66,66,66,66,66,66,66,66,66,66,66,66,66,66,66,66,76,76,76,76,76,76,76,76,76,76,76,76,76,76,76,76,76,76,76,76,76,76,76,76,76,76,76,76,76,76,76,76],"card_choices":[{"not_picked":["Crescendo","Hidden Blade"],"picked":"Finisher","floor":1.0},{"not_picked":["Backflip","Setup"],"picked":"Slice","floor":2.0},{"not_picked":["Quick Slash","Leg Sweep"],"picked":"Slice","floor":5.0},{"not_picked":["CutThroughFate","Endless Agony"],"picked":"ReplayTheSpireMod:Speed Training","floor":7.0},{"not_picked":["The Bomb","Bandage Up"],"picked":"Flash of Steel","floor":8.0},{"not_picked":["Crow Ritual","Mayhem"],"picked":"Apotheosis","floor":8.0},{"not_picked":["ReplayTheSpireMod:Brewmster","Replay:Sssssssssstrike"],"picked":"Impatience","floor":8.0},{"not_picked":["Bouncing Flask","Underhanded Strike"],"picked":"SashWhip","floor":11.0},{"not_picked":["CutThroughFate","Acrobatics"],"picked":"JustLucky","floor":14.0},{"not_picked":["Establishment","Venomology"],"picked":"A Thousand Cuts","floor":16.0},{"not_picked":["ReplayTheSpireMod:Scrap Shanks","Bane"],"picked":"Blade Dance","floor":18.0},{"not_picked":["Slice","Poisoned Stab"],"picked":"Backstab+1","floor":24.0},{"not_picked":["Hidden Blade","Leg Sweep"],"picked":"Blade Dance","floor":25.0},{"not_picked":["Dash","All Out Attack"],"picked":"Accuracy","floor":28.0},{"not_picked":["Hidden Blade+1","Choke"],"picked":"Dodge and Roll+1","floor":30.0},{"not_picked":["Draining Mist+1","Flying Knee"],"picked":"Distraction+1","floor":31.0},{"not_picked":["Malaise+1","Unload"],"picked":"A Thousand Cuts","floor":33.0},{"not_picked":["Flying Knee","Dagger Spray"],"picked":"Outmaneuver+1","floor":35.0},{"not_picked":["Flying Knee","Flechettes","PiercingWail+1"],"picked":"SKIP","floor":36.0},{"not_picked":["Reflex+1","Poisoned Stab","Underhanded Strike+1"],"picked":"SKIP","floor":39.0},{"not_picked":["Masterful Stab","Outmaneuver+1"],"picked":"Deflect+1","floor":40.0},{"not_picked":["Quick Slash+1","ReplayTheSpireMod:The Works+1"],"picked":"Burst+1","floor":42.0},{"not_picked":["Quick Slash","Setup+1","Tactician+1"],"picked":"SKIP","floor":44.0},{"not_picked":["CutThroughFate","PiercingWail+1"],"picked":"Blade Dance+1","floor":45},{"not_picked":["ThirdEye+1","Corpse Explosion+1"],"picked":"ReplayTheSpireMod:Tripwire+1","floor":46}],"player_experience":626471,"relics_obtained":[{"floor":4.0,"key":"CeramicFish"},{"floor":9.0,"key":"Juzu Bracelet"},{"floor":11.0,"key":"FossilizedHelix"},{"floor":26.0,"key":"Toxic Egg 2"},{"floor":28.0,"key":"MealTicket"},{"floor":31.0,"key":"Orichalcum"},{"floor":40.0,"key":"PreservedInsect"},{"floor":42.0,"key":"Chameleon Ring"},{"floor":43.0,"key":"Ornamental Fan"},{"floor":44.0,"key":"Smiling Mask"}],"event_choices":[{"damage_healed":0.0,"max_hp_gain":0.0,"max_hp_loss":0.0,"gold_gain":0.0,"event_name":"Scrap Ooze","player_choice":"Success","floor":3.0,"gold_loss":0.0,"damage_taken":11.0,"relics_obtained":["Byrd Skull"]},{"damage_healed":0.0,"max_hp_gain":0.0,"max_hp_loss":0.0,"gold_gain":30.0,"event_name":"Dead Adventurer","player_choice":"Searched \u00273\u0027 times","floor":13.0,"gold_loss":0.0,"damage_taken":0.0,"relics_obtained":["MawBank"]},{"cards_removed":["A Thousand Cuts"],"damage_healed":25.0,"max_hp_gain":10.0,"max_hp_loss":0.0,"gold_gain":0.0,"event_name":"Bonfire Elementals","player_choice":"Offered Rare","floor":20.0,"gold_loss":0.0,"damage_taken":0.0},{"damage_healed":0.0,"max_hp_gain":0.0,"max_hp_loss":0.0,"gold_gain":0.0,"event_name":"Beggar","player_choice":"Ignored","floor":27.0,"gold_loss":0.0,"damage_taken":0.0},{"damage_healed":0.0,"max_hp_gain":0.0,"max_hp_loss":0.0,"gold_gain":0.0,"cards_transformed":["Strike_G"],"event_name":"Transmorgrifier","player_choice":"Transformed","floor":37.0,"gold_loss":0.0,"damage_taken":0.0,"cards_obtained":["Dodge and Roll"]},{"cards_removed":["Slice"],"damage_healed":0,"gold_gain":0,"player_choice":"Removed Attack","damage_taken":0,"max_hp_gain":0,"max_hp_loss":0,"event_name":"Falling","floor":48,"gold_loss":0}],"is_beta":false,"boss_relics":[{"not_picked":["Replay:Bronze Core","Black Star"],"picked":"Painkiller Herb"},{"not_picked":["Ring of Chaos","Empty Cage"],"picked":"Sozu"}],"items_purged_floors":[19],"is_endless":false,"potions_floor_spawned":[5,11,24,25,28,31,35,44,46],"killed_by":"Time Eater","ascension_level":16}}