{"host":"1rk7fqgr1btd4nmm","time":1608353332,"event":{"mods":["Aspiration","BaseMod","Better Altar","Better Match","Better Note","Better Sensory Stone","Better Skull","Conspire","Halation","Hubris","Infinite Spire","Minty Spire (QoL Compilation)","Quick Restart","Replay The Spire","StSLib"],"gold_per_floor":[109,126,143,159,159,186,206,206,206],"floor_reached":8,"playtime":830,"items_purged":[],"score":66,"play_id":"5988519f-1910-4de3-8108-c7e0c5299c63","local_time":"20201218224852","is_ascension_mode":true,"campfire_choices":[],"circlet_count":0,"master_deck":["Strike_G","Strike_G","Strike_G","Strike_G","Strike_G","Defend_G","Defend_G","Defend_G","Defend_G","Defend_G","Survivor","Neutralize","Infinite Blades","hubris:Counter+1","Poisoned Stab","Bullet Time","Blade Dance","Quick Slash"],"relics":["Ring of the Snake","Art of War","infinitespire:Bottled Soul"],"acts_visited":["Exordium"],"potions_floor_usage":[4,6],"damage_taken":[{"damage":1,"enemies":"Cultist","floor":1,"turns":3},{"damage":0,"enemies":"Jaw Worm","floor":2,"turns":4},{"damage":9,"enemies":"Small Slimes","floor":3,"turns":5},{"damage":35,"enemies":"Exordium Thugs","floor":4,"turns":5},{"damage":13,"enemies":"Lagavulin","floor":6,"turns":5},{"damage":3,"enemies":"Looter","floor":7,"turns":3},{"damage":17,"enemies":"3 Sentries","floor":8,"turns":3}],"seed_played":"6303108542254131635","potions_obtained":[{"floor":2,"key":"infinitespire:BlackPotion"},{"floor":4,"key":"FearPotion"}],"is_trial":false,"path_per_floor":["M","M","M","M","?","E","M","E"],"character_chosen":"THE_SILENT","items_purchased":[],"campfire_rested":0,"item_purchase_floors":[],"current_hp_per_floor":[69,69,60,25,25,12,9,0,0],"gold":206,"neow_bonus":"RANDOM_COMMON_RELIC","is_daily":false,"chose_seed":false,"campfire_upgraded":0,"win_rate":0.0,"timestamp":1608353332,"path_taken":["M","?","?","?","?","E","M","E"],"items_purchased_type":[],"build_version":"2020-12-13","purchased_purges":0,"victory":false,"max_hp_per_floor":[70,70,70,70,70,70,70,70,70],"card_choices":[{"not_picked":["Dagger Spray","Underhanded Strike"],"picked":"Infinite Blades","floor":1},{"not_picked":["Sucker Punch","Noxious Fumes"],"picked":"hubris:Counter","floor":2},{"not_picked":["Dagger Throw","Slice"],"picked":"Poisoned Stab","floor":3},{"not_picked":["Outmaneuver","Underhanded Strike"],"picked":"Bullet Time","floor":4},{"not_picked":["Backflip","Heel Hook"],"picked":"Blade Dance","floor":6},{"not_picked":["Slice","Deflect"],"picked":"Quick Slash","floor":7}],"player_experience":474792,"relics_obtained":[{"floor":6,"key":"infinitespire:Bottled Soul"}],"event_choices":[],"is_beta":false,"boss_relics":[],"items_purged_floors":[],"is_endless":false,"potions_floor_spawned":[2,4],"killed_by":"3 Sentries","ascension_level":2}}