{"host":"esx1hwjnbftf3eqj","time":1608340251,"event":{"mods":["BaseMod","Colored Map","Minty Spire (QoL Compilation)","StSLib","The Jungle"],"gold_per_floor":[210,66,241,254,254,254,286,296,296,308,308,324,324,324,324,421,471,491,641,652,238,258,258,268,268,347,347,367,367,394,406,418,430,430],"floor_reached":33,"playtime":2915,"items_purged":["Strike_G","Doubt"],"score":348,"play_id":"d1fe2f9b-cc9d-4472-a4ad-a7d28b0fa3fb","local_time":"20201218171051","is_ascension_mode":true,"campfire_choices":[{"data":"Neutralize","floor":6,"key":"SMITH"},{"data":"Phantasmal Killer","floor":11,"key":"SMITH"},{"data":"Poisoned Stab","floor":13,"key":"SMITH"},{"floor":15,"key":"REST"},{"data":"Well Laid Plans","floor":23,"key":"SMITH"},{"floor":25,"key":"REST"},{"data":"Corpse Explosion","floor":27,"key":"SMITH"},{"data":"Blur","floor":29,"key":"SMITH"},{"floor":32,"key":"REST"}],"circlet_count":0,"master_deck":["Strike_G","Strike_G+1","Strike_G","Strike_G","Defend_G","Defend_G","Defend_G","Defend_G","Defend_G","Survivor+1","Neutralize+1","Burst+1","Blade Dance","PiercingWail","Phantasmal Killer+1","Bane+1","Poisoned Stab+1","Corpse Explosion+1","Bane","Deadly Poison","Deflect","Well Laid Plans+1","Infinite Blades","Poisoned Stab+1","Blur+1","Bullet Time"],"relics":["Ring of the Snake","Calipers","Blue Candle","Tiny House","Shuriken","Bottled Tornado","MawBank","Shovel"],"acts_visited":["Exordium","Exordium"],"potions_floor_usage":[16,16,16,28,28,33,33,33],"damage_taken":[{"damage":0,"enemies":"Small Slimes","floor":1,"turns":3},{"damage":0,"enemies":"2 Louse","floor":4,"turns":3},{"damage":19,"enemies":"Gremlin Nob","floor":7,"turns":5},{"damage":0,"enemies":"Cultist","floor":8,"turns":5},{"damage":17,"enemies":"Large Slime","floor":10,"turns":7},{"damage":1,"enemies":"Looter","floor":12,"turns":2},{"damage":31,"enemies":"The Guardian","floor":16,"turns":11},{"damage":9,"enemies":"theJungle:Flameango_and_Byrd","floor":18,"turns":4},{"damage":23,"enemies":"theJungle:5_Spyders","floor":20,"turns":8},{"damage":32,"enemies":"theJungle:SlimyTreeVines","floor":22,"turns":6},{"damage":2,"enemies":"Snake Plant","floor":24,"turns":4},{"damage":16,"enemies":"theJungle:2_Flameangoes","floor":28,"turns":6},{"damage":0,"enemies":"theJungle:MamaSnecko","floor":30,"turns":4},{"damage":34,"enemies":"theJungle:FunGuy","floor":33,"turns":5}],"seed_played":"-2632765127902049023","potions_obtained":[{"floor":4,"key":"PowerPotion"},{"floor":7,"key":"Strength Potion"},{"floor":8,"key":"Dexterity Potion"},{"floor":17,"key":"SteroidPotion"},{"floor":22,"key":"EntropicBrew"}],"is_trial":false,"path_per_floor":["M","$","?","M","?","R","E","M","T","M","R","M","R","?","R","B",null,"M","?","M","$","M","R","M","R","T","R","M","R","E","?","R","B"],"character_chosen":"THE_SILENT","items_purchased":["Burst","Shuriken","Well Laid Plans"],"campfire_rested":3,"item_purchase_floors":[2,21,21],"current_hp_per_floor":[70,70,70,70,70,70,51,51,51,34,34,33,33,19,40,9,75,66,66,43,43,17,17,15,37,37,37,21,21,21,7,29,0,0],"gold":430,"neow_bonus":"HUNDRED_GOLD","is_daily":false,"chose_seed":false,"campfire_upgraded":6,"win_rate":0.0,"timestamp":1608340251,"path_taken":["M","$","?","M","?","R","E","M","T","M","R","?","R","?","R","BOSS","M","?","?","$","M","R","M","R","T","R","M","R","E","?","R","BOSS"],"items_purchased_type":["Card","Relic","Card"],"build_version":"2020-12-13","purchased_purges":2,"victory":false,"max_hp_per_floor":[70,70,70,70,70,70,70,70,70,70,70,70,70,70,70,70,75,75,75,75,75,75,75,75,75,75,75,75,75,75,75,75,75,75],"card_choices":[{"not_picked":["Underhanded Strike","Acrobatics","Prepared"],"picked":"SKIP","floor":1},{"not_picked":["Prepared","Poisoned Stab"],"picked":"Blade Dance","floor":4},{"not_picked":["Tactician","Distraction"],"picked":"PiercingWail","floor":7},{"not_picked":["Skewer","Slice"],"picked":"Phantasmal Killer","floor":8},{"not_picked":["Reflex","Dagger Throw"],"picked":"Bane","floor":10},{"not_picked":["Slice","Bane"],"picked":"Poisoned Stab","floor":12},{"not_picked":["Venomology","Grand Finale"],"picked":"Corpse Explosion","floor":16},{"not_picked":["Dodge and Roll","Poisoned Stab"],"picked":"Bane","floor":17},{"not_picked":["Underhanded Strike+1","Expertise"],"picked":"Deadly Poison","floor":18},{"not_picked":["Acrobatics","Expertise"],"picked":"Deflect","floor":20},{"not_picked":["Well Laid Plans","Backflip"],"picked":"Infinite Blades","floor":22},{"not_picked":["Bane+1","Dodge and Roll"],"picked":"Poisoned Stab+1","floor":24},{"not_picked":["Quick Slash+1","Acrobatics+1"],"picked":"Blur","floor":28},{"not_picked":["Bouncing Flask","Dagger Spray"],"picked":"Bullet Time","floor":30}],"player_experience":468089,"relics_obtained":[{"floor":7,"key":"Calipers"},{"floor":9,"key":"Blue Candle"},{"floor":26,"key":"Bottled Tornado"},{"floor":30,"key":"MawBank"}],"event_choices":[{"damage_healed":0,"gold_gain":175,"player_choice":"AGREE","damage_taken":0,"max_hp_gain":0,"max_hp_loss":0,"event_name":"Liars Game","floor":3,"gold_loss":0,"cards_obtained":["Doubt"]},{"damage_healed":0,"gold_gain":0,"player_choice":"Upgraded","damage_taken":0,"max_hp_gain":0,"max_hp_loss":0,"event_name":"Upgrade Shrine","floor":5,"gold_loss":0,"cards_upgraded":["Burst"]},{"damage_healed":0,"gold_gain":0,"player_choice":"Entered Light","damage_taken":14,"max_hp_gain":0,"max_hp_loss":0,"event_name":"Shining Light","floor":14,"gold_loss":0,"cards_upgraded":["Survivor","Bane"]}],"is_beta":false,"boss_relics":[{"not_picked":["Runic Pyramid","Runic Dome"],"picked":"Tiny House"}],"items_purged_floors":[2,21],"is_endless":false,"potions_floor_spawned":[4,7,8,22],"killed_by":"theJungle:FunGuy","ascension_level":4}}