{"host":"12piqfhmdln9x2la","time":1608394168,"event":{"mods":["2.2 Compatiblity","AchievementEnabler","BaseMod","BetterRewards","Colored Powertips","Minty Spire (QoL Compilation)","Quick Restart","SuperFastMode"],"gold_per_floor":[113,113,66,141,157,189,189,189,213,259,276,276,291,322,322,322,322],"floor_reached":16,"playtime":294,"items_purged":[],"score":133,"play_id":"e38b2074-d81a-4f3a-8d4e-7fe809809569","local_time":"20201220010928","is_ascension_mode":false,"campfire_choices":[{"data":"CrushJoints","floor":8,"key":"SMITH"},{"data":"Eruption","floor":12,"key":"SMITH"},{"data":"Consecrate","floor":15,"key":"SMITH"}],"circlet_count":0,"master_deck":["Strike_P","Strike_P","Strike_P","Strike_P","Defend_P","Defend_P","Defend_P","Defend_P","Eruption+1","Vigilance","Consecrate+1","Pain","ClearTheMind","CrushJoints+1","FollowUp","ClearTheMind","Devotion","Crescendo"],"relics":["PureWater","NeowsBlessing","WarpedTongs","Bronze Scales","Nunchaku","Blood Vial","Pen Nib","Toy Ornithopter"],"acts_visited":["Exordium"],"potions_floor_usage":[14,14,16],"damage_taken":[{"damage":0,"enemies":"2 Louse","floor":1,"turns":1},{"damage":1,"enemies":"Cultist","floor":5,"turns":1},{"damage":0,"enemies":"Lagavulin","floor":6,"turns":1},{"damage":6,"enemies":"Jaw Worm","floor":11,"turns":1},{"damage":8,"enemies":"Exordium Thugs","floor":13,"turns":3},{"damage":30,"enemies":"3 Sentries","floor":14,"turns":4},{"damage":35,"enemies":"Hexaghost","floor":16,"turns":4}],"seed_played":"7191979503611449990","potions_obtained":[{"floor":1,"key":"AttackPotion"},{"floor":5,"key":"PowerPotion"},{"floor":13,"key":"Block Potion"}],"is_trial":false,"path_per_floor":["M","?","$","?","M","E","T","R","T","T","M","R","M","E","R","B"],"character_chosen":"WATCHER","items_purchased":["ClearTheMind"],"campfire_rested":0,"item_purchase_floors":[3],"current_hp_per_floor":[72,72,72,61,60,60,60,60,60,60,56,56,50,22,22,0,0],"gold":322,"neow_bonus":"THREE_ENEMY_KILL","is_daily":false,"chose_seed":false,"campfire_upgraded":3,"win_rate":0.0,"timestamp":1608394168,"path_taken":["M","?","$","?","?","E","?","R","T","?","?","R","M","E","R","BOSS"],"items_purchased_type":["Card"],"build_version":"2020-12-13","purchased_purges":0,"victory":false,"max_hp_per_floor":[72,72,72,72,72,72,72,72,72,72,72,72,72,72,72,72,72],"card_choices":[{"not_picked":["WreathOfFlame","WaveOfTheHand"],"picked":"Consecrate","floor":1},{"not_picked":["JustLucky","WindmillStrike"],"picked":"CrushJoints","floor":5},{"not_picked":["SandsOfTime","Halt"],"picked":"FollowUp","floor":6},{"not_picked":["JustLucky","Halt"],"picked":"ClearTheMind","floor":11},{"not_picked":["Prostrate","Vengeance"],"picked":"Devotion","floor":13},{"not_picked":["WheelKick","Fasting2"],"picked":"Crescendo","floor":14}],"player_experience":101795,"relics_obtained":[{"floor":6,"key":"Bronze Scales"},{"floor":7,"key":"Nunchaku"},{"floor":9,"key":"Blood Vial"},{"floor":10,"key":"Pen Nib"},{"floor":14,"key":"Toy Ornithopter"}],"event_choices":[{"damage_healed":0,"gold_gain":0,"player_choice":"Rummage","damage_taken":0,"relics_obtained":["WarpedTongs"],"max_hp_gain":0,"max_hp_loss":0,"event_name":"Accursed Blacksmith","floor":2,"gold_loss":0,"cards_obtained":["Pain"]},{"damage_healed":0,"gold_gain":75,"player_choice":"Gather Gold","damage_taken":11,"max_hp_gain":0,"max_hp_loss":0,"event_name":"World of Goop","floor":4,"gold_loss":0}],"is_beta":false,"boss_relics":[],"items_purged_floors":[],"is_endless":false,"potions_floor_spawned":[1,5,13],"killed_by":"Hexaghost","ascension_level":0}}