{"host":"h1ba9qculgt1zycs","time":1608338274,"event":{"mods":["BaseMod","Hermit","Minty Spire (QoL Compilation)","StSLib"],"gold_per_floor":[114,125,42,42,59,59,59,89,164,183,197,212,238,250,250,349,349,363,280,293,43,62,92,107,141,189,224,37,37,51,51,51,154,154,172,191,36,52,64,74,74,103,103,103,162,162,197,225,225,225,225,225,12,47,47],"floor_reached":56,"playtime":2787,"items_purged":[],"score":1664,"play_id":"5f1cbff8-ab9f-4e06-a7bb-6ae6d47de521","local_time":"20201219013754","is_ascension_mode":true,"campfire_choices":[{"data":"Beam Cell","floor":6.0,"key":"SMITH"},{"floor":15.0,"key":"REST"},{"floor":29.0,"key":"REST"},{"data":"Strike_B","floor":32.0,"key":"PURGE"},{"data":"Creative AI","floor":41,"key":"SMITH"},{"data":"Storm","floor":44,"key":"SMITH"},{"floor":46,"key":"REST"},{"data":"Machine Learning","floor":49,"key":"SMITH"},{"data":"Dramatic Entrance","floor":52,"key":"SMITH"}],"circlet_count":0,"master_deck":["Strike_B","Strike_B","Defend_B+1","Defend_B+1","Defend_B","Defend_B","Zap+1","Dualcast","Gash","Rebound","Dramatic Entrance","Beam Cell+1","Zap","Electrodynamics","Gash","Storm+1","Creative AI+1","Go for the Eyes","Dramatic Entrance+1","Gash+1","Scrape+1","Gash","Scrape+1","Biased Cognition","Go for the Eyes","Redo+1","Fission+1","Chill+1","Defragment","Gash+1","Rebound+1","Go for the Eyes","Machine Learning+1","Double Energy+1","Panache","Loop","Heatsinks"],"relics":["Cracked Core","Strawberry","Pear","Symbiotic Virus","Toxic Egg 2","Oddly Smooth Stone","Art of War","Toy Ornithopter","Peace Pipe","Nuclear Battery","DataDisk","CeramicFish","Lizard Tail","War Paint","TungstenRod","Bag of Preparation"],"acts_visited":["Exordium","TheCity","TheBeyond","TheEnding"],"potions_floor_usage":[48,48,50],"damage_taken":[{"damage":1.0,"enemies":"Cultist","floor":1.0,"turns":3.0},{"damage":8.0,"enemies":"2 Louse","floor":2.0,"turns":3.0},{"damage":0.0,"enemies":"Jaw Worm","floor":5.0,"turns":2.0},{"damage":30.0,"enemies":"Lagavulin","floor":8.0,"turns":4.0},{"damage":0.0,"enemies":"Lots of Slimes","floor":10.0,"turns":1.0},{"damage":0.0,"enemies":"2 Fungi Beasts","floor":11.0,"turns":2.0},{"damage":0.0,"enemies":"Blue Slaver","floor":12.0,"turns":1.0},{"damage":25.0,"enemies":"3 Sentries","floor":13.0,"turns":5.0},{"damage":11.0,"enemies":"Looter","floor":14.0,"turns":2.0},{"damage":0.0,"enemies":"Slime Boss","floor":16.0,"turns":6.0},{"damage":14.0,"enemies":"3 Byrds","floor":18.0,"turns":3.0},{"damage":0.0,"enemies":"2 Thieves","floor":20.0,"turns":1.0},{"damage":51.0,"enemies":"Shelled Parasite and Fungi","floor":22.0,"turns":4.0},{"damage":5.0,"enemies":"Gremlin Leader","floor":23.0,"turns":4.0},{"damage":46.0,"enemies":"Snecko","floor":24.0,"turns":5.0},{"damage":79.0,"enemies":"Book of Stabbing","floor":25.0,"turns":5.0},{"damage":41.0,"enemies":"Slavers","floor":27.0,"turns":4.0},{"damage":42.0,"enemies":"Snake Plant","floor":30.0,"turns":3.0},{"damage":66.0,"enemies":"Champ","floor":33.0,"turns":8.0},{"damage":16.0,"enemies":"3 Shapes","floor":35.0,"turns":1.0},{"damage":19.0,"enemies":"Orb Walker","floor":36.0,"turns":4.0},{"damage":53.0,"enemies":"Maw","floor":38.0,"turns":8.0},{"damage":102,"enemies":"Writhing Mass","floor":39,"turns":6},{"damage":11,"enemies":"Sphere and 2 Shapes","floor":40,"turns":5},{"damage":32,"enemies":"Nemesis","floor":42,"turns":5},{"damage":402,"enemies":"Mind Bloom Boss Battle","floor":45,"turns":5},{"damage":43,"enemies":"Reptomancer","floor":47,"turns":5},{"damage":0,"enemies":"3 Darklings","floor":48,"turns":2},{"damage":118,"enemies":"Donu and Deca","floor":50,"turns":8},{"damage":86,"enemies":"Shield and Spear","floor":54,"turns":5},{"damage":226,"enemies":"The Heart","floor":55,"turns":9}],"seed_played":"-3679548881391526846","potions_obtained":[{"floor":1.0,"key":"Fire Potion"},{"floor":8.0,"key":"EssenceOfDarkness"},{"floor":13.0,"key":"SpeedPotion"},{"floor":14.0,"key":"EssenceOfSteel"},{"floor":18.0,"key":"Energy Potion"},{"floor":20.0,"key":"DuplicationPotion"},{"floor":24.0,"key":"PotionOfCapacity"},{"floor":36.0,"key":"FearPotion"},{"floor":45,"key":"ColorlessPotion"},{"floor":47,"key":"ColorlessPotion"},{"floor":48,"key":"SteroidPotion"}],"is_trial":false,"path_per_floor":["M","M","$","?","M","R","?","E","T","M","M","M","E","M","R","B",null,"M","$","M","$","M","E","M","E","T","E","$","R","M","?","R","B",null,"M","M","$","M","M","M","R","E","T","R","?","R","E","M","R","B",null,"R","$","E","B",null],"character_chosen":"DEFECT","items_purchased":["Dramatic Entrance","Dramatic Entrance","Toxic Egg 2","Biased Cognition","Go for the Eyes","DataDisk","Panache","Loop"],"campfire_rested":3,"item_purchase_floors":[3,19,21,28,28,37,53,53],"current_hp_per_floor":[74,66,66,66,66,66,66,43,53,53,53,53,28,17,44,44,80,66,66,66,66,15,92,46,48,48,12,12,39,74,74,74,8,71,55,36,36,966,864,853,853,821,821,821,419,719,676,686,686,573,893,893,893,807,581],"gold":47,"neow_bonus":"UPGRADE_CARD","is_daily":false,"chose_seed":false,"campfire_upgraded":5,"win_rate":0.0,"timestamp":1608338274,"path_taken":["M","?","$","?","M","R","?","E","T","M","M","?","E","M","R","BOSS","M","$","M","$","?","E","M","E","T","E","?","R","M","?","R","BOSS","M","?","$","M","M","M","R","E","T","R","?","R","E","M","R","BOSS","R","$","E","BOSS"],"items_purchased_type":["Card","Card","Relic","Card","Card","Relic","Card","Card"],"build_version":"2020-12-13","purchased_purges":0,"victory":true,"max_hp_per_floor":[75,75,75,75,75,75,75,82,92,92,92,92,92,92,92,92,92,92,92,92,92,92,92,92,92,92,92,92,92,92,92,92,92,92,92,92,92,1000,1000,1000,1000,1000,1000,1000,1000,1000,1000,1000,1000,1000,1000,1000,1000,1000,1000],"card_choices":[{"not_picked":["Doom and Gloom","Sweeping Beam"],"picked":"Gash","floor":1.0},{"not_picked":["Biased Cognition","Leap"],"picked":"Rebound","floor":2.0},{"not_picked":["Coolheaded","Cold Snap"],"picked":"Beam Cell","floor":5.0},{"not_picked":["Leap","Coolheaded"],"picked":"Gash","floor":8.0},{"not_picked":["Tempest","Chaos","Stack"],"picked":"SKIP","floor":10.0},{"not_picked":["Force Field","Chill","Streamline"],"picked":"SKIP","floor":11.0},{"not_picked":["Compile Driver","Barrage","Streamline"],"picked":"SKIP","floor":12.0},{"not_picked":["Electrodynamics","Cold Snap"],"picked":"Storm","floor":13.0},{"not_picked":["Steam","Redo","Fusion"],"picked":"SKIP","floor":14.0},{"not_picked":["Amplify","Machine Learning"],"picked":"Creative AI","floor":16.0},{"not_picked":["Cold Snap","Ball Lightning"],"picked":"Go for the Eyes","floor":18.0},{"not_picked":["Barrage","Glacier"],"picked":"Gash+1","floor":20.0},{"not_picked":["All For One","Rebound+1"],"picked":"Scrape+1","floor":22.0},{"not_picked":["Barrage","Cold Snap","Redo+1"],"picked":"SKIP","floor":23.0},{"not_picked":["Self Repair","Rebound+1"],"picked":"Gash","floor":24.0},{"not_picked":["Steam+1","Rainbow+1","Barrage"],"picked":"SKIP","floor":25.0},{"not_picked":["Sweeping Beam","Cold Snap"],"picked":"Scrape+1","floor":27.0},{"not_picked":["Turbo+1","Hologram+1"],"picked":"Redo+1","floor":30.0},{"not_picked":["Meteor Strike","Reboot+1"],"picked":"Fission+1","floor":33.0},{"not_picked":["Static Discharge+1","Redo+1"],"picked":"Chill+1","floor":35.0},{"not_picked":["Compile Driver+1","Streamline+1","Cold Snap"],"picked":"SKIP","floor":36.0},{"not_picked":["Ball Lightning","Reinforced Body+1"],"picked":"Defragment","floor":38.0},{"not_picked":["Rebound+1","Sweeping Beam+1"],"picked":"Gash+1","floor":39},{"not_picked":["Darkness+1","Rip and Tear"],"picked":"Rebound+1","floor":40},{"not_picked":["Blizzard+1","Streamline","Rainbow+1"],"picked":"SKIP","floor":42},{"not_picked":["Genetic Algorithm+1","Leap+1"],"picked":"Go for the Eyes","floor":45},{"not_picked":["Conserve Battery+1","Redo+1"],"picked":"Machine Learning","floor":47},{"not_picked":["Turbo+1","Aggregate+1"],"picked":"Double Energy+1","floor":48},{"not_picked":["Undo+1","Melter+1"],"picked":"Heatsinks","floor":54}],"player_experience":251139,"relics_obtained":[{"floor":8.0,"key":"Strawberry"},{"floor":9.0,"key":"Pear"},{"floor":13.0,"key":"Symbiotic Virus"},{"floor":23.0,"key":"Oddly Smooth Stone"},{"floor":25.0,"key":"Art of War"},{"floor":26.0,"key":"Toy Ornithopter"},{"floor":27.0,"key":"Peace Pipe"},{"floor":42,"key":"CeramicFish"},{"floor":45,"key":"Lizard Tail"},{"floor":47,"key":"War Paint"},{"floor":54,"key":"Bag of Preparation"}],"event_choices":[{"damage_healed":0.0,"max_hp_gain":0.0,"max_hp_loss":0.0,"gold_gain":0.0,"event_name":"Liars Game","player_choice":"Ignored","floor":4.0,"gold_loss":0.0,"damage_taken":0.0},{"damage_healed":0.0,"max_hp_gain":0.0,"max_hp_loss":0.0,"gold_gain":0.0,"event_name":"Match and Keep!","player_choice":"2 cards matched","floor":7.0,"gold_loss":0.0,"damage_taken":0.0,"cards_obtained":["Zap","Electrodynamics"]},{"cards_removed":["Strike_B"],"damage_healed":0.0,"max_hp_gain":0.0,"max_hp_loss":0.0,"gold_gain":0.0,"event_name":"Bonfire Elementals","player_choice":"Offered Basic","floor":31.0,"gold_loss":0.0,"damage_taken":0.0},{"damage_healed":0,"gold_gain":0,"player_choice":"Fight","damage_taken":0,"max_hp_gain":0,"max_hp_loss":0,"event_name":"MindBloom","floor":45,"gold_loss":0}],"is_beta":false,"boss_relics":[{"not_picked":["Fusion Hammer","Coffee Dripper"],"picked":"Snecko Eye"},{"not_picked":["Tiny House","Busted Crown"],"picked":"Nuclear Battery"}],"items_purged_floors":[],"is_endless":false,"potions_floor_spawned":[1,8,13,14,18,20,24,25,36,38,45,47,48],"ascension_level":5}}