{"host":"w811868i7dqaax32","time":1608421157,"event":{"mods":["BaseMod","Infinite Spire","Minty Spire (QoL Compilation)","Replay The Spire","StSLib","The Poker Player"],"gold_per_floor":[119,394,404,419,431,462,462,462,462,462],"floor_reached":8,"playtime":432,"items_purged":[],"score":61,"play_id":"813b3c28-6c29-4491-87ec-513eb03039b5","local_time":"20201220003917","is_ascension_mode":true,"metric_token":402,"campfire_choices":[{"data":"PokerPlayerMod:TrumpStrike","floor":7,"key":"SMITH"}],"circlet_count":0,"master_deck":["PokerPlayerMod:Diamond1","PokerPlayerMod:Diamond2","PokerPlayerMod:Diamond3","PokerPlayerMod:Diamond4","PokerPlayerMod:Diamond5","PokerPlayerMod:Spade1","PokerPlayerMod:Spade2","PokerPlayerMod:Spade3","PokerPlayerMod:Spade4","PokerPlayerMod:Club1","PokerPlayerMod:Club2","PokerPlayerMod:Heart2","PokerPlayerMod:TrumpStrike+1","PokerPlayerMod:BadJoker","PokerPlayerMod:Mulligan","Discovery","PokerPlayerMod:CardBurn","Regret","PokerPlayerMod:ClubDance","PokerPlayerMod:Heart4","PokerPlayerMod:Spade4","PokerPlayerMod:ClubDance"],"relics":["PokerPlayerMod:DeckCase","PokerPlayerMod:JackpotMachine"],"acts_visited":["Exordium"],"potions_floor_usage":[6,8,8],"damage_taken":[{"damage":0,"enemies":"Jaw Worm","floor":1,"turns":2},{"damage":0,"enemies":"Cultist","floor":3,"turns":2},{"damage":0,"enemies":"Small Slimes","floor":4,"turns":2},{"damage":0,"enemies":"3 Louse","floor":5,"turns":2},{"damage":18,"enemies":"Gremlin Nob","floor":6,"turns":3},{"damage":42,"enemies":"Lagavulin","floor":8,"turns":5}],"seed_played":"5519724225323708611","potions_obtained":[{"floor":1,"key":"Death Potion"},{"floor":4,"key":"Dexterity Potion"},{"floor":6,"key":"SpeedPotion"}],"is_trial":false,"path_per_floor":["M","?","M","M","M","E","R","E"],"character_chosen":"THE_POKER_PLAYER","items_purchased":[],"campfire_rested":0,"item_purchase_floors":[],"current_hp_per_floor":[52,52,52,52,52,34,34,0,0,0],"gold":462,"neow_bonus":"RANDOM_COLORLESS","is_daily":false,"chose_seed":false,"campfire_upgraded":1,"win_rate":0.0,"timestamp":1608421157,"path_taken":["M","?","?","?","?","E","R","E"],"items_purchased_type":[],"build_version":"2020-12-13","purchased_purges":0,"victory":false,"max_hp_per_floor":[52,52,52,52,52,52,52,52,52,52],"card_choices":[{"not_picked":["Dark Shackles","PanicButton"],"picked":"Discovery","floor":0},{"not_picked":["PokerPlayerMod:Spade4","PokerPlayerMod:Diamond3"],"picked":"PokerPlayerMod:CardBurn","floor":1},{"not_picked":["PokerPlayerMod:Sharpen","PokerPlayerMod:Diamond4"],"picked":"PokerPlayerMod:ClubDance","floor":3},{"not_picked":["PokerPlayerMod:Diamond2","PokerPlayerMod:Heart3"],"picked":"PokerPlayerMod:Heart4","floor":4},{"not_picked":["PokerPlayerMod:Diamond2","PokerPlayerMod:Diamond3"],"picked":"PokerPlayerMod:Spade4","floor":5},{"not_picked":["PokerPlayerMod:Diamond5","PokerPlayerMod:Diamond1"],"picked":"PokerPlayerMod:ClubDance","floor":6}],"player_experience":760368,"relics_obtained":[{"floor":6,"key":"PokerPlayerMod:JackpotMachine"}],"event_choices":[{"damage_healed":0,"gold_gain":275,"player_choice":"Desecrate","damage_taken":0,"max_hp_gain":0,"max_hp_loss":0,"event_name":"Golden Shrine","floor":2,"gold_loss":0,"cards_obtained":["Regret"]}],"is_beta":false,"boss_relics":[],"items_purged_floors":[],"is_endless":false,"potions_floor_spawned":[1,4,6],"killed_by":"Lagavulin","ascension_level":1}}