{"host":"ow9msrs9p2ctkx99","time":1608414537,"event":{"mods":["AchievementEnabler","BaseMod","Colored Map","Colored Powertips","Minty Spire (QoL Compilation)","Permanent Neow","Quick Restart","SuperFastMode"],"gold_per_floor":[114,114,131,150,67,67,102,120,120,120,134,134,56,90,90,186,186,186],"floor_reached":17,"playtime":361,"items_purged":[],"score":297,"play_id":"d5d9ec14-a6ce-4cb0-a365-e238ef2b547b","local_time":"20201219224857","is_ascension_mode":true,"campfire_choices":[{"data":"Poisoned Stab","floor":6.0,"key":"SMITH"},{"data":"Well Laid Plans","floor":10,"key":"SMITH"},{"data":"Crippling Poison","floor":15,"key":"SMITH"}],"circlet_count":0,"master_deck":["AscendersBane","Survivor","Neutralize+1","CurseOfTheBell","Dagger Throw+1","Poisoned Stab+1","Well Laid Plans+1","After Image","Backstab","Crippling Poison+1","Die Die Die","PiercingWail","Corpse Explosion","PiercingWail","Blade Dance","Riddle With Holes","Malaise","Acrobatics","Quick Slash","Flechettes","Crippling Poison"],"relics":["Calling Bell","Tiny Chest","Meat on the Bone","Gambling Chip","Nunchaku","Pear","Whetstone","Golden Idol","StrikeDummy","Pandora\u0027s Box"],"acts_visited":["Exordium","TheCity"],"potions_floor_usage":[7],"damage_taken":[{"damage":3.0,"enemies":"Small Slimes","floor":1.0,"turns":4.0},{"damage":1.0,"enemies":"Jaw Worm","floor":3.0,"turns":5.0},{"damage":7.0,"enemies":"2 Louse","floor":4.0,"turns":3.0},{"damage":20,"enemies":"Gremlin Nob","floor":7,"turns":4},{"damage":5,"enemies":"Gremlin Gang","floor":8,"turns":6},{"damage":1,"enemies":"Looter","floor":11,"turns":3},{"damage":16,"enemies":"3 Sentries","floor":14,"turns":10},{"damage":11,"enemies":"Hexaghost","floor":16,"turns":12}],"seed_played":"7216537544851437451","potions_obtained":[{"floor":4.0,"key":"FearPotion"},{"floor":8,"key":"GamblersBrew"},{"floor":14,"key":"LiquidBronze"}],"is_trial":false,"path_per_floor":["M","?","M","M","$","R","E","M","T","R","M","?","$","E","R","B",null],"character_chosen":"THE_SILENT","items_purchased":["Well Laid Plans","Backstab"],"campfire_rested":0,"item_purchase_floors":[5,13],"current_hp_per_floor":[56,45,44,37,37,37,39,46,46,46,45,45,45,41,41,42,62,62],"gold":186,"neow_bonus":"BOSS_RELIC","is_daily":false,"chose_seed":false,"campfire_upgraded":3,"win_rate":0.0,"timestamp":1608414537,"path_taken":["M","?","M","M","$","R","E","M","T","R","M","?","$","E","R","BOSS"],"items_purchased_type":["Card","Card"],"build_version":"2020-12-13","purchased_purges":0,"victory":false,"max_hp_per_floor":[66,66,66,66,66,66,76,76,76,76,76,69,69,69,69,69,69,69],"card_choices":[{"not_picked":["Backflip","Prepared"],"picked":"Dagger Throw","floor":1.0},{"not_picked":["Outmaneuver","Quick Slash","Accuracy"],"picked":"SKIP","floor":3.0},{"not_picked":["Backflip","Dagger Throw"],"picked":"Poisoned Stab","floor":4.0},{"not_picked":["Caltrops","Dagger Throw","Accuracy"],"picked":"SKIP","floor":7},{"not_picked":["Dodge and Roll","Accuracy","Skewer"],"picked":"SKIP","floor":8},{"not_picked":["Backflip","Dagger Spray"],"picked":"After Image","floor":11},{"not_picked":["Distraction","Grand Finale"],"picked":"Crippling Poison","floor":14},{"not_picked":["Storm of Steel","Grand Finale"],"picked":"Die Die Die","floor":16}],"player_experience":1096626,"relics_obtained":[{"floor":0.0,"key":"Tiny Chest"},{"floor":0.0,"key":"Meat on the Bone"},{"floor":0.0,"key":"Gambling Chip"},{"floor":7,"key":"Pear"},{"floor":9,"key":"Whetstone"},{"floor":14,"key":"StrikeDummy"}],"event_choices":[{"damage_healed":0.0,"max_hp_gain":0.0,"max_hp_loss":0.0,"gold_gain":0.0,"event_name":"Scrap Ooze","player_choice":"Success","floor":2.0,"gold_loss":0.0,"damage_taken":11.0,"relics_obtained":["Nunchaku"]},{"damage_healed":0,"gold_gain":0,"player_choice":"Lose Max HP","damage_taken":0,"relics_obtained":["Golden Idol"],"max_hp_gain":0,"max_hp_loss":7,"event_name":"Golden Idol","floor":12,"gold_loss":0}],"is_beta":false,"boss_relics":[{"not_picked":["Tiny House","Coffee Dripper"],"picked":"Pandora\u0027s Box"}],"items_purged_floors":[],"is_endless":false,"potions_floor_spawned":[4,8,14],"ascension_level":16}}