{"host":"31q8uht4v38sth7r","time":1608378507,"event":{"mods":["BaseMod","Colored Map","Downfall","Highlight Path","Minty Spire (QoL Compilation)","Permanent Neow","StSLib"],"gold_per_floor":[99,99,132,143,143,143,196,196,221,146,51,63,83,83,102,102,102],"floor_reached":16,"playtime":430,"items_purged":[],"score":146,"play_id":"d2bdd548-484d-43ec-8811-6e874571fe1f","local_time":"20201219194827","is_ascension_mode":true,"campfire_choices":[{"data":"1","floor":1,"key":"LIFT"},{"data":"2","floor":6,"key":"LIFT"},{"data":"3","floor":8,"key":"LIFT"},{"data":"champ:Taunt","floor":10,"key":"SMITH"}],"circlet_count":0,"master_deck":["champ:Strike","champ:Strike+1","champ:Strike","champ:Strike","champ:Defend+1","champ:Defend","champ:Defend","champ:Defend","champ:Execute+1","champ:Taunt+1","champ:FocusedDefense","champ:TornadoPunch","champ:EnchantSword","champ:GutPunch","champ:AdrenalArmor","champ:GutPunch","champ:Shatter","champ:FocusedBerserking"],"relics":["champ:ChampionCrown","Girya","Centennial Puzzle","Happy Flower","Sundial","downfall:HeartBlessingGreen"],"acts_visited":["Exordium"],"potions_floor_usage":[16],"damage_taken":[{"damage":50,"enemies":"3 Sentries","floor":3,"turns":11},{"damage":15,"enemies":"Jaw Worm","floor":4,"turns":3},{"damage":16,"enemies":"Gremlin Nob","floor":9,"turns":3},{"damage":18,"enemies":"downfall:FleeingMerchant","floor":11,"turns":4},{"damage":0,"enemies":"Small Slimes","floor":12,"turns":2},{"damage":0,"enemies":"2 Louse","floor":13,"turns":1},{"damage":7,"enemies":"Exordium Wildlife","floor":15,"turns":2},{"damage":23,"enemies":"downfall:Silent","floor":16,"turns":4}],"seed_played":"9172481996711108820","potions_obtained":[{"floor":12,"key":"Strength Potion"},{"floor":13,"key":"SteroidPotion"},{"floor":15,"key":"Weak Potion"}],"is_trial":false,"path_per_floor":["R","?","E","M","?","R","T","R","E","R","$","M","M","?","M","B"],"character_chosen":"THE_CHAMP","items_purchased":["champ:GutPunch","champ:AdrenalArmor"],"campfire_rested":0,"item_purchase_floors":[11,11],"current_hp_per_floor":[57,57,17,7,37,37,37,37,31,31,23,23,23,23,23,0,0],"gold":102,"neow_bonus":"ONE_RARE_RELIC","is_daily":false,"chose_seed":false,"campfire_upgraded":1,"win_rate":0.0,"timestamp":1608378507,"path_taken":["R","?","E","M","?","R","T","R","E","R","?","M","M","?","M","BOSS"],"items_purchased_type":["Card","Card"],"build_version":"2020-12-13","purchased_purges":0,"victory":false,"max_hp_per_floor":[90,90,90,90,90,90,90,90,90,90,90,90,90,90,90,90,90],"card_choices":[{"not_picked":["champ:Circumvent","champ:EnragedBash"],"picked":"champ:FocusedDefense","floor":3},{"not_picked":["champ:FocusedBerserking","champ:AdrenalArmor"],"picked":"champ:TornadoPunch","floor":4},{"not_picked":["champ:FanOfKnives","champ:BerserkersShout","champ:FocusedBerserking"],"picked":"SKIP","floor":9},{"not_picked":["champ:BringItOn","champ:Haymaker"],"picked":"champ:EnchantSword","floor":11},{"not_picked":["champ:GladiatorsShout","champ:FlashCut"],"picked":"champ:GutPunch","floor":12},{"not_picked":["champ:FocusedGladiator","champ:PerfectedStrike"],"picked":"champ:Shatter","floor":13},{"not_picked":["champ:GladiatorsShout","champ:IronFortress"],"picked":"champ:FocusedBerserking","floor":15}],"player_experience":1063844,"relics_obtained":[{"floor":3,"key":"Centennial Puzzle"},{"floor":7,"key":"Happy Flower"},{"floor":9,"key":"Sundial"}],"event_choices":[{"damage_healed":30,"gold_gain":0,"player_choice":"Banana","damage_taken":0,"max_hp_gain":0,"max_hp_loss":0,"event_name":"Big Fish","floor":5,"gold_loss":0},{"cards_removed":["Regret"],"damage_healed":0,"gold_gain":0,"player_choice":"Card Removal","damage_taken":0,"max_hp_gain":0,"max_hp_loss":0,"event_name":"The Cleric","floor":14,"gold_loss":0}],"is_beta":false,"boss_relics":[],"items_purged_floors":[],"is_endless":false,"potions_floor_spawned":[12,13,15],"killed_by":"downfall:Silent","ascension_level":7}}