{"host":"v4s5k3c6jywmeofl","time":1608416264,"event":{"mods":["Act Like it!","BaseMod","Colored Map","Downfall","Gensokyo","Hallownest","Hermit","Marisa????????","Minty Spire (QoL Compilation)","Quick Restart","Random Character Button","Rare Cards Sparkle","Replay The Spire","StSLib","The Animator","The Bug Knight","The Cursed","The Hierophant","The Servant 0.9.4"],"gold_per_floor":[209,209,224,236,254,254,254,254,300,313,112,146,146,171,171,269,269,280,230,246,23,23,23,0,0,51,65,80,80,80],"floor_reached":29,"playtime":1691,"items_purged":["HollowMod:NailStrikeStart"],"score":233,"play_id":"56084b25-80dd-4042-8379-41f3c1c1816b","local_time":"20201219171744","is_ascension_mode":false,"campfire_choices":[{"data":"HollowMod:MantisMark","floor":6,"key":"SMITH"},{"data":"HollowMod:QuirrelsAssistance","floor":8,"key":"SMITH"},{"data":"HollowMod:SiblingsSouls","floor":15,"key":"SMITH"},{"floor":23,"key":"REST"},{"data":"HollowMod:SoulShaman","floor":25,"key":"SMITH"}],"circlet_count":0,"master_deck":["HollowMod:NailStrikeStart","HollowMod:NailStrikeStart","HollowMod:NailStrikeStart","HollowMod:QuickDashStart","HollowMod:QuickDashStart","HollowMod:QuickDashStart","HollowMod:QuickDashStart+1","HollowMod:FocusHealStart","HollowMod:PogoStrike","HollowMod:SoulEater+1","HollowMod:QuirrelsAssistance+1","HollowMod:DashSlash","HollowMod:MantisMark+1","CommonCold","HollowMod:SiblingsSouls+1","HollowMod:HowlingWraiths","HollowMod:CornifersMapStart","HollowMod:SoulShaman+1","HollowMod:Hiveblood+1","HollowMod:ChannelNail+1","HollowMod:SoulStrike","HollowMod:HuntersJournal+1"],"relics":["HollowMod:VesselMask","Ring of Fury","Ring of Peace","Strange Spoon","PreservedInsect","Bag of Marbles","Velvet Choker","Guide Book","Blue Doll"],"acts_visited":["Hallownest:Greenpath","Gensokyo:Gensokyoer"],"potions_floor_usage":[29,29],"damage_taken":[{"damage":6,"enemies":"2_ Uuma","floor":1,"turns":5},{"damage":5,"enemies":"Hallownest:monsterHuskWarrior","floor":3,"turns":7},{"damage":10,"enemies":"Hallownest:2_MossCreeps","floor":4,"turns":7},{"damage":32,"enemies":"Hallownest:1_Ooma_and_2_Uuma","floor":5,"turns":8},{"damage":0,"enemies":"Hallownest:monsterMossCharger","floor":10,"turns":4},{"damage":3,"enemies":"Hallownest:eliteCrystalGuardian","floor":12,"turns":5},{"damage":8,"enemies":"Hallownest:eliteVengeflyKing","floor":14,"turns":5},{"damage":52,"enemies":"Hallownest:BossFalseKnight","floor":16,"turns":10},{"damage":31,"enemies":"Gensokyo:2_Gloops","floor":18,"turns":5},{"damage":28,"enemies":"Gensokyo:AngelMirror","floor":20,"turns":4},{"damage":23,"enemies":"Gensokyo:Wraith","floor":27,"turns":6},{"damage":20,"enemies":"Gensokyo:Monolith_and_Dog","floor":28,"turns":7},{"damage":60,"enemies":"Gensokyo:Chomper_and_Gloop","floor":29,"turns":4}],"seed_played":"3912141042897274303","potions_obtained":[{"floor":4,"key":"Strength Potion"},{"floor":5,"key":"Dexterity Potion"},{"floor":10,"key":"Weak Potion"}],"is_trial":false,"path_per_floor":["M","?","M","M","M","R","?","R","T","M","$","E","?","E","R_BF","B",null,"M","?","M","$","$","R","?","R","T","M","M","M"],"character_chosen":"THE_BUGKNIGHT","items_purchased":["HollowMod:HowlingWraiths","Strange Spoon","Guide Book"],"campfire_rested":1,"item_purchase_floors":[11,11,21],"current_hp_per_floor":[75,66,73,71,51,51,51,51,51,57,57,54,72,69,69,27,75,50,57,29,29,29,53,53,53,53,36,26,0,0],"gold":80,"neow_bonus":"HUNDRED_GOLD","is_daily":false,"chose_seed":false,"campfire_upgraded":4,"win_rate":0.0,"timestamp":1608416264,"path_taken":["M","?","M","M","M","R","?","R","T","M","$","E","?","E","R_BF","BOSS","M","?","M","?","$","R","?","R","T","?","M","?"],"items_purchased_type":["Card","Relic","Relic"],"build_version":"2020-12-13","purchased_purges":1,"victory":false,"max_hp_per_floor":[75,75,75,75,75,75,75,75,75,75,75,75,75,75,75,75,75,75,82,82,82,82,82,82,82,82,82,82,82,82],"card_choices":[{"not_picked":["HollowMod:LifebloodCocoon","HollowMod:InfectedCysts"],"picked":"HollowMod:SoulEater","floor":1},{"not_picked":["HollowMod:BlackTendrils","HollowMod:MonarchWings"],"picked":"HollowMod:QuirrelsAssistance","floor":3},{"not_picked":["HollowMod:MothsMistake","HollowMod:DoubleDash"],"picked":"HollowMod:DashSlash","floor":4},{"not_picked":["HollowMod:SoulStrike","HollowMod:AbyssShriek"],"picked":"HollowMod:MantisMark","floor":5},{"not_picked":["HollowMod:DescendingDark","HollowMod:ZotesMagnificence"],"picked":"HollowMod:SiblingsSouls","floor":10},{"not_picked":["HollowMod:DescendingDark","HollowMod:ShadowDash"],"picked":"HollowMod:CornifersMapStart","floor":12},{"not_picked":["HollowMod:SoulMaster","HollowMod:HornetsHelp"],"picked":"HollowMod:SoulShaman","floor":14},{"not_picked":["HollowMod:VoidDash","HollowMod:LifebloodCore"],"picked":"HollowMod:Hiveblood","floor":16},{"not_picked":["HollowMod:ShadowDash","HollowMod:GoodIntentions"],"picked":"HollowMod:ChannelNail+1","floor":18},{"not_picked":["HollowMod:DashSlash","HollowMod:MonarchWings"],"picked":"HollowMod:SoulStrike","floor":20},{"not_picked":["HollowMod:HowlingWraiths","HollowMod:DescendingDark","HollowMod:AbyssShriek+1"],"picked":"SKIP","floor":27},{"not_picked":["HollowMod:QuirrelsAssistance","HollowMod:PureNailStrike"],"picked":"HollowMod:HuntersJournal+1","floor":28}],"player_experience":90604,"relics_obtained":[{"floor":7,"key":"Ring of Fury"},{"floor":7,"key":"Ring of Peace"},{"floor":12,"key":"PreservedInsect"},{"floor":14,"key":"Bag of Marbles"},{"floor":26,"key":"Blue Doll"}],"event_choices":[],"is_beta":false,"boss_relics":[{"not_picked":["SacredBark","Replay:Wanted Poster"],"picked":"Velvet Choker"}],"items_purged_floors":[21],"is_endless":false,"potions_floor_spawned":[4,5,10,12,14,18,27,28],"killed_by":"Gensokyo:Chomper_and_Gloop","ascension_level":0}}