{"host":"dx8mnueonnkh60qu","time":1608369165,"event":{"mods":["AchievementEnabler","Act Like it!","Aspiration","BaseMod","Better Silent Start","Better Third Choice","Defuse TimeMaze Blight","Dota2Spire","Downfall","Hubris","Marked Mod","Minty Spire (QoL Compilation)","Rare Cards Sparkle","Relic Stats","Robot Space Explorer","Spicy Shops","Spikes Relics","StSLib","SuperFastMode","The Blue Laboratory"],"gold_per_floor":[99,132,132,132,132,145,145,145,164,164,264,279,298,318,338,436,436,436,463,463,474,485,485],"floor_reached":22,"playtime":784,"items_purged":[],"score":206,"play_id":"52a3ed76-19e7-4c80-9784-21060b592770","local_time":"20201219041245","is_ascension_mode":false,"campfire_choices":[{"data":"sneckomod:SnekBite","floor":1,"key":"SMITH"},{"data":"expansioncontent:StudyTheSpire","floor":3,"key":"SMITH"},{"data":"sneckomod:WideSting","floor":8,"key":"SMITH"},{"floor":10,"key":"REST"},{"data":"sneckomod:CheapStock","floor":18,"key":"SMITH"},{"floor":20,"key":"REST"}],"circlet_count":0,"master_deck":["sneckomod:Strike","sneckomod:Defend","sneckomod:Defend","sneckomod:TailWhip","sneckomod:SnekBite+1","sneckomod:Unknown","sneckomod:Unknown","Parasite","expansioncontent:StudyTheSpire+1","sneckomod:WideSting+1","sneckomod:WideSting+1","sneckomod:UnknownBlock","sneckomod:UnknownUncommonPower","sneckomod:SoulRoll","sneckomod:UnknownBlock","sneckomod:CheapStock+1","sneckomod:SoulCleanse","sneckomod:SlitherStrike","sneckomod:ImprovisedGuard","sneckomod:SerpentMind","sneckomod:SoulRoll+1","sneckomod:SoulDraw"],"relics":["sneckomod:SneckoSoul","Strawberry","Mummified Hand","Dota2Spire:RefresherOrb","Ornamental Fan"],"acts_visited":["Exordium","TheCity"],"potions_floor_usage":[],"damage_taken":[{"damage":31,"enemies":"3 Sentries","floor":2,"turns":7},{"damage":9,"enemies":"2 Louse","floor":6,"turns":3},{"damage":4,"enemies":"Cultist","floor":9,"turns":3},{"damage":40,"enemies":"downfall:Heads","floor":11,"turns":5},{"damage":3,"enemies":"Jaw Worm","floor":12,"turns":2},{"damage":6,"enemies":"2 Fungi Beasts","floor":13,"turns":4},{"damage":0,"enemies":"3 Louse","floor":14,"turns":1},{"damage":20,"enemies":"Gremlin Gang","floor":15,"turns":4},{"damage":1,"enemies":"downfall:Watcher","floor":16,"turns":4},{"damage":56,"enemies":"Gremlin Leader","floor":19,"turns":7},{"damage":10,"enemies":"Chosen","floor":21,"turns":5},{"damage":29,"enemies":"Shelled Parasite and Fungi","floor":22,"turns":6}],"seed_played":"-2897870692287949277","potions_obtained":[{"floor":13,"key":"Dota2Spire:Clarity"},{"floor":14,"key":"blueLaboratory:BottleOfVodka"}],"is_trial":false,"path_per_floor":["R","E","R","?","?","M","T","R","M","R","?","M","M","M","M","B",null,"R","E","R","M","M"],"character_chosen":"THE_SNECKO","items_purchased":[],"campfire_rested":2,"item_purchase_floors":[],"current_hp_per_floor":[90,66,66,66,66,58,58,58,55,84,45,42,36,36,16,15,100,100,48,78,68,39,39],"gold":485,"neow_bonus":"RANDOM_COLORLESS_2","is_daily":false,"chose_seed":false,"campfire_upgraded":4,"win_rate":0.0,"timestamp":1608369165,"path_taken":["R","E","R","?","?","M","T","R","?","R","?","M","M","M","M","BOSS","R","E","R","M","M"],"items_purchased_type":[],"build_version":"2020-12-13","purchased_purges":0,"victory":false,"max_hp_per_floor":[90,97,97,97,97,98,98,98,99,99,100,100,100,100,100,100,100,100,100,100,100,100,100],"relic_stats":{"counters":[12,51],"Mummified Hand":[34],"Ornamental Fan":[16],"obtain_stats":[{"Mummified Hand":7,"Ornamental Fan":19,"Strawberry":2,"Dota2Spire:RefresherOrb":17,"sneckomod:SneckoSoul":0},{"Mummified Hand":2,"Ornamental Fan":10,"Strawberry":1,"Dota2Spire:RefresherOrb":9,"sneckomod:SneckoSoul":0},{"Mummified Hand":10,"Ornamental Fan":40,"Strawberry":7,"Dota2Spire:RefresherOrb":33,"sneckomod:SneckoSoul":0}]},"card_choices":[{"not_picked":["expansioncontent:QuickStudy","Thinking Ahead"],"picked":"expansioncontent:StudyTheSpire","floor":0},{"not_picked":["sneckomod:UnknownVulnerable","sneckomod:Unknown1Cost"],"picked":"sneckomod:WideSting","floor":2},{"not_picked":["sneckomod:UnknownVulnerable","sneckomod:UnknownCommonAttack"],"picked":"sneckomod:UnknownBlock","floor":6},{"not_picked":["sneckomod:Unknown2Cost","sneckomod:RainOfDice"],"picked":"sneckomod:UnknownUncommonPower","floor":9},{"not_picked":["sneckomod:WideSting","sneckomod:Unknown1Cost"],"picked":"sneckomod:UnknownBlock","floor":11},{"not_picked":["sneckomod:SlitherStrike","sneckomod:QuickMove"],"picked":"sneckomod:CheapStock","floor":12},{"not_picked":["sneckomod:UnknownDexterity","sneckomod:UnknownClassBLUE"],"picked":"sneckomod:SoulCleanse","floor":13},{"not_picked":["sneckomod:UnknownDexterity","sneckomod:UnknownClassROBOT_ORANGE_COLOR"],"picked":"sneckomod:SlitherStrike","floor":14},{"not_picked":["sneckomod:UnknownEthereal","sneckomod:UnknownClassROBOT_ORANGE_COLOR"],"picked":"sneckomod:ImprovisedGuard","floor":15},{"not_picked":["sneckomod:UnknownRareSkill","sneckomod:MorePower"],"picked":"sneckomod:SerpentMind","floor":16},{"not_picked":["sneckomod:WideSting","sneckomod:Unknown3Cost"],"picked":"sneckomod:SoulRoll+1","floor":19},{"not_picked":["sneckomod:ImprovisedAttack","sneckomod:QuickMove"],"picked":"sneckomod:SoulDraw","floor":21}],"player_experience":564394,"relics_obtained":[{"floor":2,"key":"Strawberry"},{"floor":7,"key":"Mummified Hand"},{"floor":19,"key":"Ornamental Fan"}],"event_choices":[{"damage_healed":0,"gold_gain":0,"cards_transformed":["sneckomod:Strike"],"player_choice":"Transformed","damage_taken":0,"max_hp_gain":0,"max_hp_loss":0,"event_name":"Transmorgrifier","floor":5,"gold_loss":0,"cards_obtained":["sneckomod:WideSting"]}],"is_beta":false,"boss_relics":[{"not_picked":["Calling Bell","Runic Dome"],"picked":"Dota2Spire:RefresherOrb"}],"items_purged_floors":[],"is_endless":false,"potions_floor_spawned":[13,14],"killed_by":"Shelled Parasite and Fungi","ascension_level":0}}