{"host":"cfluht5kr2kfk9p9","time":1608360589,"event":{"mods":["ATMod(阿瑾Mod)","BaseMod","GungeonMod","Highlight Path","Koishi","Minty Spire (QoL Compilation)","Quick Restart","Rare Cards Sparkle","Relic Stats","Replay The Spire","RumiaBox-露米娅的神秘盒子","Spicy Shops","StSLib","TestMod","The Alterego","[IsaacMod]以撒尖塔","【功能Mod】混沌之环修复补丁","【遗物卡牌】REMEMod"],"gold_per_floor":[112,130,148,247,259,290,307,307,307,341,360,360,360,375,375,469,469,484,118,217,167,176,30,56,56,56,56,74,16,34,62,62,157,157,176,187,204,204,204,204,230,329,329,329,338,348,348,362,362,362],"floor_reached":51,"playtime":2241,"items_purged":["Strike_R","Strike_R"],"score":1029,"play_id":"c952fa26-7a4e-499d-a422-d6ae61f3e2c3","local_time":"20201219144949","is_ascension_mode":false,"campfire_choices":[{"data":"DoctorFetus","floor":8.0,"key":"SMITH"},{"data":"Armaments","floor":13.0,"key":"SMITH"},{"data":"Strike_R","floor":15.0,"key":"PURGE"},{"data":"Juggernaut","floor":25.0,"key":"SMITH"},{"floor":32.0,"key":"REST"},{"data":"Fire Breathing","floor":40,"key":"SMITH"},{"floor":47,"key":"REST"},{"floor":49,"key":"REST"}],"circlet_count":0,"master_deck":["Strike_R+1","Defend_R+1","Defend_R+1","Defend_R+1","Defend_R+1","Bash","DoctorFetus+1","alterego_mod:Nekomimi","AT_HeatAcrobatics","Replay:Undeath\u0027s Touch","Bloodletting","AT_DiedThrough","Dark Embrace","AT_BodySlamDance","REME_FearOfPain","Armaments+1","AT_CaressingTears","REME_ACTH","AT_GerminateFire+1","True Grit+1","Flame Barrier","Juggernaut+1","Shrug It Off","Shame","Shrug It Off+1","DemoMod:BlackBlade","DemoMod:WhiteBlade","Feed","Pummel+1","Fire Breathing+1","Whirlwind","Inflame+1","Armaments+1"],"relics":["HushsDoor","REME_ComplimentaryCards","testmod-TestBox","AT_ATBox","testmod-Charity","UnicornStump","Velvet Choker","testmod-Acrobat","DeathBook","Simple Rune","Philosopher\u0027s Stone","JudasShadow","DemoMod:BigBoy","Juzu Bracelet","Chaos","Replay:Bottled Eggs","testmod-CasingShield","REME_CardOfGreed","PunchingBag","Juzu Bracelet","Replay:Mystery Machine","Torii"],"acts_visited":["Exordium","TheCity","TheBeyond"],"potions_floor_usage":[],"damage_taken":[{"damage":1.0,"enemies":"2 Louse","floor":1.0,"turns":3.0},{"damage":1.0,"enemies":"Cultist","floor":2.0,"turns":4.0},{"damage":11.0,"enemies":"Jaw Worm","floor":3.0,"turns":4.0},{"damage":10.0,"enemies":"Looter","floor":5.0,"turns":2.0},{"damage":13.0,"enemies":"Replay:BlueRogue","floor":6.0,"turns":5.0},{"damage":23.0,"enemies":"2 Fungi Beasts","floor":7.0,"turns":5.0},{"damage":0.0,"enemies":"Lagavulin","floor":10.0,"turns":7.0},{"damage":2.0,"enemies":"Lots of Slimes","floor":11.0,"turns":1.0},{"damage":0.0,"enemies":"Looter","floor":14.0,"turns":3.0},{"damage":6.0,"enemies":"Fading Forest","floor":16.0,"turns":10.0},{"damage":30.0,"enemies":"Spheric Guardian","floor":18.0,"turns":5.0},{"damage":0.0,"enemies":"3 Byrds","floor":22.0,"turns":1.0},{"damage":10.0,"enemies":"Replay:Snechameleon","floor":24.0,"turns":6.0},{"damage":34.0,"enemies":"Snake Plant","floor":28.0,"turns":3.0},{"damage":4.0,"enemies":"Centurion and Healer","floor":30.0,"turns":4.0},{"damage":30.0,"enemies":"Gremlin Leader","floor":31.0,"turns":6.0},{"damage":33.0,"enemies":"Pondfish","floor":33.0,"turns":9.0},{"damage":39.0,"enemies":"3 Darklings","floor":35.0,"turns":4.0},{"damage":8.0,"enemies":"Orb Walker","floor":36.0,"turns":4.0},{"damage":73.0,"enemies":"Writhing Mass","floor":37.0,"turns":6.0},{"damage":119,"enemies":"Reptomancer","floor":41,"turns":5},{"damage":1,"enemies":"Transient","floor":45,"turns":5},{"damage":30,"enemies":"Sphere and 2 Shapes","floor":46,"turns":4},{"damage":46,"enemies":"Spire Growth","floor":48,"turns":6},{"damage":124,"enemies":"Awakened One","floor":50,"turns":10}],"seed_played":"8768737548329543296","potions_obtained":[{"floor":2.0,"key":"FearPotion"},{"floor":5.0,"key":"Block Potion"},{"floor":6.0,"key":"AttackPotion"},{"floor":11.0,"key":"Energy Potion"},{"floor":16.0,"key":"FearPotion"},{"floor":18.0,"key":"SkillPotion"},{"floor":28.0,"key":"Strength Potion"},{"floor":31.0,"key":"Death Potion"},{"floor":35.0,"key":"BloodPotion"},{"floor":45,"key":"FairyPotion"}],"is_trial":false,"path_per_floor":["M","M","M","?","M","E","M","R","T","E","M","?","R","M","R","B",null,"M","$","?","?","M","$","E","R","T","?","M","$","M","E","R","B",null,"M","M","M","$","?","R","E","?","T","?","M","M","R","M","R","B",null],"character_chosen":"IRONCLAD","items_purchased":["JudasShadow","DemoMod:BigBoy","Juzu Bracelet","Chaos","REME_CardOfGreed"],"campfire_rested":3,"item_purchase_floors":[17,19,19,23,29],"current_hp_per_floor":[80,80,70,71,63,51,39,39,39,48,49,49,49,56,56,110,119,105,105,106,106,109,109,117,117,117,117,92,92,98,82,135,123,194,201,199,136,136,136,136,24,25,25,25,31,5,75,40,112,9],"gold":362,"neow_bonus":"BOSS_RELIC","is_daily":false,"chose_seed":false,"campfire_upgraded":4,"win_rate":0.0,"timestamp":1608360589,"path_taken":["M","M","M","?","M","E","M","R","T","E","M","?","R","M","R","BOSS","M","$","?","?","M","$","E","R","T","?","M","?","M","E","R","BOSS","M","M","M","$","?","R","E","?","T","?","M","M","R","M","R","BOSS"],"items_purchased_type":["Relic","Relic","Relic","Card","Relic"],"build_version":"2020-12-13","purchased_purges":2,"victory":true,"max_hp_per_floor":[81,82,83,84,86,87,98,98,98,107,110,110,110,115,115,137,119,132,132,133,133,136,136,150,150,150,150,157,157,165,177,177,194,194,201,205,215,215,215,215,222,223,223,223,230,234,234,241,241,9],"relic_stats":{"Torii":7,"counters":[25,122],"Juzu Bracelet":1,"obtain_stats":[{"Chaos":23,"UnicornStump":0,"AT_ATBox":0,"Torii":43,"DemoMod:BigBoy":19,"DemoMod:GlassGuonStoneRelic":1,"Juzu Bracelet":19,"Replay:Mystery Machine":41,"Burning Blood":0,"testmod-Charity":0,"testmod-CasingShield":26,"DeathBook":9,"Philosopher\u0027s Stone":17,"Replay:Bottled Eggs":24,"KeepersGift":0,"testmod-TestBox":0,"PunchingBag":31,"JudasShadow":17,"Velvet Choker":0,"testmod-Acrobat":6,"Simple Rune":10,"REME_CardOfGreed":29,"AT_SunfireAegis":34,"HushsDoor":0,"REME_ComplimentaryCards":0},{"Chaos":12,"UnicornStump":0,"AT_ATBox":0,"Torii":21,"DemoMod:BigBoy":11,"DemoMod:GlassGuonStoneRelic":1,"Juzu Bracelet":11,"Replay:Mystery Machine":21,"Burning Blood":0,"testmod-Charity":0,"testmod-CasingShield":13,"DeathBook":6,"Philosopher\u0027s Stone":10,"Replay:Bottled Eggs":13,"KeepersGift":0,"testmod-TestBox":0,"PunchingBag":16,"JudasShadow":10,"Velvet Choker":0,"testmod-Acrobat":5,"Simple Rune":7,"REME_CardOfGreed":14,"AT_SunfireAegis":17,"HushsDoor":0,"REME_ComplimentaryCards":0},{"Chaos":50,"UnicornStump":0,"AT_ATBox":0,"Torii":97,"DemoMod:BigBoy":49,"DemoMod:GlassGuonStoneRelic":3,"Juzu Bracelet":49,"Replay:Mystery Machine":97,"Burning Blood":0,"testmod-Charity":0,"testmod-CasingShield":56,"DeathBook":23,"Philosopher\u0027s Stone":44,"Replay:Bottled Eggs":56,"KeepersGift":0,"testmod-TestBox":0,"PunchingBag":69,"JudasShadow":44,"Velvet Choker":0,"testmod-Acrobat":18,"Simple Rune":30,"REME_CardOfGreed":59,"AT_SunfireAegis":78,"HushsDoor":0,"REME_ComplimentaryCards":0}]},"card_choices":[{"not_picked":[],"picked":"DoctorFetus","floor":0.0},{"not_picked":["ReplayTheSpireMod:Limb From Limb","Sword Boomerang","Inflame"],"picked":"SKIP","floor":1.0},{"not_picked":["Thunderclap","Headbutt"],"picked":"Replay:Undeath\u0027s Touch","floor":2.0},{"not_picked":["Burning Pact","Replay:Undeath\u0027s Touch"],"picked":"Bloodletting","floor":3.0},{"not_picked":["AT_BodySlamDance","ReplayTheSpireMod:Strike From Hell"],"picked":"AT_DiedThrough","floor":4.0},{"not_picked":["ReplayTheSpireMod:LeadingStrike","REME_Cut"],"picked":"Dark Embrace","floor":5.0},{"not_picked":["Iron Wave","Run Through"],"picked":"AT_BodySlamDance","floor":6.0},{"not_picked":["Warcry","Thunderclap"],"picked":"REME_FearOfPain","floor":7.0},{"not_picked":["Massacre","Iron Wave"],"picked":"Armaments","floor":10.0},{"not_picked":["AT_IchimonjiDouble","Warcry"],"picked":"AT_CaressingTears","floor":11.0},{"not_picked":["Iron Wave","Headbutt","Sword Boomerang"],"picked":"SKIP","floor":14.0},{"not_picked":["REME_Fury","REME_TheLastStrike"],"picked":"REME_ACTH","floor":16.0},{"not_picked":["ReplayTheSpireMod:Strike From Hell+1","Twin Strike"],"picked":"AT_GerminateFire+1","floor":18.0},{"not_picked":["Inflame","Anger+1"],"picked":"True Grit+1","floor":20.0},{"not_picked":["Flex","AT_IchimonjiDouble"],"picked":"Flame Barrier","floor":22.0},{"not_picked":["Cleave+1","Anger+1"],"picked":"Juggernaut","floor":24.0},{"not_picked":["Iron Wave+1","ReplayTheSpireMod:LeadingStrike"],"picked":"Shrug It Off","floor":28.0},{"not_picked":["Hemokinesis","Metallicize+1"],"picked":"Shrug It Off+1","floor":30.0},{"not_picked":["Iron Wave","Double Tap"],"picked":"DemoMod:BlackBlade","floor":31.0},{"not_picked":["Eclipse","Replay:Many Hands"],"picked":"Feed","floor":33.0},{"not_picked":["Thunderclap+1","AT_BodySlamDance+1"],"picked":"Pummel+1","floor":35.0},{"not_picked":["Ghostly Armor","Iron Wave"],"picked":"Fire Breathing","floor":36.0},{"not_picked":["Flex+1","Combust","Shrug It Off"],"picked":"SKIP","floor":37.0},{"not_picked":["True Grit+1","Sword Boomerang"],"picked":"Whirlwind","floor":41},{"not_picked":["Pommel Strike+1","Intimidate+1"],"picked":"Inflame+1","floor":45},{"not_picked":["Run Through","Perfected Strike"],"picked":"Armaments+1","floor":46},{"not_picked":["Metallicize","Pommel Strike","Thunderclap"],"picked":"SKIP","floor":48}],"player_experience":1026,"relics_obtained":[{"floor":6.0,"key":"testmod-Acrobat"},{"floor":9.0,"key":"DeathBook"},{"floor":10.0,"key":"Simple Rune"},{"floor":24.0,"key":"Replay:Bottled Eggs"},{"floor":26.0,"key":"testmod-CasingShield"},{"floor":31.0,"key":"PunchingBag"},{"floor":41,"key":"Replay:Mystery Machine"},{"floor":43,"key":"Torii"}],"event_choices":[{"damage_healed":0.0,"max_hp_gain":0.0,"max_hp_loss":0.0,"gold_gain":0.0,"cards_transformed":["Strike_R"],"event_name":"Transmorgrifier","player_choice":"Transformed","floor":12.0,"gold_loss":0.0,"damage_taken":0.0,"cards_obtained":["Dropkick"]},{"damage_healed":0.0,"max_hp_gain":0.0,"max_hp_loss":0.0,"gold_gain":0.0,"event_name":"The Joust","player_choice":"Bet on Murderer","floor":21.0,"gold_loss":50.0,"damage_taken":0.0},{"damage_healed":0.0,"max_hp_gain":0.0,"max_hp_loss":0.0,"gold_gain":0.0,"event_name":"Back to Basics","player_choice":"Simplicity","floor":27.0,"gold_loss":0.0,"damage_taken":0.0,"cards_upgraded":["Strike_R","Defend_R","Defend_R","Defend_R","Defend_R"]},{"damage_healed":0,"gold_gain":0,"player_choice":"Swap Relic","damage_taken":0,"relics_obtained":["Juzu Bracelet"],"max_hp_gain":0,"max_hp_loss":0,"event_name":"给自己的盒子","floor":39,"relics_lost":["AT_SunfireAegis"],"gold_loss":0},{"damage_healed":0,"gold_gain":100,"player_choice":"Pray","damage_taken":0,"max_hp_gain":0,"max_hp_loss":0,"event_name":"Golden Shrine","floor":42,"gold_loss":0},{"cards_removed":["Dropkick"],"damage_healed":0,"gold_gain":0,"player_choice":"Removed Attack","damage_taken":0,"max_hp_gain":0,"max_hp_loss":0,"event_name":"Falling","floor":44,"gold_loss":0}],"is_beta":false,"boss_relics":[{"not_picked":["Cursed Key","testmod-CardMagician"],"picked":"Philosopher\u0027s Stone"},{"not_picked":[]},{"not_picked":["testmod-IncinerationGenerator","REME_DuelDisc"],"picked":"AT_SunfireAegis"},{"not_picked":[]}],"items_purged_floors":[17,19],"is_endless":false,"potions_floor_spawned":[2,5,6,11,16,18,28,31,33,35,45],"ascension_level":0}}