{"host":"cc187","time":1608384950,"event":{"mods":["AchievementEnabler","BaseMod","Bestiary","Colored Map","Colored Powertips","Highlight Path","Keyboard Shortcuts","Minty Spire (QoL Compilation)","Quick Restart","Rare Cards Sparkle","Relic Stats","StSLib","SuperFastMode","Synergy Search"],"gold_per_floor":[113,129,141,37,52,84,159,84,154,154,172,172,187,215,215,290,290,300,285,335,335,114,114,144,144,144,144,19,44,0,17,17,94,94,108,108,56,66,14,14,48,48,95,111,137,137,137],"floor_reached":46,"playtime":4175,"items_purged":["Strike_G","Defend_G","Strike_G"],"score":1058,"play_id":"ba3037cd-6dd8-4d0b-be73-1dd8c358bf35","local_time":"20201219133550","is_ascension_mode":true,"campfire_choices":[{"floor":10,"key":"REST"},{"data":"Cloak And Dagger","floor":12,"key":"SMITH"},{"floor":15,"key":"REST"},{"data":"Wraith Form v2","floor":23,"key":"SMITH"},{"data":"Burst","floor":25,"key":"SMITH"},{"floor":27,"key":"REST"},{"floor":32,"key":"REST"},{"floor":40,"key":"REST"},{"data":"Neutralize","floor":42,"key":"SMITH"}],"circlet_count":0,"master_deck":["AscendersBane","Strike_G","Strike_G","Defend_G","Defend_G","Defend_G","Defend_G","Survivor","Neutralize+1","Blade Dance","Cloak And Dagger+1","Accuracy","Blade Dance","Acrobatics","Choke","Well Laid Plans","Wraith Form v2+1","Terror","Burst+1","Dodge and Roll","Backflip","Dagger Throw+1","Cloak And Dagger","Finisher","Calculated Gamble","Backflip","Bullet Time","Footwork","Doppelganger","PiercingWail","Prepared+1","Blade Dance","Backflip","Well Laid Plans+1","Night Terror"],"relics":["Ring of the Snake","Prayer Wheel","Paper Crane","Pen Nib","Sozu","Bird Faced Urn","Letter Opener","WristBlade","Dream Catcher","Oddly Smooth Stone","Juzu Bracelet"],"acts_visited":["Exordium","TheCity","TheBeyond"],"potions_floor_usage":[6,6,24,35],"damage_taken":[{"damage":0,"enemies":"Cultist","floor":1,"turns":4},{"damage":0,"enemies":"Small Slimes","floor":2,"turns":4},{"damage":1,"enemies":"2 Louse","floor":3,"turns":3},{"damage":22,"enemies":"Large Slime","floor":5,"turns":6},{"damage":13,"enemies":"Gremlin Nob","floor":6,"turns":4},{"damage":4,"enemies":"Blue Slaver","floor":11,"turns":3},{"damage":9,"enemies":"Exordium Thugs","floor":13,"turns":5},{"damage":19,"enemies":"3 Sentries","floor":14,"turns":9},{"damage":0,"enemies":"Slime Boss","floor":16,"turns":5},{"damage":12,"enemies":"Shell Parasite","floor":18,"turns":4},{"damage":12,"enemies":"2 Thieves","floor":19,"turns":4},{"damage":8,"enemies":"Slavers","floor":24,"turns":5},{"damage":21,"enemies":"Book of Stabbing","floor":29,"turns":5},{"damage":8,"enemies":"Cultist and Chosen","floor":31,"turns":6},{"damage":35,"enemies":"Automaton","floor":33,"turns":10},{"damage":28,"enemies":"3 Darklings","floor":35,"turns":6},{"damage":0,"enemies":"Orb Walker","floor":38,"turns":1},{"damage":5,"enemies":"Giant Head","floor":41,"turns":6},{"damage":10,"enemies":"3 Darklings","floor":44,"turns":6},{"damage":16,"enemies":"Reptomancer","floor":45,"turns":5},{"damage":54,"enemies":"Writhing Mass","floor":46,"turns":4}],"seed_played":"-4130607898660635605","potions_obtained":[{"floor":1,"key":"BlessingOfTheForge"},{"floor":5,"key":"Fruit Juice"},{"floor":11,"key":"GamblersBrew"},{"floor":14,"key":"DuplicationPotion"}],"is_trial":false,"path_per_floor":["M","M","M","$","M","E","?","?","T","R","M","R","M","E","R","B",null,"M","M","?","?","$","R","E","R","T","R","$","E","$","M","R","B",null,"M","?","$","M","$","R","E","R","T","M","E","M"],"character_chosen":"THE_SILENT","items_purchased":["Blade Dance","Finisher","Calculated Gamble","Footwork","PiercingWail","Backflip"],"campfire_rested":5,"item_purchase_floors":[4,22,22,30,37,39],"current_hp_per_floor":[65,65,64,64,42,34,23,23,23,46,42,42,33,14,37,37,67,55,43,43,43,43,43,35,35,35,58,58,41,41,41,64,35,67,45,34,34,34,34,57,60,60,60,54,40,0,0],"gold":137,"neow_bonus":"TEN_PERCENT_HP_BONUS","is_daily":false,"chose_seed":false,"campfire_upgraded":4,"win_rate":0.0,"timestamp":1608384950,"path_taken":["M","?","M","$","M","E","?","?","T","R","M","R","M","E","R","BOSS","M","M","?","?","$","R","E","R","T","R","?","E","?","?","R","BOSS","M","?","?","M","$","R","E","R","T","M","E","M"],"items_purchased_type":["Card","Card","Card","Card","Card","Card"],"build_version":"2020-12-18","purchased_purges":3,"victory":false,"max_hp_per_floor":[72,72,72,72,72,77,77,77,77,77,77,77,77,77,77,77,77,77,77,77,77,77,77,77,77,77,77,77,77,77,77,77,77,77,77,77,77,77,77,77,77,77,77,77,77,77,77],"relic_stats":{"Sozu":5,"Dream Catcher":0,"counters":[21,105],"Bird Faced Urn":[44],"Prayer Wheel":8,"Pen Nib":[25],"Juzu Bracelet":0,"Letter Opener":[241],"obtain_stats":[{"Sozu":17,"Dream Catcher":41,"WristBlade":34,"Bird Faced Urn":24,"Oddly Smooth Stone":43,"Prayer Wheel":6,"Pen Nib":14,"Juzu Bracelet":45,"Letter Opener":29,"Paper Crane":9,"Ring of the Snake":0},{"Sozu":9,"Dream Catcher":18,"WristBlade":15,"Bird Faced Urn":12,"Oddly Smooth Stone":18,"Prayer Wheel":5,"Pen Nib":8,"Juzu Bracelet":20,"Letter Opener":13,"Paper Crane":5,"Ring of the Snake":0},{"Sozu":43,"Dream Catcher":90,"WristBlade":77,"Bird Faced Urn":56,"Oddly Smooth Stone":90,"Prayer Wheel":21,"Pen Nib":38,"Juzu Bracelet":101,"Letter Opener":61,"Paper Crane":21,"Ring of the Snake":0}],"Ring of the Snake":[42]},"card_choices":[{"not_picked":["Accuracy","Dagger Spray"],"picked":"Blade Dance","floor":1},{"not_picked":["Prepared","Backstab"],"picked":"Cloak And Dagger","floor":2},{"not_picked":["Outmaneuver","Deflect"],"picked":"Accuracy","floor":3},{"not_picked":["Prepared","Predator","Outmaneuver"],"picked":"SKIP","floor":5},{"not_picked":["Tactician","Flying Knee"],"picked":"Acrobatics","floor":6},{"not_picked":["Caltrops","Terror"],"picked":"Choke","floor":11},{"not_picked":["Quick Slash","Outmaneuver","Catalyst"],"picked":"SKIP","floor":11},{"not_picked":["Predator","Choke"],"picked":"Well Laid Plans","floor":13},{"not_picked":["Sucker Punch","Underhanded Strike"],"picked":"Wraith Form v2","floor":13},{"not_picked":["Dodge and Roll","Deadly Poison"],"picked":"Terror","floor":14},{"not_picked":["Glass Knife","Envenom"],"picked":"Burst","floor":16},{"not_picked":["Quick Slash","Slice"],"picked":"Dodge and Roll","floor":18},{"not_picked":["Reflex","Masterful Stab","Quick Slash"],"picked":"SKIP","floor":18},{"not_picked":["Bouncing Flask","Deflect"],"picked":"Backflip","floor":19},{"not_picked":["Poisoned Stab","Crippling Poison"],"picked":"Dagger Throw+1","floor":19},{"not_picked":["Poisoned Stab","Tactician"],"picked":"Backflip","floor":24},{"not_picked":["Heel Hook","Flechettes"],"picked":"Bullet Time","floor":29},{"not_picked":["Dagger Spray","Flying Knee+1","Skewer"],"picked":"SKIP","floor":31},{"not_picked":["Slice","Poisoned Stab","Flying Knee"],"picked":"SKIP","floor":31},{"not_picked":["Glass Knife","Storm of Steel"],"picked":"Doppelganger","floor":33},{"not_picked":["Predator","Masterful Stab","Quick Slash"],"picked":"SKIP","floor":35},{"not_picked":["Catalyst+1","Flying Knee","Quick Slash"],"picked":"SKIP","floor":35},{"not_picked":["Deadly Poison+1","Dodge and Roll"],"picked":"Prepared+1","floor":38},{"not_picked":["Flying Knee","Crippling Poison+1"],"picked":"Blade Dance","floor":38},{"not_picked":["PiercingWail","Infinite Blades","Finisher"],"picked":"SKIP","floor":41},{"not_picked":["Footwork","Prepared"],"picked":"Well Laid Plans+1","floor":44},{"not_picked":["Choke","Riddle With Holes"],"picked":"Night Terror","floor":44},{"not_picked":["Dagger Spray","Deflect","Blade Dance"],"picked":"SKIP","floor":45}],"player_experience":771384,"relics_obtained":[{"floor":6,"key":"Prayer Wheel"},{"floor":9,"key":"Paper Crane"},{"floor":14,"key":"Pen Nib"},{"floor":24,"key":"Bird Faced Urn"},{"floor":29,"key":"Letter Opener"},{"floor":41,"key":"Dream Catcher"},{"floor":43,"key":"Oddly Smooth Stone"},{"floor":45,"key":"Juzu Bracelet"}],"event_choices":[{"damage_healed":0,"gold_gain":75,"player_choice":"Gather Gold","damage_taken":11,"max_hp_gain":0,"max_hp_loss":0,"event_name":"World of Goop","floor":7,"gold_loss":0},{"cards_removed":["Strike_G"],"damage_healed":0,"gold_gain":0,"player_choice":"Card Removal","damage_taken":0,"max_hp_gain":0,"max_hp_loss":0,"event_name":"The Cleric","floor":8,"gold_loss":75},{"damage_healed":0,"gold_gain":50,"player_choice":"Stole From Cult","damage_taken":0,"max_hp_gain":0,"max_hp_loss":0,"event_name":"Nest","floor":20,"gold_loss":0},{"damage_healed":0,"gold_gain":0,"player_choice":"Read","damage_taken":0,"max_hp_gain":0,"max_hp_loss":0,"event_name":"The Library","floor":21,"gold_loss":0,"cards_obtained":["Cloak And Dagger"]},{"damage_healed":0,"gold_gain":0,"player_choice":"Damaged","damage_taken":11,"max_hp_gain":0,"max_hp_loss":0,"event_name":"Wheel of Change","floor":36,"gold_loss":0}],"is_beta":true,"boss_relics":[{"not_picked":["Runic Dome","SacredBark"],"picked":"Sozu"},{"not_picked":["Runic Pyramid","Tiny House"],"picked":"WristBlade"}],"items_purged_floors":[4,22,28],"is_endless":false,"potions_floor_spawned":[1,5,11,14,31,33,35,41,45],"killed_by":"Writhing Mass","ascension_level":16}}