{"host":"coame8l8goqx0svj","time":1608405192,"event":{"mods":["BaseMod","Downfall","Minty Spire (QoL Compilation)","StSLib"],"gold_per_floor":[99,199,225,150,150,150,150,150,150,150,135,135,135,151,164,164,164],"floor_reached":16,"playtime":479,"items_purged":[],"score":184,"play_id":"21372e25-f775-4e85-b20d-15b8d7cf8cc9","local_time":"20201219201312","is_ascension_mode":true,"campfire_choices":[{"floor":1,"key":"RECALL"},{"data":"champ:Taunt","floor":4,"key":"SMITH"},{"data":"champ:RisingSlash","floor":8,"key":"SMITH"},{"floor":10,"key":"REST"}],"circlet_count":0,"master_deck":["AscendersBane","champ:Strike","champ:Strike","champ:Strike","champ:Strike","champ:Defend","champ:Defend","champ:Defend","champ:Defend","champ:Execute","champ:Taunt+1","champ:RisingSlash+1","champ:HeartStrike","champ:RisingSlash","champ:RapidStrikes"],"relics":["champ:ChampionCrown","downfall:HeartsMalice","Guardian:GemstoneGun","downfall:HeartBlessingRed","Anchor","Smiling Mask","downfall:ShatteredFragment"],"acts_visited":["Exordium"],"potions_floor_usage":[],"damage_taken":[{"damage":0,"enemies":"3 Sentries","floor":3,"turns":1},{"damage":0,"enemies":"Small Slimes","floor":5,"turns":1},{"damage":0,"enemies":"2 Louse","floor":6,"turns":1},{"damage":11,"enemies":"downfall:FleeingMerchant","floor":11,"turns":4},{"damage":0,"enemies":"Cultist","floor":14,"turns":2},{"damage":5,"enemies":"Gremlin Gang","floor":15,"turns":2},{"damage":67,"enemies":"downfall:Silent","floor":16,"turns":7}],"seed_played":"-7483500356812290154","potions_obtained":[{"floor":3,"key":"sneckomod:MuddlingPotion"}],"is_trial":false,"path_per_floor":["R","?","E","R","M","M","T","R","?","R","$","?","?","M","M","B"],"character_chosen":"THE_CHAMP","items_purchased":[],"campfire_rested":1,"item_purchase_floors":[],"current_hp_per_floor":[81,81,81,81,81,81,81,81,63,90,90,63,58,58,58,0,0],"gold":164,"neow_bonus":"THREE_ENEMY_KILL","is_daily":false,"chose_seed":false,"campfire_upgraded":2,"win_rate":0.0,"timestamp":1608405192,"path_taken":["R","?","E","R","M","M","T","R","?","R","$","?","?","?","M","BOSS"],"items_purchased_type":[],"build_version":"2020-12-13","purchased_purges":0,"victory":false,"max_hp_per_floor":[90,90,90,90,90,90,90,90,90,90,90,90,90,90,90,90,90],"card_choices":[{"not_picked":["champ:ViciousMockery","champ:BringItOn","champ:Encircle"],"picked":"SKIP","floor":3},{"not_picked":["champ:ShieldSigil","champ:StanceDance"],"picked":"champ:RisingSlash","floor":5},{"not_picked":["champ:TornadoPunch","champ:CrookedStrike"],"picked":"champ:HeartStrike","floor":6},{"not_picked":["champ:SwordSigil","champ:SkillfulDodge","champ:Circumvent"],"picked":"SKIP","floor":11},{"not_picked":["champ:Duel","champ:EnchantSword"],"picked":"champ:RisingSlash","floor":14},{"not_picked":["champ:Circumvent","champ:Riposte"],"picked":"champ:RapidStrikes","floor":15}],"player_experience":1668651,"relics_obtained":[{"floor":3,"key":"Guardian:GemstoneGun"},{"floor":7,"key":"Anchor"}],"event_choices":[{"damage_healed":0,"gold_gain":0,"player_choice":"Success","damage_taken":18,"relics_obtained":["Smiling Mask"],"max_hp_gain":0,"max_hp_loss":0,"event_name":"Scrap Ooze","floor":9,"gold_loss":0}],"is_beta":false,"boss_relics":[],"items_purged_floors":[],"is_endless":false,"potions_floor_spawned":[3],"killed_by":"downfall:Silent","ascension_level":11}}