{"host":"u2grshebrc5rdzdn","time":1608389755,"event":{"mods":["AchievementEnabler","BaseMod","Minty Spire (QoL Compilation)","StSLib"],"gold_per_floor":[114,35,35,59,59,59,94,94,169,195,213,228,245,274,274,370,370,385,403,78,78,3,3,17,42,42,42,57,57,57,57],"floor_reached":30,"playtime":1461,"items_purged":["Strike_P"],"score":363,"play_id":"81358911-dfc1-4298-96c4-281380778f8e","local_time":"20201219155555","is_ascension_mode":true,"campfire_choices":[{"data":"Eruption","floor":6,"key":"SMITH"},{"data":"FollowUp","floor":8,"key":"SMITH"},{"data":"ClearTheMind","floor":15,"key":"SMITH"},{"floor":23,"key":"REST"},{"data":"DevaForm","floor":27,"key":"SMITH"},{"floor":29,"key":"REST"}],"circlet_count":0,"master_deck":["Strike_P+1","Strike_P+1","Strike_P+1","Defend_P+1","Defend_P+1","Defend_P+1","Eruption+1","FollowUp+1","Sanctity","ClearTheMind+1","Prostrate","Halt","SandsOfTime","Collect","Halt","DevaForm+1","Prostrate","FlurryOfBlows","Finesse","Consecrate"],"relics":["PureWater","NeowsBlessing","Bag of Marbles","Unceasing Top","Eternal Feather","Orichalcum","Akabeko","Runic Dome","HandDrill","Happy Flower","Turnip"],"acts_visited":["Exordium","TheCity"],"potions_floor_usage":[13,30,30,30],"damage_taken":[{"damage":0,"enemies":"Cultist","floor":1,"turns":1},{"damage":0,"enemies":"Lagavulin","floor":7,"turns":1},{"damage":0,"enemies":"3 Sentries","floor":10,"turns":1},{"damage":3,"enemies":"Jaw Worm","floor":11,"turns":3},{"damage":0,"enemies":"Small Slimes","floor":12,"turns":3},{"damage":9,"enemies":"Exordium Thugs","floor":13,"turns":3},{"damage":2,"enemies":"Lagavulin","floor":14,"turns":6},{"damage":42,"enemies":"Hexaghost","floor":16,"turns":9},{"damage":23,"enemies":"Spheric Guardian","floor":18,"turns":6},{"damage":17,"enemies":"Chosen","floor":19,"turns":5},{"damage":3,"enemies":"Centurion and Healer","floor":24,"turns":3},{"damage":29,"enemies":"Gremlin Leader","floor":25,"turns":4},{"damage":26,"enemies":"Shelled Parasite and Fungi","floor":28,"turns":4},{"damage":14,"enemies":"Colosseum Slavers","floor":30,"turns":5},{"damage":62,"enemies":"Colosseum Nobs","floor":30,"turns":4}],"seed_played":"-8342546156409457331","potions_obtained":[{"floor":7,"key":"Ancient Potion"},{"floor":12,"key":"Weak Potion"},{"floor":19,"key":"DuplicationPotion"},{"floor":28,"key":"Block Potion"}],"is_trial":false,"path_per_floor":["M","$","?","T","?","R","E","R","T","E","M","M","M","E","R","B",null,"M","M","$","?","?","R","M","E","T","R","M","R","?"],"character_chosen":"WATCHER","items_purchased":["Sanctity","Finesse","HandDrill"],"campfire_rested":2,"item_purchase_floors":[2,20,20],"current_hp_per_floor":[72,72,72,72,72,72,72,72,72,72,69,69,60,58,67,25,72,49,32,32,32,32,62,59,30,30,42,16,49,0,0],"gold":57,"neow_bonus":"THREE_ENEMY_KILL","is_daily":false,"chose_seed":false,"campfire_upgraded":4,"win_rate":0.0,"timestamp":1608389755,"path_taken":["M","$","?","?","?","R","E","R","T","E","M","?","M","E","R","BOSS","M","M","$","?","?","R","M","E","T","R","M","R","?"],"items_purchased_type":["Card","Card","Relic"],"build_version":"2020-12-13","purchased_purges":1,"victory":false,"max_hp_per_floor":[72,72,72,72,72,72,72,72,72,72,72,72,72,72,72,72,72,72,72,72,72,72,72,72,72,72,72,72,72,72,72],"card_choices":[{"not_picked":["Indignation","Halt"],"picked":"FollowUp","floor":1},{"not_picked":["Crescendo","Prostrate"],"picked":"ClearTheMind","floor":7},{"not_picked":["FlyingSleeves","EmptyFist"],"picked":"Prostrate","floor":10},{"not_picked":["ClearTheMind","Devotion"],"picked":"Halt","floor":11},{"not_picked":["SashWhip","Collect"],"picked":"SandsOfTime","floor":12},{"not_picked":["SignatureMove","LikeWater"],"picked":"Collect","floor":13},{"not_picked":["SashWhip","EmptyFist"],"picked":"Halt","floor":14},{"not_picked":["Wish","Ragnarok"],"picked":"DevaForm","floor":16},{"not_picked":["Protect+1","CutThroughFate"],"picked":"Prostrate","floor":18},{"not_picked":["SandsOfTime","PathToVictory"],"picked":"FlurryOfBlows","floor":19},{"not_picked":["EmptyBody","SashWhip"],"picked":"Consecrate","floor":24},{"not_picked":["SandsOfTime","Crescendo","Nirvana+1"],"picked":"SKIP","floor":25},{"not_picked":["PathToVictory","FollowUp+1","FlyingSleeves"],"picked":"SKIP","floor":28}],"player_experience":290030,"relics_obtained":[{"floor":4,"key":"Bag of Marbles"},{"floor":7,"key":"Unceasing Top"},{"floor":9,"key":"Eternal Feather"},{"floor":10,"key":"Orichalcum"},{"floor":14,"key":"Akabeko"},{"floor":25,"key":"Happy Flower"},{"floor":26,"key":"Turnip"}],"event_choices":[{"damage_healed":0,"gold_gain":0,"player_choice":"Grow","damage_taken":0,"max_hp_gain":0,"max_hp_loss":0,"event_name":"Living Wall","floor":3,"gold_loss":0,"cards_upgraded":["Vigilance"]},{"cards_removed":["Defend_P"],"damage_healed":0,"gold_gain":0,"player_choice":"Purged","damage_taken":0,"max_hp_gain":0,"max_hp_loss":0,"event_name":"Purifier","floor":5,"gold_loss":0},{"damage_healed":0,"gold_gain":0,"player_choice":"Simplicity","damage_taken":0,"max_hp_gain":0,"max_hp_loss":0,"event_name":"Back to Basics","floor":21,"gold_loss":0,"cards_upgraded":["Strike_P","Strike_P","Strike_P","Defend_P","Defend_P","Defend_P"]},{"cards_removed":["Vigilance"],"damage_healed":0,"gold_gain":0,"player_choice":"Gave Gold","damage_taken":0,"max_hp_gain":0,"max_hp_loss":0,"event_name":"Beggar","floor":22,"gold_loss":75},{"damage_healed":0,"gold_gain":0,"player_choice":"Fight","damage_taken":0,"max_hp_gain":0,"max_hp_loss":0,"event_name":"Colosseum","floor":30,"gold_loss":0},{"damage_healed":0,"gold_gain":0,"player_choice":"Fought Nobs","damage_taken":0,"max_hp_gain":0,"max_hp_loss":0,"event_name":"Colosseum","floor":30,"gold_loss":0}],"is_beta":false,"boss_relics":[{"not_picked":["Fusion Hammer","Velvet Choker"],"picked":"Runic Dome"}],"items_purged_floors":[20],"is_endless":false,"potions_floor_spawned":[7,12,19,28],"killed_by":"Colosseum Nobs","ascension_level":3}}