{"host":"ywif2ugnepgiw45s","time":1608416650,"event":{"mods":["Act Like it!","BaseMod","Better Skull","Downfall","Elementarium","GifTheSpireLib","Hermit","Lobotomy","Marisa????????","Minty Spire (QoL Compilation)","READ ME - Guardian Mod","Shade Mod","Shop Mod","StSLib","The Cursed","The Jungle","The Runesmith"],"gold_per_floor":[116,136,156,331,344,344,379,379,429,443,471,481,481,481],"floor_reached":13,"playtime":458,"items_purged":[],"score":102,"play_id":"cfbbcaaa-2c56-49f1-84b7-178677f11cbb","local_time":"20201219172410","is_ascension_mode":true,"campfire_choices":[{"data":"hermit:Defend_Hermit","floor":6,"key":"SMITH"},{"floor":8,"key":"REST"}],"circlet_count":0,"master_deck":["hermit:Strike_Hermit","hermit:Strike_Hermit","hermit:Strike_Hermit","hermit:Defend_Hermit","hermit:Defend_Hermit","hermit:Defend_Hermit","hermit:Defend_Hermit+1","hermit:Snapshot","hermit:Covet","hermit:Ricochet","hermit:Shortfuse","Doubt","hermit:BigShot","hermit:Showdown","hermit:Magnum","hermit:TakeAim"],"relics":["hermit:Momento","Matryoshka","Runesmith:AutoHammer","Toxic Egg 2"],"acts_visited":["Exordium"],"potions_floor_usage":[11],"damage_taken":[{"damage":0,"enemies":"2 Louse","floor":1,"turns":4},{"damage":0,"enemies":"Small Slimes","floor":2,"turns":2},{"damage":1,"enemies":"Jaw Worm","floor":3,"turns":2},{"damage":23,"enemies":"Gremlin Gang","floor":5,"turns":8},{"damage":15,"enemies":"Gremlin Nob","floor":7,"turns":4},{"damage":9,"enemies":"Exordium Thugs","floor":10,"turns":4},{"damage":26,"enemies":"Lagavulin","floor":11,"turns":5},{"damage":5,"enemies":"Looter","floor":12,"turns":2},{"damage":27,"enemies":"Gremlin Nob","floor":13,"turns":3}],"seed_played":"-3019190787913830462","potions_obtained":[{"floor":2,"key":"SpeedPotion"},{"floor":7,"key":"hexamod:EctoCoolerPotion"},{"floor":10,"key":"hermit:BlackBile"}],"is_trial":false,"path_per_floor":["M","M","M","?","M","R","E","R","T","M","E","M","E"],"character_chosen":"HERMIT","items_purchased":[],"campfire_rested":1,"item_purchase_floors":[],"current_hp_per_floor":[75,75,74,74,51,51,36,58,58,49,23,18,0,0],"gold":481,"neow_bonus":"REMOVE_CARD","is_daily":false,"chose_seed":false,"campfire_upgraded":1,"win_rate":0.0,"timestamp":1608416650,"path_taken":["M","M","M","?","M","R","E","R","T","M","E","M","E"],"items_purchased_type":[],"build_version":"2020-12-13","purchased_purges":0,"victory":false,"max_hp_per_floor":[75,75,75,75,75,75,75,75,75,75,75,75,75,75],"card_choices":[{"not_picked":["hermit:Desperado","hermit:HoleUp"],"picked":"hermit:Ricochet","floor":1},{"not_picked":["hermit:CalledShot","hermit:Quickdraw"],"picked":"hermit:Shortfuse","floor":2},{"not_picked":["hermit:WideOpen","hermit:CalledShot","hermit:HighCaliber"],"picked":"SKIP","floor":3},{"not_picked":["hermit:Feint","hermit:NoHoldsBarred"],"picked":"hermit:BigShot","floor":5},{"not_picked":["hermit:Headshot","hermit:Ricochet","hermit:LoneWolf"],"picked":"SKIP","floor":7},{"not_picked":["hermit:Malice","hermit:Headshot"],"picked":"hermit:Showdown","floor":10},{"not_picked":["hermit:Desperado","hermit:Gestalt+1"],"picked":"hermit:Magnum","floor":11},{"not_picked":["hermit:Headshot","hermit:Showdown"],"picked":"hermit:TakeAim","floor":12}],"player_experience":1543419,"relics_obtained":[{"floor":7,"key":"Matryoshka"},{"floor":9,"key":"Runesmith:AutoHammer"},{"floor":11,"key":"Toxic Egg 2"}],"event_choices":[{"damage_healed":0,"gold_gain":175,"player_choice":"AGREE","damage_taken":0,"max_hp_gain":0,"max_hp_loss":0,"event_name":"Liars Game","floor":4,"gold_loss":0,"cards_obtained":["Doubt"]}],"is_beta":false,"boss_relics":[],"items_purged_floors":[],"is_endless":false,"potions_floor_spawned":[2,7,10],"killed_by":"Gremlin Nob","ascension_level":1}}