{"host":"d9tpyi6mde8z2n96","time":1608419213,"event":{"mods":["2.2 Compatiblity","AchievementEnabler","Act Like it!","AlwaysNeverKeys","Aspiration","BaseMod","Beaked The Cultist","Better Altar","CapriCore","Challenge The Spire","Colored Map","Colored Powertips","Conspire","Defuse TimeMaze Blight","Dota2Spire","Downfall","Elementarium","Energized Spire","Friendly Minions","Gensokyo","GifTheSpireLib","Gold Saver","GungeonMod","Halation","Hermit","HololiveMod","Hubris","Hyrulean Relics","Infinite Spire","Jorbs\u0027s Wanderer Trilogy","Marisa????????","Melee Mod","Minty Spire (QoL Compilation)","MostiFishMod","Permanent Neow","Quick Restart","Railgun Mod","Replay The Spire","Robot Space Explorer","RumiaBox-????????","Spikes Relics","StSLib","TestMod","The Alterego","The Blue Laboratory","The Death Knight","The Factory","The Fake Hero","The Marked","Trackpad","Waifu the Spire","Wandering Minibosses","WarShipGirlsR/????R mod"],"gold_per_floor":[367,89,299,474,20,20,40,75,75,92,107,107,107,121,121,226,226,245,270,270,292,292,292,315,347,347,370,141,165,165,200,200,309,359,375,375,395,395],"floor_reached":37,"playtime":2778,"items_purged":[],"score":532,"play_id":"dabb53b3-b85e-41cb-ac8b-e33ce99ec94f","local_time":"20201219180653","is_ascension_mode":false,"campfire_choices":[{"data":"theMarked:ComboAttacks","floor":6,"key":"SMITH"},{"floor":23,"key":"REST"},{"data":"theMarked:BindingBlade","floor":32,"key":"SMITH"}],"circlet_count":0,"master_deck":["theMarked:Strike","theMarked:Strike+1","theMarked:Strike","theMarked:Strike","theMarked:Strike","theMarked:Defend","theMarked:Defend","theMarked:Defend","theMarked:Defend","theMarked:SoldierOfQuellstein","theMarked:ChainLightning","theMarked:ChainLightning+1","expansioncontent:StudyTheSpire","theMarked:EmpowerWeapon","theMarked:GodGivenPower","Doubt","theMarked:ComboAttacks","theMarked:ComboAttacks+1","theMarked:MysticalArsenal","theMarked:Defy","theMarked:SwordAndMagic","theMarked:Electrocute","theMarked:Electrify","theMarked:BindingBlade+1","theMarked:WardOff","theMarked:SwordAndMagic","theMarked:MagicAdept+1","theMarked:Aftermath","theMarked:ComboAttacks+1","theMarked:GodGivenPower","theMarked:Levitate","theMarked:TwofoldDefense","theMarked:RepellingDischarge+1","theMarked:Overcharge+1","theMarked:EternalStudent","theMarked:Static","theMarked:Overcharge+1"],"relics":["theMarked:ArtifactOfAir","testmod-TestBox","testmod-DeterminationOfClimber","DianDianMeat","Question Card","aspiration:FrozenJewel","Frozen Eye","halation:VictoryRuler","testmod-Justice","DaveBox","DianDianMeat","hubris:Icosahedron","halation:PinkSoulGem","ImportantClient","SacredBark","Bloody Idol","Blood Vial","Potion Belt","conspire:TopHat","Replay:Bottled Snecko","halation:PurpleSoulGem","Centennial Puzzle","Tiny House"],"acts_visited":["Exordium","TheCity","TheBeyond"],"potions_floor_usage":[29,31,37,37,37,37,37],"damage_taken":[{"damage":9,"enemies":"Jaw Worm","floor":1,"turns":5},{"damage":3,"enemies":"Small Slimes","floor":7,"turns":5},{"damage":21,"enemies":"3 Sentries","floor":8,"turns":5},{"damage":3,"enemies":"2 Louse","floor":10,"turns":2},{"damage":0,"enemies":"2 Fungi Beasts","floor":11,"turns":2},{"damage":0,"enemies":"Blue Slaver","floor":14,"turns":2},{"damage":44,"enemies":"Slime Boss","floor":16,"turns":9},{"damage":0,"enemies":"Chosen","floor":18,"turns":4},{"damage":55,"enemies":"conspire:FuzzyDice","floor":19,"turns":6},{"damage":3,"enemies":"Snecko","floor":21,"turns":3},{"damage":41,"enemies":"Slavers","floor":25,"turns":4},{"damage":21,"enemies":"conspire:HollyBat","floor":27,"turns":7},{"damage":14,"enemies":"Centurion and Healer","floor":29,"turns":6},{"damage":95,"enemies":"Nightmare","floor":31,"turns":8},{"damage":37,"enemies":"hubris:MusketHawk","floor":33,"turns":6},{"damage":28,"enemies":"Orb Walker","floor":35,"turns":3},{"damage":8,"enemies":"infinitespire:Three Voidlings","floor":37,"turns":3},{"damage":674,"enemies":"Nightmare_Alpha","floor":37,"turns":12}],"seed_played":"-8427423147357857014","potions_obtained":[{"floor":7,"key":"Fire Potion"},{"floor":10,"key":"BlessingOfTheForge"},{"floor":21,"key":"DeathKnight:RimePotion"},{"floor":25,"key":"SteroidPotion"},{"floor":31,"key":"Reflective Coating"},{"floor":33,"key":"SteroidPotion"},{"floor":34,"key":"blueLaboratory:PhilterOfMotion"}],"is_trial":false,"path_per_floor":["M","$","?","?","$","R","M","E","T","M","M","?","?","M","R_BF","B",null,"M","M","?","M","?","R","T","E","T","M","$","M","?","NM","R","B",null,"M","?","?"],"character_chosen":"THE_DEFAULT","items_purchased":["theMarked:ChainLightning+1","expansioncontent:StudyTheSpire","theMarked:EmpowerWeapon","aspiration:FrozenJewel","Frozen Eye","theMarked:ComboAttacks","theMarked:GodGivenPower","theMarked:Levitate","theMarked:TwofoldDefense"],"campfire_rested":1,"item_purchase_floors":[2,2,2,5,5,5,28,28,28],"current_hp_per_floor":[55,64,51,57,72,72,83,75,75,83,96,96,96,101,101,68,151,162,127,127,151,2,60,65,78,78,246,351,394,394,389,389,464,552,591,611,0,0],"gold":395,"neow_bonus":"TWO_FIFTY_GOLD","is_daily":false,"chose_seed":false,"campfire_upgraded":2,"win_rate":0.0,"timestamp":1608419213,"path_taken":["M","$","?","?","$","R","M","E","T","M","M","?","?","M","R_BF","BOSS","M","?","?","M","?","R","?","E","T","M","$","M","?","NM","R","BOSS","M","?","?"],"items_purchased_type":["Card","Card","Card","Relic","Relic","Card","Card","Card","Card"],"build_version":"2020-12-13","purchased_purges":0,"victory":false,"max_hp_per_floor":[64,73,78,84,99,99,108,118,118,129,141,141,141,144,144,151,151,162,177,177,196,196,196,196,219,219,246,351,394,394,441,441,492,552,611,611,611,611],"card_choices":[{"not_picked":["theMarked:Aftermath","theMarked:Parkour"],"picked":"theMarked:ChainLightning","floor":1},{"not_picked":["theMarked:TakeCover","theMarked:Frustration","theMarked:WardOff"],"picked":"theMarked:GodGivenPower","floor":3},{"not_picked":["theMarked:TwofoldDefense","theMarked:Static","theMarked:ShockingTouch"],"picked":"theMarked:MysticalArsenal","floor":7},{"not_picked":["theMarked:WastefulAttack","theMarked:MysticalArsenal","theMarked:Electrocute"],"picked":"theMarked:Defy","floor":8},{"not_picked":["theMarked:Overthink","theMarked:BanishingStrike","theMarked:HeightenedSenses"],"picked":"theMarked:SwordAndMagic","floor":10},{"not_picked":["theMarked:Parkour","theMarked:WastefulDefense","theMarked:TakeCover"],"picked":"theMarked:Electrocute","floor":11},{"not_picked":["theMarked:HeightenedSenses","theMarked:ContemptForTheProud","theMarked:SelfDefenseTraining"],"picked":"theMarked:Electrify","floor":14},{"not_picked":["theMarked:Snap","theMarked:ChannelForce","theMarked:SoldierForm"],"picked":"theMarked:BindingBlade","floor":16},{"not_picked":["theMarked:BanishingStrike","theMarked:ShockingTouch","theMarked:HeightenedSenses"],"picked":"theMarked:WardOff","floor":18},{"not_picked":["theMarked:Aftermath","theMarked:WardOff","theMarked:WastefulDefense"],"picked":"theMarked:SwordAndMagic","floor":19},{"not_picked":["theMarked:Overcharge","theMarked:Frustration","theMarked:ResourceFulStrike"],"picked":"theMarked:MagicAdept+1","floor":21},{"not_picked":["theMarked:RepellingDischarge","theMarked:HeightenedSenses","theMarked:Improvise"],"picked":"theMarked:Aftermath","floor":25},{"not_picked":["theMarked:ChainLightning","theMarked:HeightenedSenses+1","theMarked:ElectricStrings"],"picked":"theMarked:ComboAttacks+1","floor":27},{"not_picked":["theMarked:Panic","theMarked:KeepCalmAndFightOn","theMarked:Frustration+1"],"picked":"theMarked:RepellingDischarge+1","floor":29},{"not_picked":["theMarked:Levitate","theMarked:ElectricStrings","theMarked:WastefulAttack"],"picked":"theMarked:Overcharge+1","floor":31},{"not_picked":["theMarked:ChannelForce","theMarked:SuspiciousRaven","theMarked:Challenge"],"picked":"theMarked:EternalStudent","floor":33},{"not_picked":["theMarked:SwordAndMagic","theMarked:Panic","theMarked:Overcharge"],"picked":"theMarked:Static","floor":34},{"not_picked":["theMarked:WastefulAttack","theMarked:RepellingDischarge","theMarked:TwofoldDefense+1"],"picked":"theMarked:Overcharge+1","floor":35}],"player_experience":1100387,"relics_obtained":[{"floor":1,"key":"Question Card"},{"floor":8,"key":"halation:VictoryRuler"},{"floor":9,"key":"testmod-Justice"},{"floor":16,"key":"ImportantClient"},{"floor":24,"key":"Potion Belt"},{"floor":25,"key":"conspire:TopHat"},{"floor":26,"key":"Replay:Bottled Snecko"},{"floor":31,"key":"Centennial Puzzle"}],"event_choices":[{"damage_healed":0,"gold_gain":175,"player_choice":"AGREE","damage_taken":0,"max_hp_gain":0,"max_hp_loss":0,"event_name":"Liars Game","floor":4,"gold_loss":0,"cards_obtained":["Doubt"]},{"damage_healed":0,"gold_gain":0,"player_choice":"Swap Relic","damage_taken":0,"relics_obtained":["DaveBox"],"max_hp_gain":0,"max_hp_loss":0,"event_name":"Box For Yourself","floor":12,"relics_lost":["DaveBox"],"gold_loss":0},{"damage_healed":0,"gold_gain":0,"player_choice":" Idol Vial ","damage_taken":149,"relics_obtained":["Bloody Idol","Blood Vial"],"max_hp_gain":151,"max_hp_loss":2,"event_name":"betterAltar:BetterAltar","floor":22,"potions_obtained":[],"relics_lost":[],"gold_loss":0}],"is_beta":false,"boss_relics":[{"not_picked":["Replay:Ancient Bell","testmod-KeyOfTheVoid"],"picked":"SacredBark"},{"not_picked":["FixedStarFall","GuanYuAspect"],"picked":"Tiny House"}],"items_purged_floors":[],"is_endless":true,"potions_floor_spawned":[7,10,21,25,31,33],"killed_by":"Nightmare_Alpha","ascension_level":0}}