{"host":"llpusn9usp8rznkj","time":1608355848,"event":{"mods":["2.2 Compatiblity","BaseMod","Colored Map","Colored Powertips","Conspire","Downfall","Hubris","Minty Spire (QoL Compilation)","Rare Cards Sparkle","Replay The Spire","StSLib","The Cursed"],"gold_per_floor":[112,130,130,130,146,146,160,160,160,177,177,212,259,292,292,370,470,486,411,428,428,428,428],"floor_reached":22,"playtime":1470,"items_purged":[],"score":388,"play_id":"76f2bbed-8013-469e-a508-ebb0561be6ff","local_time":"20201219003048","is_ascension_mode":true,"campfire_choices":[{"data":"Bash","floor":6.0,"key":"SMITH"},{"data":"ReplayTheSpireMod:Muscle Training","floor":8.0,"key":"SMITH"},{"data":"Anger","floor":11.0,"key":"SMITH"},{"floor":15.0,"key":"REST"}],"circlet_count":0,"master_deck":["AscendersBane","Strike_R","Defend_R","Defend_R","Defend_R","Defend_R","Bash+1","Metallicize","Headbutt","ReplayTheSpireMod:Muscle Training+1","Inflame","Reaper","Rupture+1","Fire Breathing+1","CurseOfTheBell","hubris:DuctTapeCard"],"relics":["Burning Blood","Pocketwatch","hubris:Towel","Replay:WaspNest","Singing Bowl","hubris:TenFootPole","hubris:DuctTape","Replay:Grab Bag","hubris:GrandSneckoEye","Replay:Wanted Poster","Astrolabe","Calling Bell","Omamori","hubris:DeckOfHolding","Calipers","hubris:BottledHeart"],"acts_visited":["Exordium","TheCity"],"potions_floor_usage":[],"damage_taken":[{"damage":2.0,"enemies":"Cultist","floor":1.0,"turns":4.0},{"damage":7.0,"enemies":"Jaw Worm","floor":2.0,"turns":3.0},{"damage":6.0,"enemies":"2 Louse","floor":5.0,"turns":2.0},{"damage":23.0,"enemies":"Exordium Thugs","floor":7.0,"turns":5.0},{"damage":11.0,"enemies":"Exordium Wildlife","floor":10.0,"turns":3.0},{"damage":13.0,"enemies":"Lagavulin","floor":12.0,"turns":5.0},{"damage":8.0,"enemies":"Gremlin Nob","floor":14.0,"turns":3.0},{"damage":66.0,"enemies":"Fading Forest","floor":16.0,"turns":13.0},{"damage":19.0,"enemies":"3 Byrds","floor":18.0,"turns":3.0},{"damage":32.0,"enemies":"Chosen","floor":20.0,"turns":4.0},{"damage":0,"enemies":"Centurion and Healer","floor":22,"turns":1}],"seed_played":"7375564604002014560","potions_obtained":[{"floor":7.0,"key":"PowerPotion"},{"floor":12.0,"key":"champ:CounterPotion"}],"is_trial":false,"path_per_floor":["M","M","?","?","M","R","M","R","T","M","R","E","T","E","R","B",null,"M","?","M","?","M"],"character_chosen":"IRONCLAD","items_purchased":[],"campfire_rested":1,"item_purchase_floors":[],"current_hp_per_floor":[68,67,67,67,67,67,50,50,50,45,45,40,40,38,59,7,54,49,49,31,1,1,1],"gold":428,"neow_bonus":"ONE_RARE_RELIC","is_daily":false,"chose_seed":false,"campfire_upgraded":3,"win_rate":0.0,"timestamp":1608355848,"path_taken":["M","?","?","?","M","R","?","R","T","M","R","E","?","E","R","BOSS","M","?","M","?","M"],"items_purchased_type":[],"build_version":"2020-12-13","purchased_purges":0,"victory":false,"max_hp_per_floor":[68,68,68,68,68,68,68,68,68,68,68,70,70,70,70,70,70,72,72,74,1,1,1],"card_choices":[{"not_picked":["hubris:ReadiedAction","Burning Pact"],"picked":"Anger","floor":1.0},{"not_picked":["Burning Pact","Iron Wave"],"picked":"Metallicize","floor":2.0},{"not_picked":["Clash","Pommel Strike"],"picked":"Headbutt","floor":5.0},{"not_picked":["Twin Strike","hubris:ReadiedAction"],"picked":"ReplayTheSpireMod:Muscle Training","floor":7.0},{"not_picked":["Hemokinesis","Entrench"],"picked":"Flex","floor":10.0},{"not_picked":["ReplayTheSpireMod:Stacked","Cleave","Pommel Strike"],"picked":"Singing Bowl","floor":12.0},{"not_picked":["Replay:Undeath\u0027s Touch","Sever Soul"],"picked":"Inflame","floor":14.0},{"not_picked":["Hemogenesis","Exhume"],"picked":"Reaper","floor":16.0},{"not_picked":["Havoc+1","Heavy Blade","Armaments"],"picked":"Singing Bowl","floor":18.0},{"not_picked":["Twin Strike","Run Through","Clothesline"],"picked":"Singing Bowl","floor":20.0}],"player_experience":1090411,"relics_obtained":[{"floor":9.0,"key":"Replay:WaspNest"},{"floor":12.0,"key":"Singing Bowl"},{"floor":13.0,"key":"hubris:TenFootPole"},{"floor":14.0,"key":"hubris:DuctTape"},{"floor":17.0,"key":"Omamori"},{"floor":17.0,"key":"hubris:DeckOfHolding"},{"floor":17.0,"key":"Calipers"}],"event_choices":[{"cards_removed":["Strike_R"],"damage_healed":0.0,"max_hp_gain":0.0,"max_hp_loss":0.0,"gold_gain":0.0,"event_name":"Purifier","player_choice":"Purged","floor":4.0,"gold_loss":0.0,"damage_taken":0.0},{"cards_removed":["ReplayTheSpireMod:Strike From Hell"],"damage_healed":0.0,"max_hp_gain":0.0,"max_hp_loss":0.0,"gold_gain":0.0,"event_name":"Beggar","player_choice":"Gave Gold","floor":19.0,"gold_loss":75.0,"damage_taken":0.0}],"is_beta":false,"boss_relics":[{"not_picked":["conspire:SpecialSausage","hubris:CrackedHourglass"],"picked":"Replay:Grab Bag"},{"not_picked":["conspire:SlowCooker","hubris:VirtuousBlindfold"],"picked":"hubris:GrandSneckoEye"},{"not_picked":["ReplayTheSpireMod:DimensionalGlitch","ReplayTheSpireMod:Onyx Gauntlets"],"picked":"Replay:Wanted Poster"},{"not_picked":["Runic Cube","Snecko Eye"],"picked":"Astrolabe"},{"not_picked":["Kintsugi","hubris:HollowSoul"],"picked":"Calling Bell"}],"items_purged_floors":[],"is_endless":false,"potions_floor_spawned":[7,12],"killed_by":"Centurion and Healer","ascension_level":20}}