{"host":"7krnriczr1b2ou5r","time":1608376037,"event":{"mods":["BaseMod","Keyboard Shortcuts","Minty Spire (QoL Compilation)","Relic Stats","StSLib","The Dragon Tamer","The Poker Player"],"gold_per_floor":[112,123,48,48,48,48,48,79,79,79,29,54,54,74,74,169,169,189,41,41,41,53,78,132,132,182,210,226,256,271,291,291,391,391,404,404,418,418,429,461,511,524,524,558,558,588,98,126,126,126,126,126,126,161,161],"floor_reached":56,"playtime":3541,"items_purged":["DTMod:Strike","DTMod:TargetDefense"],"score":2419,"play_id":"55feeae8-17bc-4c6f-afe3-37e492acf221","local_time":"20201219200717","is_ascension_mode":true,"metric_token":479,"campfire_choices":[{"data":"DTMod:Training","floor":7.0,"key":"SMITH"},{"data":"DTMod:MagiciansMark","floor":10.0,"key":"SMITH"},{"data":"DTMod:TriAttack","floor":15,"key":"SMITH"},{"data":"DTMod:Shift","floor":25,"key":"SMITH"},{"data":"DTMod:CrossStep","floor":32,"key":"SMITH"},{"floor":49,"key":"RECALL"},{"data":"1","floor":52,"key":"LIFT"}],"dtmod_dragon_data":[50,50,3,3,2,2],"circlet_count":0,"master_deck":["DTMod:Strike","DTMod:DoubleHit","DTMod:TargetDefense+1","DTMod:SwitchingTactic+1","DTMod:MagiciansMark+1","DTMod:Training+1","DTMod:CrossStep+1","DTMod:TriAttack+1","DTMod:TagTeam+1","DTMod:Multitask+1","DTMod:Harmonize+1","DTMod:Multitask","DTMod:ComboAttack","DTMod:GhostSkin","DTMod:LightShield","DTMod:Shift+1","DTMod:TagTeam+1","DTMod:EchoTactic","DTMod:Threaten"],"relics":["DTMod:PactStone","Blood Vial","Lantern","Nunchaku","Tiny Chest","Black Star","DTMod:SwitchButton","Pen Nib","InkBottle","Centennial Puzzle","Dream Catcher","Vajra","Juzu Bracelet","Kunai","Bag of Preparation","Coffee Dripper","Mummified Hand","DTMod:DragonFood","Bottled Tornado","Girya","Sundial","Toy Ornithopter","War Paint","Bottled Lightning","HornCleat","Pantograph","DTMod:OddArmor","Bronze Scales","PreservedInsect","CeramicFish","White Beast Statue","Art of War"],"acts_visited":["Exordium","TheCity","TheBeyond","TheEnding"],"potions_floor_usage":[18,29,35,46,55,55,55,55,55],"damage_taken":[{"damage":0.0,"enemies":"2 Louse","floor":1.0,"turns":3.0},{"damage":0.0,"enemies":"Jaw Worm","floor":2.0,"turns":5.0},{"damage":0.0,"enemies":"Gremlin Nob","floor":8.0,"turns":3.0},{"damage":0.0,"enemies":"Small Slimes","floor":14.0,"turns":3.0},{"damage":0,"enemies":"The Guardian","floor":16,"turns":7},{"damage":0,"enemies":"Shell Parasite","floor":18,"turns":5},{"damage":0,"enemies":"Chosen","floor":22,"turns":4},{"damage":1,"enemies":"Gremlin Leader","floor":23,"turns":8},{"damage":0,"enemies":"Book of Stabbing","floor":27,"turns":6},{"damage":0,"enemies":"Centurion and Healer","floor":28,"turns":6},{"damage":0,"enemies":"Slavers","floor":29,"turns":4},{"damage":0,"enemies":"Shelled Parasite and Fungi","floor":30,"turns":5},{"damage":0,"enemies":"Cultist and Chosen","floor":31,"turns":4},{"damage":14,"enemies":"Automaton","floor":33,"turns":10},{"damage":6,"enemies":"3 Darklings","floor":35,"turns":5},{"damage":0,"enemies":"Orb Walker","floor":37,"turns":2},{"damage":0,"enemies":"4 Shapes","floor":39,"turns":7},{"damage":0,"enemies":"Nemesis","floor":40,"turns":3},{"damage":0,"enemies":"Mind Bloom Boss Battle","floor":41,"turns":4},{"damage":0,"enemies":"Writhing Mass","floor":42,"turns":3},{"damage":0,"enemies":"Giant Head","floor":44,"turns":2},{"damage":0,"enemies":"Reptomancer","floor":46,"turns":4},{"damage":0,"enemies":"Giant Head","floor":48,"turns":3},{"damage":0,"enemies":"Donu and Deca","floor":50,"turns":3},{"damage":0,"enemies":"Shield and Spear","floor":54,"turns":3},{"damage":0,"enemies":"The Heart","floor":55,"turns":5}],"seed_played":"1151744846612154181","potions_obtained":[{"floor":8.0,"key":"ColorlessPotion"},{"floor":14,"key":"SpeedPotion"},{"floor":18,"key":"SteroidPotion"},{"floor":23,"key":"DistilledChaos"},{"floor":31,"key":"Dexterity Potion"},{"floor":35,"key":"Strength Potion"},{"floor":41,"key":"AttackPotion"}],"is_trial":false,"path_per_floor":["M","M","$","?","$","?","R","E","T","R","?","T","?","M","R","B",null,"M","$","?","?","M","E","T","R","T","E","M","E","M","M","R","B",null,"M","?","M","?","M","E","?","M","T","E","T","E","$","E","R","B",null,"R","$","E","B",null],"character_chosen":"THE_DT","items_purchased":["DTMod:SwitchButton","DTMod:OddArmor","Bronze Scales","EntropicBrew"],"campfire_rested":0,"item_purchase_floors":[19,47,47,47],"current_hp_per_floor":[41,41,41,29,29,29,29,31,31,31,31,31,31,33,33,35,43,45,45,45,45,45,44,44,44,44,45,45,45,45,45,45,31,42,38,38,40,40,42,44,45,45,45,45,45,45,45,45,45,45,45,45,45,45,45],"gold":161,"neow_bonus":"TRANSFORM_CARD","is_daily":false,"chose_seed":false,"campfire_upgraded":5,"win_rate":0.0,"timestamp":1608376037,"path_taken":["M","M","$","?","$","?","R","E","T","R","?","?","?","M","R","BOSS","M","$","?","?","M","E","?","R","T","E","M","E","M","M","R","BOSS","M","?","M","?","M","E","?","M","T","E","?","E","$","E","R","BOSS","R","$","E","BOSS"],"items_purchased_type":["Relic","Relic","Relic","Potion"],"build_version":"2020-12-13","purchased_purges":2,"victory":true,"max_hp_per_floor":[45,45,45,45,45,45,45,45,45,45,45,45,45,45,45,45,45,45,45,45,45,45,45,45,45,45,45,45,45,45,45,45,45,45,45,45,45,45,45,45,45,45,45,45,45,45,45,45,45,45,45,45,45,45,45],"relic_stats":{"counters":[26,117],"CeramicFish":0,"Pen Nib":[20],"PreservedInsect":77,"Juzu Bracelet":1,"Bag of Preparation":[30],"War Paint":["DTMod:TagTeam","DTMod:TargetDefense"],"Blood Vial":18,"Nunchaku":[24],"Centennial Puzzle":[6],"Dream Catcher":0,"Mummified Hand":[47],"Sundial":[14],"Pantograph":0,"Bronze Scales":[48],"Tiny Chest":2,"Black Star":8,"Art of War":[0],"Kunai":[33],"obtain_stats":[{"Lantern":6,"CeramicFish":48,"Vajra":27,"Juzu Bracelet":27,"Bag of Preparation":29,"Bottled Tornado":40,"Blood Vial":4,"Nunchaku":8,"Centennial Puzzle":24,"Dream Catcher":26,"HornCleat":46,"DTMod:OddArmor":47,"Mummified Hand":36,"Sundial":43,"Pantograph":46,"Tiny Chest":12,"DTMod:DragonFood":40,"Kunai":29,"InkBottle":23,"Girya":41,"Pen Nib":23,"PreservedInsect":48,"War Paint":44,"White Beast Statue":54,"DTMod:SwitchButton":19,"DTMod:PactStone":0,"Bronze Scales":47,"Black Star":17,"Coffee Dripper":34,"Art of War":54,"Bottled Lightning":45,"Toy Ornithopter":44},{"Lantern":2,"CeramicFish":23,"Vajra":9,"Juzu Bracelet":9,"Bag of Preparation":11,"Bottled Tornado":18,"Blood Vial":2,"Nunchaku":3,"Centennial Puzzle":8,"Dream Catcher":8,"HornCleat":22,"DTMod:OddArmor":22,"Mummified Hand":15,"Sundial":20,"Pantograph":22,"Tiny Chest":3,"DTMod:DragonFood":18,"Kunai":11,"InkBottle":8,"Girya":19,"Pen Nib":8,"PreservedInsect":23,"War Paint":21,"White Beast Statue":25,"DTMod:SwitchButton":6,"DTMod:PactStone":0,"Bronze Scales":22,"Black Star":5,"Coffee Dripper":14,"Art of War":25,"Bottled Lightning":21,"Toy Ornithopter":21},{"Lantern":8,"CeramicFish":106,"Vajra":44,"Juzu Bracelet":44,"Bag of Preparation":54,"Bottled Tornado":90,"Blood Vial":8,"Nunchaku":11,"Centennial Puzzle":38,"Dream Catcher":38,"HornCleat":103,"DTMod:OddArmor":103,"Mummified Hand":78,"Sundial":97,"Pantograph":103,"Tiny Chest":11,"DTMod:DragonFood":90,"Kunai":54,"InkBottle":38,"Girya":94,"Pen Nib":38,"PreservedInsect":106,"War Paint":99,"White Beast Statue":112,"DTMod:SwitchButton":26,"DTMod:PactStone":0,"Bronze Scales":103,"Black Star":21,"Coffee Dripper":73,"Art of War":112,"Bottled Lightning":99,"Toy Ornithopter":99}],"InkBottle":[55],"Toy Ornithopter":0},"card_choices":[{"not_picked":["DTMod:Hide","DTMod:BizarreTactic"],"picked":"DTMod:Training","floor":1.0},{"not_picked":["DTMod:Training","DTMod:Haste"],"picked":"DTMod:CrossStep","floor":2.0},{"not_picked":["DTMod:LowKick","DTMod:MaximumCharge"],"picked":"DTMod:TriAttack","floor":8.0},{"not_picked":["DTMod:Adaptation","DTMod:LowKick","DTMod:BlazingStrike"],"picked":"SKIP","floor":14},{"not_picked":["DTMod:ExcessFootwork","DTMod:StunTrap"],"picked":"DTMod:Multitask","floor":16},{"not_picked":["DTMod:Feint","DTMod:BurningEnergy"],"picked":"DTMod:ComboAttack","floor":18},{"not_picked":["DTMod:Training","DTMod:QuickFly","DTMod:Weaken"],"picked":"SKIP","floor":22},{"not_picked":["DTMod:Weaken","DTMod:FierySynthesis"],"picked":"DTMod:Shift","floor":23},{"not_picked":["DTMod:CalculatedDefense","DTMod:QuickFly"],"picked":"DTMod:TagTeam","floor":27},{"not_picked":["DTMod:Training","DTMod:TauntingStrike+1","DTMod:BizarreTactic"],"picked":"SKIP","floor":28},{"not_picked":["DTMod:Astonish+1","DTMod:BurningEnergy+1","DTMod:CalculatedDefense"],"picked":"SKIP","floor":29},{"not_picked":["DTMod:LastStand","DTMod:TagTeam+1","DTMod:MagicField"],"picked":"SKIP","floor":30},{"not_picked":["DTMod:Punisher","DTMod:BizarreTactic","DTMod:Astonish+1"],"picked":"SKIP","floor":31},{"not_picked":["DTMod:LightShield","DTMod:HeadStart"],"picked":"DTMod:EchoTactic","floor":33},{"not_picked":["DTMod:BizarreTactic","DTMod:RecklessFlurry+1","DTMod:Feint"],"picked":"SKIP","floor":35},{"not_picked":["DTMod:BizarreTactic","DTMod:RecklessFlurry+1","DTMod:Feint"],"picked":"SKIP","floor":35},{"not_picked":["DTMod:BizarreTactic","DTMod:BlazingStrike+1","DTMod:Punisher+1"],"picked":"SKIP","floor":37},{"not_picked":["DTMod:Cover+1","DTMod:Dissolve+1"],"picked":"DTMod:Threaten","floor":39},{"not_picked":["DTMod:Shift+1","DTMod:QuickFly","DTMod:GhostSkin"],"picked":"SKIP","floor":40},{"not_picked":["DTMod:BurningEnergy+1","DTMod:FlameSlash+1","DTMod:BreakAttack+1"],"picked":"SKIP","floor":42},{"not_picked":["DTMod:Prediction","DTMod:Overwhelm","DTMod:Cover"],"picked":"SKIP","floor":44},{"not_picked":["DTMod:Feint+1","DTMod:QuickFly","DTMod:BalancedStrike+1"],"picked":"SKIP","floor":46},{"not_picked":["DTMod:FlameSlash","DTMod:MasterPlan+1","DTMod:MagicField+1"],"picked":"SKIP","floor":48},{"not_picked":["DTMod:MasterPlan","DTMod:Outburst","DTMod:Hide+1"],"picked":"SKIP","floor":54}],"player_experience":1118898,"relics_obtained":[{"floor":8.0,"key":"Nunchaku"},{"floor":12.0,"key":"Tiny Chest"},{"floor":23,"key":"Pen Nib"},{"floor":23,"key":"InkBottle"},{"floor":24,"key":"Centennial Puzzle"},{"floor":26,"key":"Dream Catcher"},{"floor":27,"key":"Vajra"},{"floor":27,"key":"Juzu Bracelet"},{"floor":29,"key":"Kunai"},{"floor":29,"key":"Bag of Preparation"},{"floor":40,"key":"DTMod:DragonFood"},{"floor":40,"key":"Bottled Tornado"},{"floor":41,"key":"Girya"},{"floor":43,"key":"Sundial"},{"floor":44,"key":"Toy Ornithopter"},{"floor":44,"key":"War Paint"},{"floor":45,"key":"Bottled Lightning"},{"floor":46,"key":"HornCleat"},{"floor":46,"key":"Pantograph"},{"floor":48,"key":"PreservedInsect"},{"floor":48,"key":"CeramicFish"},{"floor":54,"key":"White Beast Statue"},{"floor":54,"key":"Art of War"}],"event_choices":[{"damage_healed":0.0,"max_hp_gain":0.0,"max_hp_loss":0.0,"gold_gain":0.0,"event_name":"Scrap Ooze","player_choice":"Success","floor":4.0,"gold_loss":0.0,"damage_taken":12.0,"relics_obtained":["Blood Vial"]},{"damage_healed":0.0,"max_hp_gain":0.0,"max_hp_loss":0.0,"gold_gain":0.0,"event_name":"Big Fish","player_choice":"Box","floor":6.0,"gold_loss":0.0,"damage_taken":0.0,"relics_obtained":["Lantern"],"cards_obtained":["Regret"]},{"cards_removed":["DTMod:Strike"],"damage_healed":0.0,"max_hp_gain":0.0,"max_hp_loss":0.0,"gold_gain":0.0,"event_name":"The Cleric","player_choice":"Card Removal","floor":11.0,"gold_loss":50.0,"damage_taken":0.0},{"damage_healed":0.0,"max_hp_gain":0.0,"max_hp_loss":0.0,"gold_gain":0.0,"event_name":"Living Wall","player_choice":"Grow","floor":13.0,"gold_loss":0.0,"damage_taken":0.0,"cards_upgraded":["DTMod:SwitchingTactic"]},{"damage_healed":0,"gold_gain":0,"cards_transformed":["DTMod:TargetDefense","DTMod:TargetDefense"],"player_choice":"Became Test Subject","damage_taken":0,"max_hp_gain":0,"max_hp_loss":0,"event_name":"Drug Dealer","floor":20,"gold_loss":0,"cards_obtained":["DTMod:GhostSkin","DTMod:LightShield"]},{"damage_healed":0,"gold_gain":0,"player_choice":"Ignored","damage_taken":0,"max_hp_gain":0,"max_hp_loss":0,"event_name":"Vampires","floor":21,"gold_loss":0},{"damage_healed":0,"gold_gain":0,"player_choice":"Ignored","damage_taken":0,"max_hp_gain":0,"max_hp_loss":0,"event_name":"Tomb of Lord Red Mask","floor":36,"gold_loss":0},{"damage_healed":0,"gold_gain":0,"player_choice":"Cursed","damage_taken":0,"max_hp_gain":0,"max_hp_loss":0,"event_name":"Wheel of Change","floor":38,"gold_loss":0,"cards_obtained":["Decay"]},{"damage_healed":0,"gold_gain":0,"player_choice":"Fight","damage_taken":0,"max_hp_gain":0,"max_hp_loss":0,"event_name":"MindBloom","floor":41,"gold_loss":0}],"is_beta":false,"boss_relics":[{"not_picked":["Velvet Choker","Tiny House"],"picked":"Black Star"},{"not_picked":["SacredBark","Fusion Hammer"],"picked":"Coffee Dripper"}],"items_purged_floors":[3,47],"is_endless":false,"potions_floor_spawned":[8,14,18,23,28,31,35,37,41,54],"ascension_level":9}}