{"host":"684z1xpuwaoqmmh1","time":1608393194,"event":{"mods":["BaseMod","Downfall","Hermit","Jorbs\u0027s Wanderer Trilogy","Marisa????????","Minty Spire (QoL Compilation)","StSLib","The Hierophant","The Mystic"],"gold_per_floor":[99,112,37,64,49,60,60,60,160,194,194,205,216,229,248,327,327,252,263,263,263,263,278,278,313,313,344,354,238,258,268,284,284,284],"floor_reached":33,"playtime":1729,"items_purged":["champ:Strike"],"score":508,"play_id":"7ebf0432-e85c-4104-9ea4-effb04a2fe8b","local_time":"20201219175314","is_ascension_mode":true,"campfire_choices":[{"floor":1.0,"key":"RECALL"},{"data":"champ:Taunt","floor":3.0,"key":"SMITH"},{"data":"champ:GutPunch","floor":8.0,"key":"SMITH"},{"data":"champ:SteelEdge","floor":18.0,"key":"SMITH"},{"data":"RitualDagger","floor":21,"key":"SMITH"},{"data":"champ:Lariat","floor":26,"key":"SMITH"}],"circlet_count":0,"master_deck":["AscendersBane","champ:Strike","champ:Strike","champ:Defend","champ:Defend","champ:Defend","champ:Execute","champ:Taunt+1","champ:BerserkerStyle","champ:Backstep","champ:GutPunch+1","champ:AdrenalArmor","champ:Duel","champ:Shatter","champ:Balance","champ:BerserkersShout","champ:IronFortress","champ:SteelEdge+1","champ:Encircle","RitualDagger+1","champ:Lariat+1","champ:GladiatorsShout","champ:FaceSlap","champ:TornadoPunch","champ:EnchantCrown","champ:AdrenalArmor","champ:GutPunch","champ:Backstep"],"relics":["champ:ChampionCrown","Turnip","downfall:HeartBlessingRed","Ancient Tea Set","Ornamental Fan","MealTicket","Empty Cage","downfall:HeartBlessingBlue","champ:FightingForDummies","Pocketwatch","Question Card","Du-Vu Doll"],"acts_visited":["Exordium","TheCity"],"potions_floor_usage":[27,27,33,33,33,33],"damage_taken":[{"damage":10.0,"enemies":"Cultist","floor":2.0,"turns":4.0},{"damage":27.0,"enemies":"Gremlin Nob","floor":4.0,"turns":4.0},{"damage":10.0,"enemies":"downfall:FleeingMerchant","floor":5.0,"turns":4.0},{"damage":7.0,"enemies":"Jaw Worm","floor":6.0,"turns":3.0},{"damage":41.0,"enemies":"Lagavulin","floor":10.0,"turns":9.0},{"damage":12.0,"enemies":"Small Slimes","floor":12.0,"turns":3.0},{"damage":14.0,"enemies":"2 Fungi Beasts","floor":13.0,"turns":4.0},{"damage":5.0,"enemies":"Exordium Wildlife","floor":14.0,"turns":3.0},{"damage":5.0,"enemies":"3 Louse","floor":15.0,"turns":3.0},{"damage":25.0,"enemies":"downfall:Ironclad","floor":16.0,"turns":9.0},{"damage":26,"enemies":"3 Byrds","floor":19,"turns":5},{"damage":16,"enemies":"Shell Parasite","floor":23,"turns":5},{"damage":71,"enemies":"Book of Stabbing","floor":25,"turns":7},{"damage":53,"enemies":"Gremlin Leader","floor":27,"turns":8},{"damage":11,"enemies":"Sentry and Sphere","floor":28,"turns":4},{"damage":16,"enemies":"downfall:FleeingMerchant","floor":29,"turns":4},{"damage":45,"enemies":"Centurion and Healer","floor":30,"turns":6},{"damage":42,"enemies":"Chosen and Byrds","floor":31,"turns":7},{"damage":39,"enemies":"Snake Plant","floor":32,"turns":4},{"damage":54,"enemies":"downfall:Watcher","floor":33,"turns":4}],"seed_played":"6779661470359819093","potions_obtained":[{"floor":2.0,"key":"BlessingOfTheForge"},{"floor":13.0,"key":"sneckomod:MuddlingPotion"},{"floor":14.0,"key":"GamblersBrew"},{"floor":15.0,"key":"BlessingOfTheForge"},{"floor":16.0,"key":"sneckomod:MuddlingPotion"},{"floor":30,"key":"EntropicBrew"},{"floor":31,"key":"Fire Potion"}],"is_trial":false,"path_per_floor":["R","M","R","E","$","M","T","R","?","E","T","M","M","M","M","B",null,"R","M","?","R","?","M","T","E","R","E","M","$","M","M","M","B"],"character_chosen":"THE_CHAMP","items_purchased":["champ:AdrenalArmor"],"campfire_rested":0,"item_purchase_floors":[29],"current_hp_per_floor":[52,52,52,35,35,33,33,33,33,27,27,30,30,29,29,38,70,80,77,71,71,71,81,81,63,63,60,60,81,70,68,44,0,0],"gold":284,"neow_bonus":"ONE_RARE_RELIC","is_daily":false,"chose_seed":false,"campfire_upgraded":5,"win_rate":0.0,"timestamp":1608393194,"path_taken":["R","M","R","E","$","M","T","R","?","E","?","M","M","M","M","BOSS","R","M","?","R","?","M","T","E","R","E","M","$","M","M","M","BOSS"],"items_purchased_type":["Card"],"build_version":"2020-12-13","purchased_purges":1,"victory":false,"max_hp_per_floor":[81,81,81,81,81,81,81,81,81,81,81,81,81,81,81,81,81,91,91,91,91,91,91,91,91,91,91,91,91,91,91,91,91,91],"card_choices":[{"not_picked":["champ:StanceDance","champ:ShieldSigil"],"picked":"champ:BerserkerStyle","floor":2.0},{"not_picked":["champ:CrookedStrike","champ:ShieldSigil"],"picked":"champ:Backstep","floor":4.0},{"not_picked":["champ:FlashCut","champ:FanOfKnives"],"picked":"champ:GutPunch","floor":5.0},{"not_picked":["champ:BladeFlurry","champ:Circumvent"],"picked":"champ:AdrenalArmor","floor":6.0},{"not_picked":["champ:FocusedGladiator","champ:Lariat"],"picked":"champ:Duel","floor":10.0},{"not_picked":["champ:ShieldSigil","champ:EnragedBash"],"picked":"champ:Shatter","floor":12.0},{"not_picked":["champ:SwordSigil","champ:FlashCut"],"picked":"champ:Balance","floor":13.0},{"not_picked":["champ:FalseCounter","champ:GladiatorsShout"],"picked":"champ:BerserkersShout","floor":14.0},{"not_picked":["champ:GladiatorStyle","champ:AdrenalArmor"],"picked":"champ:IronFortress","floor":15.0},{"not_picked":["champ:StrikeOfGenius","champ:EnchantShield"],"picked":"champ:SteelEdge","floor":16.0},{"not_picked":["champ:BladeFlurry","champ:DeathBlow"],"picked":"champ:Encircle","floor":19},{"not_picked":["champ:GladiatorsShout","champ:RapidStrikes"],"picked":"champ:Lariat","floor":23},{"not_picked":["champ:BladeFlurry","champ:Balance"],"picked":"champ:GladiatorsShout","floor":25},{"not_picked":["champ:Encircle","champ:CalledShot","champ:CrookedStrike"],"picked":"champ:FaceSlap","floor":27},{"not_picked":["champ:BladeFlurry","champ:EnGarde","champ:PerfectedStrike"],"picked":"champ:TornadoPunch","floor":28},{"not_picked":["champ:RageSigil","champ:ShieldSigil","champ:Circumvent"],"picked":"champ:EnchantCrown","floor":29},{"not_picked":["champ:Haymaker","champ:FocusedGladiator","champ:Encircle"],"picked":"champ:GutPunch","floor":30},{"not_picked":["champ:BerserkersShout","champ:HeartStrike","champ:Riposte"],"picked":"champ:Backstep","floor":31},{"not_picked":["champ:PerfectedStrike+1","champ:Riposte","champ:FaceSlap","champ:BerserkersShout"],"picked":"SKIP","floor":32}],"player_experience":2337362,"relics_obtained":[{"floor":4.0,"key":"Ancient Tea Set"},{"floor":7.0,"key":"Ornamental Fan"},{"floor":10.0,"key":"MealTicket"},{"floor":24,"key":"Pocketwatch"},{"floor":25,"key":"Question Card"},{"floor":27,"key":"Du-Vu Doll"}],"event_choices":[],"is_beta":false,"boss_relics":[{"not_picked":["Snecko Eye","Runic Dome"],"picked":"Empty Cage"}],"items_purged_floors":[29],"is_endless":false,"potions_floor_spawned":[2,13,14,15,16,23,30,31],"killed_by":"downfall:Watcher","ascension_level":14}}