{"host":"wi1dz5t8299iil0b","time":1608414431,"event":{"mods":["2.2 Compatiblity","Act Like it!","Aspiration","Astrologer","BaseMod","Beaked The Cultist","Better Match","Better Note","Better Sensory Stone","Better Synergies","Better Third Choice","BetterRewards","Colored Map","Colored Powertips","Communication Mod","Conjunction","Conspire","Downfall","Fiend Mod","Friendly Minions","GifTheSpireLib","GungeonMod","Halation","Hallownest","Highlight Path","Hubris","Infinite Spire","Jedi Mod","Lobotomy","Mad Scientist","Minty Spire (QoL Compilation)","Pale of the Ancients","Permanent Neow","Potionbrewer","RNG Fix","Replay The Spire","Shade Mod","Shop Mod","Spikes Relics","StSLib","Stuff the Spire","The Blackbeard","The Bladedancer","The Blue Laboratory","The Bug Knight","The Construct","The Cursed","The Death Knight","The Druid","The Necromancer","The Problem Sleuth","The Sage","TheHeartMod","TheVacant","Trackpad","Wandering Minibosses"],"gold_per_floor":[116,116,148,165,179,205,205,205,205,138,156,156,156,173,173,274,274,291,311,311,311,327,362,382,382,382,382,382,382,408,419,419,519,519,537,537,555,565,615,615,640,750,750,761,761,591,611,611,611,611],"floor_reached":51,"playtime":2974,"items_purged":[],"score":1090,"play_id":"ff78d5d5-26b4-4611-a5b0-e6fec29b4d1e","local_time":"20201219164711","is_ascension_mode":false,"campfire_choices":[{"data":"TheCursedMod:CircleOfBlood","floor":8,"key":"SMITH"},{"floor":15,"key":"DIG"},{"data":"TheCursedMod:NeowsMight","floor":25,"key":"SMITH"},{"data":"TheCursedMod:NeowsMight","floor":27,"key":"SMITH"},{"data":"TheCursedMod:CollectTribute","floor":29,"key":"SMITH"},{"data":"TheCursedMod:CursedSpellbook","floor":32,"key":"SMITH"},{"data":"TheCursedMod:AntiAging","floor":40,"key":"SMITH"},{"data":"TheCursedMod:SpitefulPlan","floor":45,"key":"SMITH"},{"floor":49,"key":"DIG"}],"circlet_count":0,"master_deck":["TheCursedMod:Strike_TheCursed","TheCursedMod:CleanUpWorkshop+1","TheCursedMod:SpitefulStrike","TheCursedMod:TacticalStrike","TheCursedMod:VitalStrike","TheCursedMod:FuryStrike","TheCursedMod:FuryStrike","TheCursedMod:CircleOfWindfury+1","TheCursedMod:CursedSpellbook+1","TheCursedMod:StunningStrike","TheCursedMod:CircleOfBlood+1","TheCursedMod:CursedShiv","TheCursedMod:WearCloak","TheCursedMod:Hemoplague","TheCursedMod:NeowsMight+1","TheCursedMod:SpitefulPlan+1","TheCursedMod:WearCloak","TheCursedMod:CollectTribute+1","TheCursedMod:NeowsMight+1","TheCursedMod:SpitefulPlan","TheCursedMod:ManaBullet","TheCursedMod:SurpriseAttack","TheCursedMod:SurpriseAttack","TheCursedMod:AntiAging+1","TheCursedMod:ReleasedStrength","TheCursedMod:HellfireBreathing+1","ReplayTheSpireMod:Splinters","Panache","TheCursedMod:CursedRelics","Madness","Madness"],"relics":["TheCursedMod:FourLeafCloverCharm","trackpad:DisasterInABottle","Pear","Onion Ring","infinitespire:Satchel","halation:EternalFortune","StuffTheSpire:GrapeVine","hubris:SlimyHat","conspire:Dentures","hubris:Potato","TheCursedMod:OminousMark","DemoMod:GlassGuonStoneRelic","HollowMod:PaleOreRelic","conspire:TopHat","Incense Burner","StuffTheSpire:ForceGauntlet"],"acts_visited":["Exordium","TheCity","TheBeyond"],"potions_floor_usage":[14,16],"damage_taken":[{"damage":0,"enemies":"2 Louse","floor":1,"turns":1},{"damage":17,"enemies":"conspire:MimicChest","floor":3,"turns":4},{"damage":4,"enemies":"conspire:RoseBush","floor":4,"turns":2},{"damage":0,"enemies":"Jaw Worm","floor":5,"turns":1},{"damage":6,"enemies":"3 Sentries","floor":6,"turns":3},{"damage":0,"enemies":"Red Slaver","floor":11,"turns":1},{"damage":3,"enemies":"3 Louse","floor":14,"turns":2},{"damage":0,"enemies":"The Guardian","floor":16,"turns":2},{"damage":0,"enemies":"conspire:FuzzyDice","floor":18,"turns":1},{"damage":0,"enemies":"Shell Parasite","floor":19,"turns":1},{"damage":0,"enemies":"Snake Plant","floor":22,"turns":1},{"damage":0,"enemies":"HollowMod:Nosk","floor":23,"turns":2},{"damage":0,"enemies":"Snecko","floor":24,"turns":2},{"damage":0,"enemies":"conspire:Head Lice","floor":30,"turns":2},{"damage":0,"enemies":"Centurion and Healer","floor":31,"turns":1},{"damage":0,"enemies":"Automaton","floor":33,"turns":1},{"damage":0,"enemies":"3 Shapes","floor":35,"turns":1},{"damage":1,"enemies":"Orb Walker","floor":37,"turns":2},{"damage":0,"enemies":"Spire Growth","floor":38,"turns":1},{"damage":0,"enemies":"Reptomancer","floor":41,"turns":1},{"damage":0,"enemies":"4 Shapes","floor":44,"turns":1},{"damage":0,"enemies":"Sphere and 2 Shapes","floor":47,"turns":1},{"damage":0,"enemies":"Donu and Deca","floor":50,"turns":1}],"seed_played":"5005516065934046002","potions_obtained":[{"floor":4,"key":"blueLaboratory:AbyssPotion"},{"floor":6,"key":"Swift Potion"},{"floor":11,"key":"BlessingOfTheForge"},{"floor":14,"key":"potionbrewer:BarricadePotion"},{"floor":19,"key":"blueLaboratory:BottleOfVodka"},{"floor":35,"key":"Adrenaline Potion"},{"floor":37,"key":"blueLaboratory:BottledHope"}],"is_trial":false,"path_per_floor":["M","?","?","M","M","E","?","R","T","$","M","?","?","M","R_BF","B",null,"M","M","?","AVR","M","E","M","R","T","R","?","R","E","M","R_BF","B",null,"M","?","M","M","T","R","E","?","T","M","R","$","M","?","R_BF","B",null],"character_chosen":"THE_CURSED","items_purchased":["TheCursedMod:SpitefulPlan","Panache"],"campfire_rested":0,"item_purchase_floors":[10,46],"current_hp_per_floor":[75,75,68,66,74,78,78,78,78,78,85,85,88,85,85,88,88,88,88,71,71,93,93,93,93,93,93,93,93,96,99,99,99,99,104,104,105,108,108,108,111,111,111,114,114,114,117,102,102,120],"gold":611,"neow_bonus":"RANDOM_EVENT","is_daily":false,"chose_seed":false,"campfire_upgraded":7,"win_rate":0.0,"timestamp":1608414431,"path_taken":["M","?","?","?","M","E","?","R","T","?","M","?","?","M","R_BF","BOSS","M","?","?","AVR","M","E","M","R","T","R","?","R","E","M","R_BF","BOSS","M","?","?","M","?","R","E","?","T","?","R","?","M","?","R_BF","BOSS"],"items_purchased_type":["Card","Card"],"build_version":"2020-12-13","purchased_purges":0,"victory":true,"max_hp_per_floor":[75,75,85,85,85,85,85,85,85,85,85,85,88,88,88,88,88,88,88,93,93,93,93,93,93,93,93,93,93,96,99,99,99,99,104,104,106,108,108,108,111,111,111,114,114,114,117,117,117,120],"card_choices":[{"not_picked":["TheCursedMod:SpitefulStrike","TheCursedMod:BlessingInDisguise"],"picked":"TheCursedMod:CircleOfBlood","floor":1},{"not_picked":["TheCursedMod:SpitefulStrike","TheCursedMod:RavingStaff"],"picked":"TheCursedMod:CursedShiv","floor":3},{"not_picked":["TheCursedMod:CursedStaff","TheCursedMod:RavingStaff"],"picked":"TheCursedMod:WearCloak","floor":4},{"not_picked":["TheCursedMod:Obscuration","TheCursedMod:VitalStrike"],"picked":"TheCursedMod:Hemoplague","floor":5},{"not_picked":["TheCursedMod:SoulReap","TheCursedMod:SmokeScreen"],"picked":"TheCursedMod:NeowsMight","floor":6},{"not_picked":["TheCursedMod:Wield","TheCursedMod:CircleOfAmplification","TheCursedMod:SoulReap"],"picked":"SKIP","floor":11},{"not_picked":["TheCursedMod:Wield","TheCursedMod:AbyssShockwave"],"picked":"TheCursedMod:WearCloak","floor":14},{"not_picked":["TheCursedMod:VoidForm","TheCursedMod:Neurasthenia"],"picked":"TheCursedMod:CollectTribute","floor":16},{"not_picked":["TheCursedMod:CursedAmulet+1","TheCursedMod:SpitefulStrike","TheCursedMod:CursedShiv"],"picked":"SKIP","floor":18},{"not_picked":["TheCursedMod:CursedBlade+1","TheCursedMod:FleshFromBone+1"],"picked":"TheCursedMod:NeowsMight","floor":19},{"not_picked":["TheCursedMod:Torture","TheCursedMod:SurpriseAttack"],"picked":"TheCursedMod:SpitefulPlan","floor":22},{"not_picked":["TheCursedMod:SmokeScreen+1","TheCursedMod:VitalStrike+1"],"picked":"TheCursedMod:ManaBullet","floor":23},{"not_picked":["TheCursedMod:CircleOfCorruption","TheCursedMod:TacticalStrike+1"],"picked":"TheCursedMod:SurpriseAttack","floor":24},{"not_picked":["TheCursedMod:Stretching","TheCursedMod:Torture"],"picked":"TheCursedMod:SurpriseAttack","floor":30},{"not_picked":["TheCursedMod:ReleasedKnowledge+1","TheCursedMod:CircleOfCorruption","TheCursedMod:BloodBarrier"],"picked":"SKIP","floor":31},{"not_picked":["TheCursedMod:ForbiddenAlchemy","TheCursedMod:DarkBarrier"],"picked":"TheCursedMod:AntiAging","floor":33},{"not_picked":["TheCursedMod:FleshFromBone","TheCursedMod:BloodBarrier+1"],"picked":"TheCursedMod:ReleasedStrength","floor":35},{"not_picked":["TheCursedMod:CursedBoomerang","TheCursedMod:SmokeScreen+1"],"picked":"TheCursedMod:HellfireBreathing+1","floor":37},{"not_picked":["TheCursedMod:SurpriseAttack","TheCursedMod:Stigma","TheCursedMod:ManaCirculation"],"picked":"SKIP","floor":38},{"not_picked":["TheCursedMod:HellfireBreathing","TheCursedMod:CircleOfAmplification","TheCursedMod:FuryStrike"],"picked":"SKIP","floor":41},{"not_picked":["TheCursedMod:TacticalStrike+1","TheCursedMod:SoulCrush","TheCursedMod:BloodBarrier"],"picked":"SKIP","floor":44},{"not_picked":["TheCursedMod:RavingStaff+1","TheCursedMod:CursedShiv"],"picked":"TheCursedMod:CursedRelics","floor":47}],"player_experience":143945,"relics_obtained":[{"floor":3,"key":"Pear"},{"floor":6,"key":"Onion Ring"},{"floor":9,"key":"infinitespire:Satchel"},{"floor":15,"key":"StuffTheSpire:GrapeVine"},{"floor":23,"key":"hubris:SlimyHat"},{"floor":26,"key":"conspire:Dentures"},{"floor":30,"key":"halation:EternalFortune"},{"floor":30,"key":"hubris:Potato"},{"floor":31,"key":"halation:EternalFortune"},{"floor":35,"key":"halation:EternalFortune"},{"floor":39,"key":"HollowMod:PaleOreRelic"},{"floor":41,"key":"conspire:TopHat"},{"floor":43,"key":"Incense Burner"},{"floor":49,"key":"StuffTheSpire:ForceGauntlet"}],"event_choices":[{"damage_healed":0,"gold_gain":0,"player_choice":"Grow","damage_taken":0,"max_hp_gain":0,"max_hp_loss":0,"event_name":"Living Wall","floor":0,"gold_loss":0,"cards_upgraded":["TheCursedMod:CircleOfWindfury"]},{"damage_healed":0,"gold_gain":0,"player_choice":"Box","damage_taken":0,"relics_obtained":["trackpad:DisasterInABottle"],"max_hp_gain":0,"max_hp_loss":0,"event_name":"Big Fish","floor":2,"gold_loss":0,"cards_obtained":["Regret"]},{"cards_removed":["Regret"],"damage_healed":0,"gold_gain":0,"player_choice":"Removed Curses","damage_taken":0,"max_hp_gain":0,"max_hp_loss":0,"event_name":"Fountain of Cleansing","floor":7,"gold_loss":0},{"damage_healed":0,"gold_gain":0,"player_choice":"Ignored","damage_taken":0,"max_hp_gain":0,"max_hp_loss":0,"event_name":"betterNote:BetterNote","floor":12,"gold_loss":0,"cards_obtained":["infinitespire:UltimateForm"]},{"damage_healed":0,"gold_gain":0,"player_choice":"Shed Blood","damage_taken":22,"max_hp_gain":5,"max_hp_loss":0,"event_name":"Forgotten Altar","floor":20,"gold_loss":0},{"damage_healed":0,"gold_gain":0,"player_choice":"Forge","damage_taken":0,"max_hp_gain":0,"max_hp_loss":0,"event_name":"Accursed Blacksmith","floor":36,"gold_loss":0,"cards_upgraded":["TheCursedMod:CleanUpWorkshop"]},{"damage_healed":0,"gold_gain":0,"player_choice":"Embrace Madness","damage_taken":15,"max_hp_gain":0,"max_hp_loss":0,"event_name":"Winding Halls","floor":48,"gold_loss":0,"cards_obtained":["Madness","Madness"]}],"is_beta":false,"boss_relics":[{"not_picked":["aspiration:PoetsPen_weak","Replay:Grab Bag","Replay:Wanted Poster"]},{"not_picked":["infinitespire:Cupcake","hubris:VirtuousBlindfold"],"picked":"TheCursedMod:OminousMark"}],"items_purged_floors":[],"is_endless":false,"potions_floor_spawned":[4,6,11,14,19,23,24,33,35,37,41],"ascension_level":0}}