{"host":"Niota","time":1608396560,"event":{"mods":["BaseMod","Colored Map","Colored Powertips","DeckTracker","Highlight Path","Minty Spire (QoL Compilation)"],"gold_per_floor":[117,192,157,157,176,176,209,209,209,240,240,261,282,325,325,451,451,451,451,451,451,451,451,451,451,451,451,451],"floor_reached":27,"playtime":1028,"items_purged":[],"score":470,"play_id":"fd51d7e1-fb42-49a6-8060-95f25b3ecdb4","local_time":"20201219174920","is_ascension_mode":true,"campfire_choices":[{"data":"Zap","floor":6,"key":"SMITH"},{"data":"Capacitor","floor":8,"key":"SMITH"},{"data":"Hologram","floor":11,"key":"SMITH"},{"data":"Darkness","floor":15,"key":"SMITH"},{"data":"Sunder","floor":25,"key":"SMITH"}],"circlet_count":0,"master_deck":["Strike_B","Strike_B","Strike_B","Strike_B","Defend_B","Defend_B","Defend_B","Defend_B","Zap+1","Dualcast","Ball Lightning","Ball Lightning","Capacitor+1","Hologram+1","Darkness+1","Turbo","Cold Snap","Echo Form","Chill","RitualDagger","Sunder+1","Amplify","Turbo+1"],"relics":["Cracked Core","NeowsBlessing","Golden Idol","Lizard Tail","Incense Burner","Bag of Marbles","Blood Vial","Ectoplasm","Art of War","Shuriken"],"acts_visited":["Exordium","TheCity"],"potions_floor_usage":[14,14,18,22,23,27],"damage_taken":[{"damage":0,"enemies":"Small Slimes","floor":1,"turns":1},{"damage":0,"enemies":"Jaw Worm","floor":5,"turns":1},{"damage":0,"enemies":"Gremlin Nob","floor":7,"turns":1},{"damage":29,"enemies":"Lagavulin","floor":10,"turns":6},{"damage":0,"enemies":"Cultist","floor":12,"turns":2},{"damage":7,"enemies":"3 Louse","floor":13,"turns":2},{"damage":2,"enemies":"3 Sentries","floor":14,"turns":4},{"damage":0,"enemies":"Slime Boss","floor":16,"turns":9},{"damage":4,"enemies":"Chosen","floor":18,"turns":5},{"damage":11,"enemies":"Spheric Guardian","floor":22,"turns":4},{"damage":37,"enemies":"Gremlin Leader","floor":23,"turns":7},{"damage":17,"enemies":"Snake Plant","floor":24,"turns":4},{"damage":42,"enemies":"Slavers","floor":27,"turns":3}],"seed_played":"65181701777966389","potions_obtained":[{"floor":7,"key":"GamblersBrew"},{"floor":10,"key":"Swift Potion"},{"floor":12,"key":"DistilledChaos"},{"floor":13,"key":"Energy Potion"},{"floor":14,"key":"Block Potion"},{"floor":18,"key":"PowerPotion"},{"floor":24,"key":"Strength Potion"}],"is_trial":false,"path_per_floor":["M","?","?","?","M","R","E","R","T","E","R","M","M","E","R","B",null,"M","?","?","T","M","E","M","R","T","E"],"character_chosen":"DEFECT","items_purchased":[],"campfire_rested":0,"item_purchase_floors":[],"current_hp_per_floor":[68,57,75,69,69,69,69,69,69,40,40,40,33,31,31,33,60,58,58,52,52,43,8,34,34,34,0,0],"gold":451,"neow_bonus":"THREE_ENEMY_KILL","is_daily":false,"chose_seed":false,"campfire_upgraded":5,"win_rate":0.0,"timestamp":1608396560,"path_taken":["M","?","?","?","?","R","E","R","T","E","R","M","M","E","R","BOSS","M","?","?","?","?","E","M","R","T","E"],"items_purchased_type":[],"build_version":"2020-12-18","purchased_purges":0,"victory":false,"max_hp_per_floor":[75,75,75,69,69,69,69,69,69,69,69,69,69,69,69,69,69,69,69,69,69,69,69,69,69,69,69,69],"card_choices":[{"not_picked":["Genetic Algorithm","Compile Driver"],"picked":"Ball Lightning","floor":1},{"not_picked":["Rebound","Blizzard"],"picked":"Ball Lightning","floor":5},{"not_picked":["Hello World","Stack"],"picked":"Capacitor","floor":7},{"not_picked":["Rebound","Gash"],"picked":"Hologram","floor":10},{"not_picked":["Sweeping Beam","Genetic Algorithm"],"picked":"Darkness","floor":12},{"not_picked":["Rebound","Gash"],"picked":"Turbo","floor":13},{"not_picked":["Static Discharge","Thunder Strike"],"picked":"Cold Snap","floor":14},{"not_picked":["Biased Cognition","Reboot"],"picked":"Echo Form","floor":16},{"not_picked":["Blizzard","Gash"],"picked":"Chill","floor":18},{"not_picked":["Turbo","Redo"],"picked":"Sunder","floor":22},{"not_picked":["Sunder","Conserve Battery+1"],"picked":"Amplify","floor":23},{"not_picked":["Hologram+1","Loop"],"picked":"Turbo+1","floor":24}],"player_experience":809648,"relics_obtained":[{"floor":7,"key":"Lizard Tail"},{"floor":9,"key":"Incense Burner"},{"floor":10,"key":"Bag of Marbles"},{"floor":14,"key":"Blood Vial"},{"floor":23,"key":"Art of War"},{"floor":26,"key":"Shuriken"}],"event_choices":[{"damage_healed":0,"gold_gain":75,"player_choice":"Gather Gold","damage_taken":11,"max_hp_gain":0,"max_hp_loss":0,"event_name":"World of Goop","floor":2,"gold_loss":0},{"damage_healed":18,"gold_gain":0,"player_choice":"Healed","damage_taken":0,"max_hp_gain":0,"max_hp_loss":0,"event_name":"The Cleric","floor":3,"gold_loss":35},{"damage_healed":0,"gold_gain":0,"player_choice":"Lose Max HP","damage_taken":0,"relics_obtained":["Golden Idol"],"max_hp_gain":0,"max_hp_loss":6,"event_name":"Golden Idol","floor":4,"gold_loss":0},{"damage_healed":0,"gold_gain":0,"player_choice":"Ignored","damage_taken":0,"max_hp_gain":0,"max_hp_loss":0,"event_name":"Beggar","floor":19,"gold_loss":0},{"damage_healed":0,"gold_gain":0,"player_choice":"Joined the Cult","damage_taken":6,"max_hp_gain":0,"max_hp_loss":0,"event_name":"Nest","floor":20,"gold_loss":0,"cards_obtained":["RitualDagger"]}],"is_beta":true,"boss_relics":[{"not_picked":["Velvet Choker","Runic Dome"],"picked":"Ectoplasm"}],"items_purged_floors":[],"is_endless":false,"potions_floor_spawned":[7,10,12,13,14,18,24],"killed_by":"Slavers","ascension_level":9}}