{"host":"pbilagsjdlm37x3a","time":1608353227,"event":{"mods":["Act Like it!","BaseMod","Gensokyo","Lobotomy","LobotomyExtend","Minty Spire (QoL Compilation)","Rare Cards Sparkle","StSLib","[IsaacMod]ÒÔÈö¼âËþ","everything is the same but u backflip on backflip","vexMod"],"gold_per_floor":[112,130,130,142,16255,16255,16272,16302,16302,15515,15615,15656,15656,15656,15656,15773,15773,15797,14781,13923,13923,13936,14004,14004,14004,14054,14054,14138,14138],"floor_reached":28,"playtime":1657,"items_purged":["Strike_B","Defend_B","Strike_B","Defend_B","Defend_B"],"score":334,"play_id":"c5d35d51-571e-4790-a971-f5386d815122","local_time":"20201219124707","is_ascension_mode":false,"campfire_choices":[{"data":"Genetic Algorithm","floor":6.0,"key":"SMITH"},{"data":"ElectricPowerLearning","floor":15.0,"key":"SMITH"},{"data":"Heatsinks","floor":24,"key":"SMITH"},{"data":"Gensokyo:HAARP","floor":27,"key":"SMITH"}],"circlet_count":0,"master_deck":["Strike_B","Strike_B","Defend_B","Dualcast","EpicFetus","Cancel","FairyFestival","Chill","Genetic Algorithm+1","ElectricPowerLearning+1","Coolheaded","Capacitor","Self Repair","Loop","Melter","Hello World","Fan","Echo Form","Cancel+1","vexMod:StairwayStrike","Panacea","Heatsinks+1","Self Repair","Gensokyo:HAARP+1"],"relics":["Cracked Core","HushsDoor","BFFS","CogitoBucket","LetterFromLob","Gensokyo:Justice","TheBattery","HowToJump","Kunai","Lantern","Medical Kit","Omamori","SalivaCoin","Gensokyo:NagashiBinaDoll","Shuriken","Calling Bell","Bag of Marbles","DeadEye","BlankCard","GuppysHairball","Lee\u0027s Waffle","Orichalcum","Dead Branch","OrangePellets","Boot","Strawberry","Gensokyo:ConquerorOfFear","vexMod:InvisibilityCloak","Ancient Tea Set"],"acts_visited":["Gensokyo:Gensokyo","Gensokyo:Gensokyoer"],"potions_floor_usage":[28,28],"damage_taken":[{"damage":0.0,"enemies":"Gensokyo:3_Fairies","floor":1.0,"turns":3.0},{"damage":6.0,"enemies":"Gensokyo:Python","floor":2.0,"turns":3.0},{"damage":4.0,"enemies":"Gensokyo:2_Kodama","floor":4.0,"turns":3.0},{"damage":12.0,"enemies":"Gensokyo:2_Rabbits","floor":7.0,"turns":3.0},{"damage":24.0,"enemies":"Gensokyo:Mamizou","floor":8.0,"turns":10.0},{"damage":3.0,"enemies":"Gensokyo:LivingMonolith","floor":12.0,"turns":14.0},{"damage":0.0,"enemies":"Gensokyo:Yukari","floor":16.0,"turns":10.0},{"damage":0.0,"enemies":"Gensokyo:AngelMirror","floor":18.0,"turns":1.0},{"damage":0,"enemies":"Gensokyo:2_Gloops","floor":22,"turns":4},{"damage":57,"enemies":"Gensokyo:Reisen","floor":23,"turns":7},{"damage":73,"enemies":"Gensokyo:Wraith","floor":28,"turns":6}],"seed_played":"-2641109402471427263","potions_obtained":[{"floor":1.0,"key":"SkillPotion"},{"floor":2.0,"key":"SpeedPotion"},{"floor":16.0,"key":"Energy Potion"}],"is_trial":false,"path_per_floor":["M","M","?","M","$","R","M","E","T","$","?","M","?","T","R","B",null,"M","$","$","?","M","E","R","?","T","R","M"],"character_chosen":"DEFECT","items_purchased":["ElectricPowerLearning","TheBattery","HowToJump","Kunai","Coolheaded","PotionOfCapacity","Medical Kit","Omamori","SalivaCoin","Loop","Melter","AttackPotion","DuplicationPotion","GuppysHairball","Lee\u0027s Waffle","Orichalcum","Dead Branch","vexMod:StairwayStrike","Panacea","OrangePellets","Boot","Strawberry","Fruit Juice","DuplicationPotion","Heatsinks"],"campfire_rested":0,"item_purchase_floors":[5,5,5,5,5,5,10,10,10,10,10,10,10,17,19,19,19,19,19,20,20,20,20,20,20],"current_hp_per_floor":[75,69,69,69,69,69,64,61,61,61,61,75,75,75,75,75,60,60,67,79,79,79,51,51,51,51,51,0,0],"gold":14138,"neow_bonus":"","is_daily":false,"chose_seed":false,"campfire_upgraded":4,"win_rate":0.0,"timestamp":1608353227,"path_taken":["M","M","?","M","$","R","?","E","T","$","?","M","?","?","R","BOSS","M","?","$","?","M","E","R","?","T","R","M"],"items_purchased_type":["Card","Relic","Relic","Relic","Card","Potion","Relic","Relic","Relic","Card","Card","Potion","Potion","Relic","Relic","Relic","Relic","Card","Card","Relic","Relic","Relic","Potion","Potion","Card"],"build_version":"2020-12-13","purchased_purges":5,"victory":false,"max_hp_per_floor":[75,75,75,75,75,75,75,75,75,75,75,75,75,75,75,75,60,60,67,79,79,79,79,79,72,72,72,72,72],"card_choices":[{"not_picked":[],"picked":"EpicFetus","floor":0.0},{"not_picked":["Redo","Leap"],"picked":"Cancel","floor":1.0},{"not_picked":["PunishingBird","UniverseFragment"],"picked":"FairyFestival","floor":2.0},{"not_picked":["Reprogram","Hologram"],"picked":"Chill","floor":2.0},{"not_picked":["Rebound","Streamline"],"picked":"Genetic Algorithm","floor":4.0},{"not_picked":["Streamline","Ball Lightning"],"picked":"Capacitor","floor":7.0},{"not_picked":["Scrape","Beam Cell"],"picked":"Self Repair","floor":8.0},{"not_picked":["Coolheaded","Redo"],"picked":"Hello World","floor":11.0},{"not_picked":["Conserve Battery","Double Energy"],"picked":"Fan","floor":12.0},{"not_picked":["Machine Learning","Biased Cognition"],"picked":"Echo Form","floor":16.0},{"not_picked":["Barrage","Gash"],"picked":"Cancel+1","floor":18.0},{"not_picked":["Stack","Compile Driver"],"picked":"Self Repair","floor":22},{"not_picked":["Cancel","Turbo","Conserve Battery"],"picked":"SKIP","floor":23},{"not_picked":["Gensokyo:SpontaneousHumanCombustion","Gensokyo:Kunekune"],"picked":"Gensokyo:HAARP","floor":25}],"player_experience":524517,"relics_obtained":[{"floor":1.0,"key":"LetterFromLob"},{"floor":8.0,"key":"Lantern"},{"floor":14.0,"key":"Shuriken"},{"floor":17.0,"key":"Bag of Marbles"},{"floor":17.0,"key":"DeadEye"},{"floor":17.0,"key":"BlankCard"},{"floor":22,"key":"Gensokyo:ConquerorOfFear"},{"floor":23,"key":"vexMod:InvisibilityCloak"},{"floor":26,"key":"Ancient Tea Set"}],"event_choices":[],"is_beta":false,"boss_relics":[{"not_picked":["Snecko Eye","Black Star"],"picked":"Calling Bell"},{"not_picked":[]}],"items_purged_floors":[5,10,17,19,20],"is_endless":false,"potions_floor_spawned":[1,2,16,18,23],"killed_by":"Gensokyo:Wraith","ascension_level":0}}