{"host":"esx1hwjnbftf3eqj","time":1608413552,"event":{"mods":["BaseMod","Colored Map","Minty Spire (QoL Compilation)","StSLib","The Jungle"],"gold_per_floor":[109,59,79,93,107,107,122,122,191,191,204,204,238,254,254,375,375,391,490,537,537,562,562,602,602,602,623,268,48,69,100,100,220,220,234,234,249,249,249,249,293,293,316,357,426,469,347,347,347,347],"floor_reached":51,"playtime":6735,"items_purged":["Fusion","Sunder+1"],"score":1045,"play_id":"3c3e70d8-6b03-4a7b-b748-27c0484888f1","local_time":"20201219133232","is_ascension_mode":true,"campfire_choices":[{"data":"Creative AI","floor":6,"key":"SMITH"},{"data":"Dualcast","floor":8,"key":"SMITH"},{"data":"Storm","floor":10,"key":"SMITH"},{"data":"Ball Lightning","floor":15,"key":"SMITH"},{"data":"Double Energy","floor":23,"key":"SMITH"},{"floor":25,"key":"REST"},{"data":"Seek","floor":32,"key":"SMITH"},{"data":"1","floor":40,"key":"LIFT"},{"data":"2","floor":42,"key":"LIFT"},{"data":"3","floor":49,"key":"LIFT"}],"circlet_count":0,"master_deck":["Zap+1","Dualcast+1","Conserve Battery+1","Conserve Battery+1","Creative AI+1","BootSequence+1","Storm+1","Ball Lightning+1","Conserve Battery+1","Seek+1","Seek+1","Thunder Strike+1","Streamline+1","Echo Form+1","Double Energy+1","Double Energy+1","Glacier+1","Tempest+1","Glacier+1","Storm+1","Conserve Battery+1","Ball Lightning+1","Heatsinks+1","Fission+1","Hologram+1","Steam Power+1","Hello World"],"relics":["Cracked Core","Bottled Lightning","Golden Idol","Girya","Pandora\u0027s Box","PreservedInsect","War Paint","Mango","Membership Card","Toxic Egg 2","Chemical X","MealTicket","InkBottle","Busted Crown","Mark of the Bloom","Mercury Hourglass","Oddly Smooth Stone","Juzu Bracelet","Pear","Singing Bowl"],"acts_visited":["Exordium","TheCity","TheBeyond"],"potions_floor_usage":[13,16,18,24,33],"damage_taken":[{"damage":0,"enemies":"Jaw Worm","floor":1,"turns":3},{"damage":8,"enemies":"Small Slimes","floor":3,"turns":3},{"damage":0,"enemies":"2 Louse","floor":4,"turns":3},{"damage":8,"enemies":"Exordium Wildlife","floor":5,"turns":4},{"damage":0,"enemies":"Looter","floor":7,"turns":3},{"damage":0,"enemies":"Red Slaver","floor":11,"turns":4},{"damage":6,"enemies":"Gremlin Nob","floor":13,"turns":4},{"damage":5,"enemies":"Lots of Slimes","floor":14,"turns":4},{"damage":19,"enemies":"Slime Boss","floor":16,"turns":9},{"damage":5,"enemies":"2 Thieves","floor":18,"turns":3},{"damage":19,"enemies":"Spheric Guardian","floor":22,"turns":4},{"damage":20,"enemies":"Slavers","floor":24,"turns":4},{"damage":6,"enemies":"Cultist and Chosen","floor":27,"turns":5},{"damage":0,"enemies":"Shelled Parasite and Fungi","floor":30,"turns":4},{"damage":0,"enemies":"Gremlin Leader","floor":31,"turns":5},{"damage":6,"enemies":"Automaton","floor":33,"turns":4},{"damage":0,"enemies":"3 Darklings","floor":35,"turns":5},{"damage":6,"enemies":"Orb Walker","floor":37,"turns":3},{"damage":0,"enemies":"Giant Head","floor":41,"turns":2},{"damage":7,"enemies":"Nemesis","floor":44,"turns":3},{"damage":0,"enemies":"Giant Head","floor":46,"turns":3},{"damage":33,"enemies":"Time Eater","floor":50,"turns":6}],"seed_played":"-235502986872448904","potions_obtained":[{"floor":5,"key":"ColorlessPotion"},{"floor":7,"key":"Weak Potion"},{"floor":14,"key":"ColorlessPotion"},{"floor":22,"key":"BlessingOfTheForge"},{"floor":27,"key":"FocusPotion"},{"floor":37,"key":"ColorlessPotion"},{"floor":41,"key":"Strength Potion"}],"is_trial":false,"path_per_floor":["M","?","M","M","M","R","M","R","T","R","M","?","E","M","R","B",null,"M","?","T","?","M","R","E","R","T","M","$","$","M","E","R","B",null,"M","?","M","?","?","R","E","R","T","E","T","E","$","?","R","B",null],"character_chosen":"DEFECT","items_purchased":["Membership Card","Toxic Egg 2","Glacier+1","Chemical X","Storm","MealTicket","Conserve Battery+1","Ball Lightning","Steam Power+1","Hello World"],"campfire_rested":1,"item_purchase_floors":[28,28,28,29,29,29,29,29,47,47],"current_hp_per_floor":[75,75,67,67,59,59,59,59,59,59,59,41,35,30,30,11,59,54,54,54,54,35,35,15,37,51,45,45,45,45,45,45,39,77,77,77,71,71,71,71,71,71,71,64,64,64,64,64,64,31],"gold":347,"neow_bonus":"UPGRADE_CARD","is_daily":false,"chose_seed":false,"campfire_upgraded":6,"win_rate":0.0,"timestamp":1608413552,"path_taken":["M","?","M","M","M","R","M","R","T","R","M","?","E","M","R","BOSS","M","?","?","?","M","R","E","R","T","?","?","$","?","E","R","BOSS","M","?","M","?","?","R","E","R","T","E","?","E","$","?","R","BOSS"],"items_purchased_type":["Relic","Relic","Card","Relic","Card","Relic","Card","Card","Card","Card"],"build_version":"2020-12-13","purchased_purges":2,"victory":true,"max_hp_per_floor":[75,75,75,75,75,75,75,75,75,75,75,75,75,75,75,75,75,75,75,75,75,75,75,75,75,89,89,89,89,89,89,89,89,89,89,89,89,89,78,78,78,78,78,78,88,88,88,88,88,88],"card_choices":[{"not_picked":["Turbo","Compile Driver"],"picked":"Conserve Battery","floor":1},{"not_picked":["Compile Driver","Cold Snap"],"picked":"Conserve Battery","floor":3},{"not_picked":["Gash","Beam Cell"],"picked":"Creative AI","floor":4},{"not_picked":["Gash","Rebound"],"picked":"BootSequence","floor":5},{"not_picked":["Conserve Battery","Streamline"],"picked":"Storm","floor":7},{"not_picked":["Conserve Battery","Hologram"],"picked":"Ball Lightning","floor":11},{"not_picked":["Static Discharge","Sweeping Beam"],"picked":"Conserve Battery","floor":13},{"not_picked":["Turbo","Recycle","Gash"],"picked":"SKIP","floor":14},{"not_picked":["Hyperbeam","Buffer"],"picked":"Seek","floor":16},{"not_picked":["Ball Lightning","Leap"],"picked":"Double Energy","floor":18},{"not_picked":["Rebound","Redo"],"picked":"Double Energy","floor":22},{"not_picked":["Chill+1","Sweeping Beam+1"],"picked":"Glacier+1","floor":24},{"not_picked":["Doom and Gloom","Melter"],"picked":"Tempest","floor":27},{"not_picked":["Steam+1","Gash"],"picked":"Heatsinks","floor":30},{"not_picked":["Consume+1","Turbo+1","Chill+1"],"picked":"SKIP","floor":31},{"not_picked":["Rainbow+1","Buffer"],"picked":"Fission+1","floor":33},{"not_picked":["Turbo+1"],"picked":"SKIP","floor":35},{"not_picked":["Stack+1"],"picked":"SKIP","floor":37},{"not_picked":[],"picked":"Hologram+1","floor":41},{"not_picked":["Stack+1"],"picked":"SKIP","floor":44},{"not_picked":["Rebound+1"],"picked":"SKIP","floor":46}],"player_experience":490803,"relics_obtained":[{"floor":9,"key":"Bottled Lightning"},{"floor":13,"key":"Girya"},{"floor":20,"key":"PreservedInsect"},{"floor":24,"key":"War Paint"},{"floor":26,"key":"Mango"},{"floor":31,"key":"InkBottle"},{"floor":41,"key":"Mercury Hourglass"},{"floor":43,"key":"Oddly Smooth Stone"},{"floor":44,"key":"Juzu Bracelet"},{"floor":45,"key":"Pear"},{"floor":46,"key":"Singing Bowl"}],"event_choices":[{"cards_removed":["Strike_B"],"damage_healed":0,"gold_gain":0,"player_choice":"Card Removal","damage_taken":0,"max_hp_gain":0,"max_hp_loss":0,"event_name":"The Cleric","floor":2,"gold_loss":50},{"damage_healed":0,"gold_gain":0,"player_choice":"Take Damage","damage_taken":18,"relics_obtained":["Golden Idol"],"max_hp_gain":0,"max_hp_loss":0,"event_name":"Golden Idol","floor":12,"gold_loss":0},{"damage_healed":0,"gold_gain":99,"player_choice":"Stole From Cult","damage_taken":0,"max_hp_gain":0,"max_hp_loss":0,"event_name":"Nest","floor":19,"gold_loss":0},{"damage_healed":0,"gold_gain":0,"player_choice":"Ignored","damage_taken":0,"max_hp_gain":0,"max_hp_loss":0,"event_name":"Vampires","floor":21,"gold_loss":0},{"cards_removed":["Core Surge"],"damage_healed":0,"gold_gain":0,"player_choice":"Removed Attack","damage_taken":0,"max_hp_gain":0,"max_hp_loss":0,"event_name":"Falling","floor":36,"gold_loss":0},{"damage_healed":0,"gold_gain":0,"player_choice":"Upgrade","damage_taken":0,"relics_obtained":["Mark of the Bloom"],"max_hp_gain":0,"max_hp_loss":0,"event_name":"MindBloom","floor":38,"gold_loss":0,"cards_upgraded":["Conserve Battery","BootSequence","Conserve Battery","Thunder Strike","Streamline","Sunder","Echo Form","Double Energy","Tempest","Storm","Ball Lightning","Heatsinks"]},{"damage_healed":78,"gold_gain":0,"player_choice":"Heal","damage_taken":0,"max_hp_gain":0,"max_hp_loss":11,"event_name":"The Moai Head","floor":39,"gold_loss":0},{"damage_healed":0,"gold_gain":0,"player_choice":"Ignored","damage_taken":0,"max_hp_gain":0,"max_hp_loss":0,"event_name":"Mysterious Sphere","floor":48,"gold_loss":0}],"is_beta":false,"boss_relics":[{"not_picked":["Nuclear Battery","Calling Bell"],"picked":"Pandora\u0027s Box"},{"not_picked":["Inserter","Velvet Choker"],"picked":"Busted Crown"}],"items_purged_floors":[28,47],"is_endless":false,"potions_floor_spawned":[5,7,14,22,27,37,41],"ascension_level":5}}