{"host":"avjwtc49fhlk6kym","time":1608416829,"event":{"mods":["AchievementEnabler","BaseMod","Better Match","Better Note","Better Third Choice","Colored Map","Colored Powertips","Displayed Cursed Tome","Highlight Path","Minty Spire (QoL Compilation)","Permanent Neow","Quick Restart","StSLib"],"gold_per_floor":[112,126,76,36,36,36,49,67,91,91,101,120,120,134,134,238,238,256,267,267,267],"floor_reached":20,"playtime":657,"items_purged":[],"score":168,"play_id":"70e4314f-66d8-408b-a761-33c7065841d8","local_time":"20201219172709","is_ascension_mode":false,"campfire_choices":[{"data":"Eruption","floor":6,"key":"SMITH"},{"data":"ForeignInfluence","floor":10,"key":"SMITH"},{"floor":13,"key":"REST"},{"data":"CrushJoints","floor":15,"key":"SMITH"}],"circlet_count":0,"master_deck":["Strike_P","Strike_P","Strike_P","Defend_P","Defend_P","Eruption+1","Vigilance","The Bomb","ForeignInfluence+1","PathToVictory","WindmillStrike","WindmillStrike","CarveReality","CrushJoints+1","Wireheading","CrushJoints","MasterReality","LikeWater+1","Vault+1","SignatureMove+1","LikeWater","CarveReality"],"relics":["PureWater","PreservedInsect","Astrolabe"],"acts_visited":["Exordium","TheCity"],"potions_floor_usage":[2,7,7,12,16,16,18],"damage_taken":[{"damage":5,"enemies":"Small Slimes","floor":1,"turns":5},{"damage":2,"enemies":"Cultist","floor":2,"turns":4},{"damage":3,"enemies":"Jaw Worm","floor":7,"turns":3},{"damage":0,"enemies":"Lots of Slimes","floor":8,"turns":1},{"damage":2,"enemies":"Blue Slaver","floor":11,"turns":3},{"damage":15,"enemies":"Exordium Thugs","floor":12,"turns":3},{"damage":0,"enemies":"3 Louse","floor":14,"turns":2},{"damage":15,"enemies":"Slime Boss","floor":16,"turns":6},{"damage":40,"enemies":"3 Byrds","floor":18,"turns":5},{"damage":27,"enemies":"Shell Parasite","floor":19,"turns":4},{"damage":6,"enemies":"Snake Plant","floor":20,"turns":1}],"seed_played":"-3104950486622530914","potions_obtained":[{"floor":1,"key":"DistilledChaos"},{"floor":5,"key":"AttackPotion"},{"floor":5,"key":"BlessingOfTheForge"},{"floor":5,"key":"Ancient Potion"},{"floor":7,"key":"Block Potion"},{"floor":11,"key":"FearPotion"},{"floor":14,"key":"BlessingOfTheForge"}],"is_trial":false,"path_per_floor":["M","M","?","$","?","R","M","M","T","R","M","M","R","M","R","B",null,"M","M","M"],"character_chosen":"WATCHER","items_purchased":["WindmillStrike"],"campfire_rested":1,"item_purchase_floors":[4],"current_hp_per_floor":[67,65,65,65,65,65,62,62,62,62,60,45,66,66,66,51,72,32,5,0,0],"gold":267,"neow_bonus":"RANDOM_COLORLESS_2","is_daily":false,"chose_seed":false,"campfire_upgraded":3,"win_rate":0.0,"timestamp":1608416829,"path_taken":["M","M","?","$","?","R","M","?","T","R","M","M","R","M","R","BOSS","M","M","M"],"items_purchased_type":["Card"],"build_version":"2020-12-13","purchased_purges":0,"victory":false,"max_hp_per_floor":[72,72,72,72,72,72,72,72,72,72,72,72,72,72,72,72,72,72,72,72,72],"card_choices":[{"not_picked":["Secret Weapon","Metamorphosis"],"picked":"The Bomb","floor":0.0},{"not_picked":["MentalFortress","WaveOfTheHand"],"picked":"ForeignInfluence","floor":1},{"not_picked":["CarveReality","EmptyFist"],"picked":"PathToVictory","floor":2},{"not_picked":["Sanctity","WreathOfFlame"],"picked":"WindmillStrike","floor":7},{"not_picked":["Indignation","Prostrate"],"picked":"CarveReality","floor":8},{"not_picked":["FearNoEvil","ClearTheMind"],"picked":"CrushJoints","floor":11},{"not_picked":["FlyingSleeves","Fasting2"],"picked":"Wireheading","floor":12},{"not_picked":["Swivel","ThirdEye"],"picked":"CrushJoints","floor":14},{"not_picked":["ConjureBlade","SpiritShield"],"picked":"MasterReality","floor":16},{"not_picked":["Evaluate","Halt"],"picked":"LikeWater","floor":18},{"not_picked":["Indignation","Wireheading"],"picked":"CarveReality","floor":19}],"player_experience":352638,"relics_obtained":[{"floor":9,"key":"PreservedInsect"}],"event_choices":[{"cards_removed":["Doubt"],"damage_healed":0,"gold_gain":0,"player_choice":"Card Removal","damage_taken":0,"max_hp_gain":0,"max_hp_loss":0,"event_name":"The Cleric","floor":3,"gold_loss":50},{"damage_healed":0,"gold_gain":0,"player_choice":"Got Potions","damage_taken":0,"max_hp_gain":0,"max_hp_loss":0,"event_name":"Lab","floor":5,"gold_loss":0}],"is_beta":false,"boss_relics":[{"not_picked":["Runic Pyramid","Coffee Dripper"],"picked":"Astrolabe"}],"items_purged_floors":[],"is_endless":false,"potions_floor_spawned":[1,7,11,14],"killed_by":"Snake Plant","ascension_level":0}}