{"host":"n1v11un6j7y72mz7","time":1608400486,"event":{"mods":["ATMod(°¢èªMod)","BaseMod","Downfall","KomeijiMod","Minty Spire (QoL Compilation)","READ ME - Guardian Mod","StSLib","Waifu the Spire"],"gold_per_floor":[0,56,56,81,81,97,97,97,108,33,47,67,67,83,103,103,103],"floor_reached":16,"playtime":1011,"items_purged":[],"score":147,"play_id":"142c1dfb-21fb-4c6a-8e83-83e8fd700255","local_time":"20201220015446","is_ascension_mode":true,"campfire_choices":[{"floor":1,"key":"RECALL"},{"floor":3,"key":"REST"},{"floor":8,"key":"REST"},{"floor":10,"key":"REST"}],"circlet_count":0,"master_deck":["Guardian:Strike_Guardian","Guardian:Strike_Guardian","Guardian:Strike_Guardian","Guardian:Strike_Guardian","Guardian:Defend_Guardian","Guardian:Defend_Guardian","Guardian:Defend_Guardian","Guardian:Defend_Guardian","Guardian:CurlUp","Guardian:TwinSlam","AT_FocusSwordFire","Guardian:CompilePackage","Guardian:RollAttack","Guardian:Gem_Synthetic","Guardian:Harden","Guardian:PrismaticBarrier","Guardian:Gem_Crimson"],"relics":["Guardian:ModeShifter","AT_ATBox","Ginger","Pear","Frozen Egg 2","downfall:HeartBlessingRed"],"acts_visited":["Exordium"],"potions_floor_usage":[11,15,16,16],"damage_taken":[{"damage":53,"enemies":"Lagavulin Event","floor":2,"turns":9},{"damage":30,"enemies":"Lagavulin","floor":4,"turns":6},{"damage":3,"enemies":"2 Louse","floor":6,"turns":2},{"damage":12,"enemies":"Cultist","floor":9,"turns":4},{"damage":12,"enemies":"Jaw Worm","floor":11,"turns":2},{"damage":0,"enemies":"2 Fungi Beasts","floor":12,"turns":2},{"damage":0,"enemies":"Large Slime","floor":14,"turns":5},{"damage":0,"enemies":"3 Louse","floor":15,"turns":2},{"damage":72,"enemies":"downfall:Ironclad","floor":16,"turns":10}],"seed_played":"516024109870326519","potions_obtained":[{"floor":4,"key":"Guardian:BlockOnCardUsePotion"},{"floor":5,"key":"hexamod:EctoCoolerPotion"},{"floor":5,"key":"Guardian:BlockOnCardUsePotion"},{"floor":14,"key":"DuplicationPotion"}],"is_trial":false,"path_per_floor":["R","?","R","E","?","M","T","R","M","R","M","M","?","M","M","B"],"character_chosen":"GUARDIAN","items_purchased":[],"campfire_rested":3,"item_purchase_floors":[],"current_hp_per_floor":[80,27,51,31,31,28,28,55,43,70,58,58,63,63,63,0,0],"gold":103,"neow_bonus":"THREE_RARE_CARDS","is_daily":false,"chose_seed":false,"campfire_upgraded":0,"win_rate":0.0,"timestamp":1608400486,"path_taken":["R","?","R","E","?","M","T","R","M","R","?","M","?","M","M","BOSS"],"items_purchased_type":[],"build_version":"2020-12-13","purchased_purges":0,"victory":false,"max_hp_per_floor":[80,80,80,90,90,90,90,90,90,90,90,90,95,95,95,95,95],"card_choices":[{"not_picked":["Guardian:StasisField","Guardian:GemFire"],"picked":"Guardian:CompilePackage","floor":0},{"not_picked":["Guardian:PrimingBeam","Guardian:ShieldCharger"],"picked":"Guardian:Gem_Lightblue","floor":2},{"not_picked":["Guardian:CompilePackage","Guardian:Planning"],"picked":"Guardian:RollAttack","floor":4},{"not_picked":["Guardian:Gem_Cyan","Guardian:TemporalStrike"],"picked":"Guardian:Gem_Green","floor":6},{"not_picked":["Guardian:Suspension","Guardian:PrismaticBarrier"],"picked":"Guardian:Gem_Crimson","floor":9},{"not_picked":["Guardian:DecasProtection","Guardian:Gem_Blue"],"picked":"Guardian:Gem_Synthetic","floor":11},{"not_picked":["Guardian:Gem_Cyan","Guardian:ChargeCore"],"picked":"Guardian:Harden","floor":12},{"not_picked":["Guardian:PrimingBeam","Guardian:Gem_Green"],"picked":"Guardian:PrismaticBarrier","floor":14},{"not_picked":["Guardian:Gem_Green","Guardian:Gem_Lightblue"],"picked":"Guardian:Gem_Crimson","floor":15}],"player_experience":150610,"relics_obtained":[{"floor":2,"key":"Ginger"},{"floor":4,"key":"Pear"},{"floor":7,"key":"Frozen Egg 2"}],"event_choices":[{"damage_healed":0,"gold_gain":0,"player_choice":"Got Potions","damage_taken":0,"max_hp_gain":0,"max_hp_loss":0,"event_name":"Lab","floor":5,"gold_loss":0},{"damage_healed":0,"gold_gain":0,"player_choice":"Donut","damage_taken":0,"max_hp_gain":5,"max_hp_loss":0,"event_name":"Big Fish","floor":13,"gold_loss":0}],"is_beta":false,"boss_relics":[],"items_purged_floors":[],"is_endless":false,"potions_floor_spawned":[4,6,9,14],"killed_by":"downfall:Ironclad","ascension_level":4}}