{"host":"9r4xop0yxveozoj0","time":1608420934,"event":{"mods":["BaseMod","Colored Map","Colored Powertips","Hubris","Infinite Spire","Minty Spire (QoL Compilation)","Permanent Neow","Replay The Spire","Robot Space Explorer","StSLib","The Blue Laboratory","The Cursed","The Dragon Tamer"],"gold_per_floor":[109,124,143,143,157,157,176,206,206,219,247,212,112,129,129,231,231,248,248,248,229,244,244,244,244,244,244],"floor_reached":26,"playtime":2430,"items_purged":[],"score":210,"play_id":"14d55fc9-2301-40ef-bf27-e5620c583f95","local_time":"20201219183534","is_ascension_mode":false,"campfire_choices":[{"floor":6,"key":"REST"},{"data":"hubris:SpecializedCircuitry","floor":15,"key":"SMITH"},{"floor":25,"key":"REST"}],"circlet_count":0,"master_deck":["Strike_B","Strike_B","Strike_B","Strike_B","Defend_B","Defend_B","Defend_B","Defend_B","Zap","Dualcast","Discovery","Ball Lightning","Ball Lightning","infinitespire:Starlight","Self Repair","hubris:SpecializedCircuitry+1","Echo Form+1","Amplify","Static Discharge","Biased Cognition","Self Repair"],"relics":["Cracked Core","hubris:KleinBottle","Runic Capacitor","Odd Mushroom","Vajra","Fusion Hammer","Nloth\u0027s Gift"],"acts_visited":["Exordium","TheCity"],"potions_floor_usage":[2,5,7,11,16,21],"damage_taken":[{"damage":0,"enemies":"Cultist","floor":1,"turns":3},{"damage":6,"enemies":"Jaw Worm","floor":2,"turns":2},{"damage":5,"enemies":"2 Louse","floor":3,"turns":2},{"damage":13,"enemies":"2 Fungi Beasts","floor":5,"turns":3},{"damage":8,"enemies":"Exordium Thugs","floor":7,"turns":3},{"damage":35,"enemies":"The Mushroom Lair","floor":8,"turns":4},{"damage":0,"enemies":"Large Slime","floor":10,"turns":4},{"damage":19,"enemies":"3 Sentries","floor":11,"turns":6},{"damage":15,"enemies":"Blue Slaver","floor":14,"turns":5},{"damage":66,"enemies":"Hexaghost","floor":16,"turns":10},{"damage":36,"enemies":"3 Byrds","floor":18,"turns":6},{"damage":36,"enemies":"2 Thieves","floor":21,"turns":4},{"damage":22,"enemies":"Shelled Parasite and Fungi","floor":22,"turns":3},{"damage":45,"enemies":"Slavers","floor":26,"turns":2}],"seed_played":"-1596062902126558739","potions_obtained":[{"floor":1,"key":"DuplicationPotion"},{"floor":3,"key":"LiquidBronze"},{"floor":5,"key":"blueLaboratory:NullPotion"},{"floor":10,"key":"blueLaboratory:PhilterOfMotion"},{"floor":14,"key":"blueLaboratory:SystemWipe"},{"floor":18,"key":"blueLaboratory:Moonshine"}],"is_trial":false,"path_per_floor":["M","M","M","$","M","R","M","?","T","M","E","?","$","M","R","B",null,"M","?","$","M","M","PTL","PTL","R","E"],"character_chosen":"DEFECT","items_purchased":["hubris:KleinBottle","Runic Capacitor","Echo Form+1"],"campfire_rested":2,"item_purchase_floors":[4,4,13],"current_hp_per_floor":[75,69,64,35,32,54,46,21,21,38,36,54,54,66,66,27,75,73,73,73,44,22,22,22,44,0,0],"gold":244,"neow_bonus":"RANDOM_COLORLESS","is_daily":false,"chose_seed":false,"campfire_upgraded":1,"win_rate":0.0,"timestamp":1608420934,"path_taken":["M","M","M","?","M","R","M","?","T","M","E","?","$","M","R","BOSS","M","?","?","M","M","PTL","PTL","R","E"],"items_purchased_type":["Relic","Relic","Card"],"build_version":"2020-12-13","purchased_purges":0,"victory":false,"max_hp_per_floor":[75,75,75,75,75,75,75,75,75,75,75,75,75,75,75,75,75,75,75,75,75,75,75,75,75,75,75],"card_choices":[{"not_picked":["Mind Blast","hubris:Insight"],"picked":"Discovery","floor":0},{"not_picked":["Streamline","Hologram"],"picked":"Ball Lightning","floor":1},{"not_picked":["Undo","Steam"],"picked":"Ball Lightning","floor":2},{"not_picked":["Auto Shields","Cold Snap","hubris:PowerSurge"],"picked":"SKIP","floor":3},{"not_picked":["ReplayTheSpireMod:Haul","hubris:InfiniteBlow"],"picked":"infinitespire:Starlight","floor":4},{"not_picked":["ReplayTheSpireMod:Omega Cannon","Compile Driver","Turbo"],"picked":"SKIP","floor":5},{"not_picked":["Go for the Eyes","Streamline","Stack"],"picked":"SKIP","floor":7},{"not_picked":["Coolheaded","ReplaySort"],"picked":"Self Repair","floor":8},{"not_picked":["Cold Snap","Turbo","Doom and Gloom"],"picked":"SKIP","floor":10},{"not_picked":["BasicCrystalCard","Hologram"],"picked":"hubris:SpecializedCircuitry","floor":11},{"not_picked":["ReplayTheSpireMod:GoodbyeWorld","Lockon","Compile Driver"],"picked":"SKIP","floor":14},{"not_picked":["Hyperbeam","ReplayTheSpireMod:Omega Cannon"],"picked":"Amplify","floor":16},{"not_picked":["ReplayTheSpireMod:Repulse+1","Go for the Eyes"],"picked":"Static Discharge","floor":18},{"not_picked":["ReplayGash+1","Mirror Shield"],"picked":"Biased Cognition","floor":21},{"not_picked":["Leap","ReplayTheSpireMod:Repulse"],"picked":"Self Repair","floor":22}],"player_experience":194047,"relics_obtained":[{"floor":8,"key":"Odd Mushroom"},{"floor":9,"key":"Vajra"},{"floor":11,"key":"White Beast Statue"}],"event_choices":[{"damage_healed":0,"gold_gain":0,"player_choice":"Fought Mushrooms","damage_taken":0,"max_hp_gain":0,"max_hp_loss":0,"event_name":"Mushrooms","floor":8,"gold_loss":0},{"damage_healed":18,"gold_gain":0,"player_choice":"Healed","damage_taken":0,"max_hp_gain":0,"max_hp_loss":0,"event_name":"The Cleric","floor":12,"gold_loss":35},{"damage_healed":0,"gold_gain":0,"player_choice":"Traded Relic","damage_taken":0,"relics_obtained":["Nloth\u0027s Gift"],"max_hp_gain":0,"max_hp_loss":0,"event_name":"N\u0027loth","floor":19,"relics_lost":["White Beast Statue"],"gold_loss":0}],"is_beta":false,"boss_relics":[{"not_picked":["Cursed Key","hubris:CrackedHourglass"],"picked":"Fusion Hammer"}],"items_purged_floors":[],"is_endless":false,"potions_floor_spawned":[1,3,5,10,14,16,18],"killed_by":"Slavers","ascension_level":0}}