{"host":"o3dfslv1skaqjf2o","time":1608384413,"event":{"mods":["BaseMod","Downfall","Minty Spire (QoL Compilation)","StSLib","The Bug Knight"],"gold_per_floor":[219,23,39,39,39,74,74,23,23,33,45,45,45,59,59,162,162,174,36,49,60,7,39,39,39,39,39,39,39,39,58,58,156,156,167,31,31,48,68,87,87,101,101,115,115,115,115],"floor_reached":46,"playtime":2969,"items_purged":[],"score":465,"play_id":"b0c865dd-8cbf-43fe-a8a4-92a7e4e40918","local_time":"20201219212653","is_ascension_mode":false,"campfire_choices":[{"floor":7,"key":"RECALL"},{"data":"Mayhem","floor":12,"key":"SMITH"},{"floor":15,"key":"REST"},{"floor":24,"key":"REST"},{"floor":32,"key":"REST"},{"floor":41,"key":"REST"},{"floor":45,"key":"REST"}],"circlet_count":0,"master_deck":["HollowMod:NailStrikeStart","HollowMod:NailStrikeStart+1","HollowMod:NailStrikeStart","HollowMod:NailStrikeStart","HollowMod:QuickDashStart","HollowMod:QuickDashStart","HollowMod:FocusHealStart+1","HollowMod:PogoStrike","HollowMod:HowlingWraiths+1","Mayhem+1","HollowMod:FastStrike","HollowMod:HowlingWraiths","HollowMod:GoodIntentions","HollowMod:CloakDash","HollowMod:RecoilStrike","HollowMod:DesolateDive","HollowMod:SoulMaster","Forethought","HollowMod:SoulStrike","HollowMod:HeavyBlow+1","HollowMod:MonarchWings","HollowMod:ChannelNail","HollowMod:CoiledNail+1","Necronomicurse","HollowMod:HeavyBlow","HollowMod:PerfectDash","Shame","HollowMod:GrimmsGift+1","HollowMod:HornetsHelp","HollowMod:SoulEater","HollowMod:SoulStrike","HollowMod:ChannelNail","HollowMod:DesolateDive+1","HollowMod:CloakDash","HollowMod:SoulStrike","HollowMod:HuntersJournal+1"],"relics":["HollowMod:VesselMask","Ornamental Fan","Whetstone","Kunai","Busted Crown","Happy Flower","Necronomicon","HornCleat","Ginger","Philosopher\u0027s Stone","Toxic Egg 2"],"acts_visited":["Exordium","TheCity","TheBeyond"],"potions_floor_usage":[16,16,23,33,38,39,42,42,42,46],"damage_taken":[{"damage":6,"enemies":"Cultist","floor":1,"turns":3},{"damage":6,"enemies":"Jaw Worm","floor":3,"turns":4},{"damage":12,"enemies":"Lagavulin","floor":6,"turns":5},{"damage":2,"enemies":"Small Slimes","floor":10,"turns":3},{"damage":5,"enemies":"Looter","floor":11,"turns":3},{"damage":0,"enemies":"2 Fungi Beasts","floor":14,"turns":2},{"damage":16,"enemies":"Slime Boss","floor":16,"turns":6},{"damage":0,"enemies":"3 Byrds","floor":18,"turns":4},{"damage":8,"enemies":"Shell Parasite","floor":20,"turns":4},{"damage":7,"enemies":"Snecko","floor":21,"turns":4},{"damage":31,"enemies":"Book of Stabbing","floor":23,"turns":8},{"damage":6,"enemies":"Shelled Parasite and Fungi","floor":31,"turns":4},{"damage":10,"enemies":"Automaton","floor":33,"turns":6},{"damage":31,"enemies":"Orb Walker","floor":35,"turns":5},{"damage":0,"enemies":"3 Shapes","floor":38,"turns":4},{"damage":44,"enemies":"HollowMod:SlobberingHusk","floor":39,"turns":7},{"damage":7,"enemies":"3 Darklings","floor":40,"turns":5},{"damage":29,"enemies":"Sphere and 2 Shapes","floor":42,"turns":5},{"damage":4,"enemies":"Spire Growth","floor":44,"turns":4},{"damage":59,"enemies":"Reptomancer","floor":46,"turns":2}],"seed_played":"4469910016803812109","potions_obtained":[{"floor":6,"key":"Dexterity Potion"},{"floor":11,"key":"SpeedPotion"},{"floor":14,"key":"LiquidMemories"},{"floor":18,"key":"Block Potion"},{"floor":23,"key":"AttackPotion"},{"floor":31,"key":"SpeedPotion"},{"floor":35,"key":"champ:CounterPotion"},{"floor":38,"key":"SpeedPotion"},{"floor":40,"key":"Weak Potion"},{"floor":44,"key":"BlessingOfTheForge"}],"is_trial":false,"path_per_floor":["M","$","M","T","?","E","R","$","T","M","M","R","?","M","R","B",null,"M","$","M","M","$","E","R","?","T","?","?","$","?","M","R","B",null,"M","$","?","M","M","M","R","M","T","M","R","E"],"character_chosen":"THE_BUGKNIGHT","items_purchased":["Mayhem","HollowMod:GoodIntentions","Forethought","HollowMod:SoulStrike","HollowMod:ChannelNail","HollowMod:SoulEater","HollowMod:SoulStrike","HollowMod:ChannelNail"],"campfire_rested":5,"item_purchase_floors":[2,8,19,19,22,36,36,36],"current_hp_per_floor":[69,69,69,69,69,57,57,57,57,55,50,50,38,38,60,50,75,75,75,67,60,60,35,57,41,41,41,41,41,41,35,57,47,75,44,44,44,50,16,15,37,14,14,16,38,0,0],"gold":115,"neow_bonus":"HUNDRED_GOLD","is_daily":false,"chose_seed":false,"campfire_upgraded":1,"win_rate":0.0,"timestamp":1608384413,"path_taken":["M","$","M","?","?","E","R","?","T","M","M","R","?","M","R","BOSS","M","$","M","M","$","E","R","?","T","?","?","$","?","M","R","BOSS","M","$","?","?","M","?","R","M","T","M","R","E"],"items_purchased_type":["Card","Card","Card","Card","Card","Card","Card","Card"],"build_version":"2020-12-13","purchased_purges":0,"victory":false,"max_hp_per_floor":[75,75,75,75,75,75,75,75,75,75,75,75,75,75,75,75,75,75,75,75,75,75,75,75,75,75,75,75,75,75,75,75,75,75,75,75,75,75,75,75,75,75,75,75,75,75,75],"card_choices":[{"not_picked":["HollowMod:SoulSplash","HollowMod:Grubsong"],"picked":"HollowMod:HowlingWraiths","floor":1},{"not_picked":["HollowMod:NewLittleFool","HollowMod:WraithStrike"],"picked":"HollowMod:FastStrike","floor":3},{"not_picked":["HollowMod:LifebloodCore","HollowMod:VoidDash"],"picked":"HollowMod:HowlingWraiths","floor":6},{"not_picked":["HollowMod:NewJinnsSoul","HollowMod:VengefulVoid"],"picked":"HollowMod:CloakDash","floor":10},{"not_picked":["HollowMod:WraithStrike","HollowMod:CornifersMapStart"],"picked":"HollowMod:RecoilStrike","floor":11},{"not_picked":["HollowMod:RecoilStrike","HollowMod:FallenFury"],"picked":"HollowMod:DesolateDive","floor":14},{"not_picked":["HollowMod:theNailsmith","HollowMod:ZotesMagnificence"],"picked":"HollowMod:SoulMaster","floor":16},{"not_picked":["HollowMod:DescendingDark"],"picked":"SKIP","floor":18},{"not_picked":[],"picked":"HollowMod:HeavyBlow+1","floor":20},{"not_picked":[],"picked":"HollowMod:MonarchWings","floor":21},{"not_picked":[],"picked":"HollowMod:CoiledNail+1","floor":23},{"not_picked":[],"picked":"HollowMod:GrimmsGift+1","floor":31},{"not_picked":[],"picked":"HollowMod:HornetsHelp","floor":33},{"not_picked":["HollowMod:DescendingDark+1"],"picked":"SKIP","floor":35},{"not_picked":[],"picked":"HollowMod:DesolateDive+1","floor":38},{"not_picked":[],"picked":"HollowMod:CloakDash","floor":39},{"not_picked":[],"picked":"HollowMod:SoulStrike","floor":40},{"not_picked":["HollowMod:MothsMistake"],"picked":"SKIP","floor":42},{"not_picked":[],"picked":"HollowMod:HuntersJournal+1","floor":44}],"player_experience":76409,"relics_obtained":[{"floor":4,"key":"Ornamental Fan"},{"floor":6,"key":"Whetstone"},{"floor":23,"key":"Happy Flower"},{"floor":25,"key":"Necronomicon"},{"floor":26,"key":"HornCleat"},{"floor":43,"key":"Toxic Egg 2"}],"event_choices":[{"damage_healed":0,"gold_gain":0,"player_choice":"Success","damage_taken":12,"relics_obtained":["Kunai"],"max_hp_gain":0,"max_hp_loss":0,"event_name":"Scrap Ooze","floor":13,"gold_loss":0},{"damage_healed":0,"gold_gain":0,"player_choice":"Obtained Book","damage_taken":16,"max_hp_gain":0,"max_hp_loss":0,"event_name":"Cursed Tome","floor":25,"gold_loss":0},{"damage_healed":0,"gold_gain":0,"cards_transformed":["HollowMod:QuickDashStart","HollowMod:QuickDashStart"],"player_choice":"Became Test Subject","damage_taken":0,"max_hp_gain":0,"max_hp_loss":0,"event_name":"Drug Dealer","floor":27,"gold_loss":0,"cards_obtained":["HollowMod:HeavyBlow","HollowMod:PerfectDash"]},{"damage_healed":0,"gold_gain":0,"player_choice":"Stole Relic","damage_taken":0,"relics_obtained":["Ginger"],"max_hp_gain":0,"max_hp_loss":0,"event_name":"Addict","floor":28,"gold_loss":0,"cards_obtained":["Shame"]},{"damage_healed":0,"gold_gain":0,"player_choice":"Ignored","damage_taken":0,"max_hp_gain":0,"max_hp_loss":0,"event_name":"Ghosts","floor":30,"gold_loss":0},{"damage_healed":0,"gold_gain":0,"player_choice":"Forge","damage_taken":0,"max_hp_gain":0,"max_hp_loss":0,"event_name":"Accursed Blacksmith","floor":37,"gold_loss":0,"cards_upgraded":["HollowMod:FocusHealStart"]}],"is_beta":false,"boss_relics":[{"not_picked":["Runic Pyramid","Tiny House"],"picked":"Busted Crown"},{"not_picked":["Snecko Eye","Runic Dome"],"picked":"Philosopher\u0027s Stone"}],"items_purged_floors":[],"is_endless":false,"potions_floor_spawned":[6,11,14,18,23,31,35,38,40,44],"killed_by":"Reptomancer","ascension_level":0}}