{"host":"33wh7cigx3w9wmym","time":1608396812,"event":{"mods":["AchievementEnabler","Act Like it!","BaseMod","Colored Map","Colored Powertips","Downfall","Friendly Minions","GifTheSpireLib","Minty Spire (QoL Compilation)","StSLib"],"gold_per_floor":[99,118,134,168,168,193,193,193,118,144,163,163,177,192,211,307,307,307,320,349,299,330,330,330,255,46,80,96,96,115,158,177,281,281,281,313,367,378,407,407,488,488,517,517,533,227,227,237,256,256],"floor_reached":51,"playtime":4049,"items_purged":["champ:ShieldWall","champ:LastStand"],"score":929,"play_id":"2ef6fce3-06a8-4ce2-97c6-89b4ff73c422","local_time":"20201219145332","is_ascension_mode":true,"campfire_choices":[{"data":"champ:DefensiveStyle","floor":1.0,"key":"SMITH"},{"data":"champ:FlashCut","floor":5.0,"key":"SMITH"},{"floor":9.0,"key":"REST"},{"data":"champ:Lariat","floor":18.0,"key":"SMITH"},{"floor":23.0,"key":"RECALL"},{"data":"champ:StrikeOfGenius","floor":25.0,"key":"SMITH"},{"data":"champ:ArenaPreparation","floor":35,"key":"SMITH"},{"data":"champ:CheapShot","floor":40,"key":"SMITH"},{"data":"champ:DancingMaster","floor":42,"key":"SMITH"},{"data":"champ:Circumvent","floor":44,"key":"SMITH"}],"circlet_count":0,"master_deck":["champ:Execute+1","champ:Taunt","champ:FalseCounter+1","champ:FlashCut+1","champ:DefensiveStyle+1","champ:LastStand","champ:RisingSlash","champ:Encircle+1","champ:ViciousMockery","champ:BringItOn","champ:ArenaPreparation+1","champ:Lariat+1","champ:StrikeOfGenius+1","CurseOfTheBell","champ:AdrenalArmor","champ:Circumvent+1","champ:AdrenalArmor+1","champ:EndlessRage","champ:FanOfKnives","champ:BringItOn+1","champ:DancingMaster+1","champ:BladeFlurry+1","champ:CheapShot+1","Violence","expansioncontent:Chronoboost+1","champ:Control","champ:Aggression+1","champ:ArenaPreparation+1"],"relics":["Pandora\u0027s Box","Bottled Flame","White Beast Statue","Akabeko","downfall:HeartBlessingGreen","Lizard Tail","Calling Bell","Nunchaku","Matryoshka","Calipers","Blue Candle","Potion Belt","Mummified Hand","downfall:HeartBlessingRed","Membership Card","Tiny Chest","TungstenRod","SlaversCollar","InkBottle","Frozen Egg 2","Ancient Tea Set","Boot","Shuriken","Dead Branch","War Paint"],"acts_visited":["Exordium","TheCity","TheBeyond"],"potions_floor_usage":[33,38,50,50],"damage_taken":[{"damage":9.0,"enemies":"2 Louse","floor":2.0,"turns":2.0},{"damage":18.0,"enemies":"Jaw Worm","floor":3.0,"turns":2.0},{"damage":26.0,"enemies":"Lagavulin","floor":4.0,"turns":5.0},{"damage":36.0,"enemies":"3 Sentries","floor":6.0,"turns":5.0},{"damage":12.0,"enemies":"Lagavulin","floor":10.0,"turns":4.0},{"damage":7.0,"enemies":"Small Slimes","floor":11.0,"turns":3.0},{"damage":20.0,"enemies":"3 Louse","floor":13.0,"turns":2.0},{"damage":0.0,"enemies":"Red Slaver","floor":14.0,"turns":2.0},{"damage":12.0,"enemies":"Large Slime","floor":15.0,"turns":3.0},{"damage":60.0,"enemies":"downfall:Defect","floor":16.0,"turns":7.0},{"damage":30.0,"enemies":"3 Byrds","floor":19.0,"turns":4.0},{"damage":93.0,"enemies":"Slavers","floor":20.0,"turns":7.0},{"damage":31.0,"enemies":"Book of Stabbing","floor":22.0,"turns":5.0},{"damage":44.0,"enemies":"downfall:FleeingMerchant","floor":26.0,"turns":4.0},{"damage":42,"enemies":"Gremlin Leader","floor":27,"turns":6},{"damage":21,"enemies":"Spheric Guardian","floor":28,"turns":3},{"damage":32,"enemies":"Snake Plant","floor":30,"turns":4},{"damage":22,"enemies":"downfall:FleeingMerchant","floor":31,"turns":4},{"damage":5,"enemies":"Chosen and Byrds","floor":32,"turns":2},{"damage":46,"enemies":"downfall:Silent","floor":33,"turns":7},{"damage":31,"enemies":"Nemesis","floor":36,"turns":5},{"damage":41,"enemies":"3 Darklings","floor":38,"turns":6},{"damage":70,"enemies":"Reptomancer","floor":39,"turns":5},{"damage":50,"enemies":"Nemesis","floor":43,"turns":3},{"damage":27,"enemies":"3 Shapes","floor":45,"turns":5},{"damage":30,"enemies":"Sphere and 2 Shapes","floor":48,"turns":3},{"damage":22,"enemies":"3 Darklings","floor":49,"turns":5},{"damage":41,"enemies":"downfall:Ironclad","floor":50,"turns":6}],"seed_played":"2838041228341009946","potions_obtained":[{"floor":4.0,"key":"Weak Potion"},{"floor":10.0,"key":"EntropicBrew"},{"floor":11.0,"key":"champ:OpenerPotion"},{"floor":13.0,"key":"BlessingOfTheForge"},{"floor":26.0,"key":"Regen Potion"},{"floor":27,"key":"Dexterity Potion"},{"floor":28,"key":"ColorlessPotion"},{"floor":33,"key":"FairyPotion"},{"floor":38,"key":"Regen Potion"},{"floor":43,"key":"EntropicBrew"}],"is_trial":false,"path_per_floor":["R","M","M","E","R","E","T","?","R","E","M","?","M","M","M","B",null,"R","M","E","?","E","R","T","R","$","E","M","?","M","$","M","B",null,"R","E","T","M","E","R","T","R","E","R","M","$","?","M","M","B",null],"character_chosen":"THE_CHAMP","items_purchased":["Membership Card","champ:EndlessRage","TungstenRod","champ:DancingMaster","Violence","War Paint","expansioncontent:Chronoboost+1","champ:Control"],"campfire_rested":1,"item_purchase_floors":[26,26,31,31,46,46,46,46],"current_hp_per_floor":[90,90,82,62,62,46,46,46,73,73,73,73,73,73,66,13,90,90,89,33,66,45,45,45,45,45,36,43,43,26,26,28,43,90,90,90,90,90,76,76,76,76,62,62,90,90,90,90,90,77],"gold":256,"neow_bonus":"BOSS_RELIC","is_daily":false,"chose_seed":false,"campfire_upgraded":8,"win_rate":0.0,"timestamp":1608396812,"path_taken":["R","M","M","E","R","E","T","?","R","E","M","?","?","M","M","BOSS","R","M","E","?","E","R","T","R","$","E","M","?","?","?","M","BOSS","R","E","?","M","E","R","T","R","E","R","?","$","?","M","M","BOSS"],"items_purchased_type":["Relic","Card","Relic","Card","Card","Relic","Card","Card"],"build_version":"2020-12-13","purchased_purges":2,"victory":true,"max_hp_per_floor":[90,90,90,90,90,90,90,90,90,90,90,90,90,90,90,90,90,90,90,90,90,90,90,90,90,90,90,90,90,90,90,90,90,90,90,90,90,90,90,90,90,90,90,90,90,90,90,90,90,90],"card_choices":[{"not_picked":["champ:Haymaker","champ:GladiatorsShout","champ:CalledShot"],"picked":"SKIP","floor":2.0},{"not_picked":["champ:Control","champ:EnchantCrown"],"picked":"champ:BringItOn","floor":3.0},{"not_picked":["champ:FocusedBerserking","champ:PerfectedStrike"],"picked":"champ:ArenaPreparation","floor":4.0},{"not_picked":["champ:SwordSigil","champ:DancingMaster","champ:BerserkersShout"],"picked":"SKIP","floor":6.0},{"not_picked":["champ:BerserkersShout","champ:ShieldSigil"],"picked":"champ:Lariat","floor":10.0},{"not_picked":["champ:Lariat","champ:StanceDance","champ:FocusedGladiator"],"picked":"SKIP","floor":11.0},{"not_picked":["champ:GladiatorStyle","champ:Backstep","champ:Encircle"],"picked":"SKIP","floor":13.0},{"not_picked":["champ:Haymaker","champ:StanceDance","champ:GladiatorsShout"],"picked":"SKIP","floor":14.0},{"not_picked":["champ:GladiatorsShout","champ:Encircle","champ:FalseCounter"],"picked":"SKIP","floor":15.0},{"not_picked":["champ:ShieldThrow","champ:IgnorePain"],"picked":"champ:StrikeOfGenius","floor":16.0},{"not_picked":["champ:CrookedStrike","champ:ArenaPreparation"],"picked":"champ:AdrenalArmor","floor":19.0},{"not_picked":["champ:StrikeOfGenius","champ:ViciousMockery"],"picked":"champ:Circumvent","floor":20.0},{"not_picked":["champ:Circumvent","champ:PreciseThrust","champ:Haymaker"],"picked":"SKIP","floor":22.0},{"not_picked":["champ:EnGarde+1","champ:Backstep"],"picked":"champ:AdrenalArmor+1","floor":26.0},{"not_picked":["champ:BladeFlurry","champ:Aggression+1"],"picked":"champ:FanOfKnives","floor":27},{"not_picked":["champ:TornadoPunch","champ:BerserkersShout","champ:AdrenalArmor"],"picked":"SKIP","floor":28},{"not_picked":["champ:Haymaker","champ:DefensiveStyle+1"],"picked":"champ:BringItOn","floor":30},{"not_picked":["champ:Backstep","champ:GutPunch","champ:DeathBlow"],"picked":"SKIP","floor":31},{"not_picked":["champ:FanOfKnives","champ:PerfectedStrike"],"picked":"champ:BladeFlurry+1","floor":32},{"not_picked":["champ:Devastate","champ:HoldFirm"],"picked":"champ:CheapShot","floor":33},{"not_picked":["champ:BerserkersShout+1","champ:Circumvent","champ:Aggression"],"picked":"SKIP","floor":36},{"not_picked":["champ:PreciseThrust","champ:FanOfKnives","champ:DefensiveShout+1"],"picked":"SKIP","floor":38},{"not_picked":["champ:EnGarde","champ:HeartStrike","champ:GutPunch"],"picked":"SKIP","floor":39},{"not_picked":["champ:Circumvent","champ:Backstep","champ:SwordSigil"],"picked":"SKIP","floor":43},{"not_picked":["champ:ViciousMockery","champ:FanOfKnives","champ:RapidStrikes"],"picked":"SKIP","floor":45},{"not_picked":["champ:DefensiveShout+1","champ:Aggression+1","champ:ShieldWall+1"],"picked":"SKIP","floor":48},{"not_picked":["champ:DefensiveShout+1","champ:ShieldWall+1"],"picked":"champ:Aggression+1","floor":48},{"not_picked":["champ:Riposte","champ:BladeFlurry+1"],"picked":"champ:ArenaPreparation+1","floor":49}],"player_experience":403177,"relics_obtained":[{"floor":4.0,"key":"Bottled Flame"},{"floor":6.0,"key":"White Beast Statue"},{"floor":7.0,"key":"Akabeko"},{"floor":10.0,"key":"Lizard Tail"},{"floor":17.0,"key":"Nunchaku"},{"floor":17.0,"key":"Matryoshka"},{"floor":17.0,"key":"Calipers"},{"floor":20.0,"key":"Whetstone"},{"floor":22.0,"key":"Blue Candle"},{"floor":24.0,"key":"Potion Belt"},{"floor":24.0,"key":"Mummified Hand"},{"floor":27,"key":"Tiny Chest"},{"floor":36,"key":"InkBottle"},{"floor":37,"key":"Frozen Egg 2"},{"floor":37,"key":"Ancient Tea Set"},{"floor":39,"key":"Boot"},{"floor":41,"key":"Shuriken"},{"floor":43,"key":"Dead Branch"}],"event_choices":[{"damage_healed":0,"gold_gain":0,"player_choice":"Ignored","damage_taken":0,"max_hp_gain":0,"max_hp_loss":0,"event_name":"NoteForYourself","floor":47,"gold_loss":0}],"is_beta":false,"boss_relics":[{"not_picked":["Ectoplasm","Astrolabe"],"picked":"Calling Bell"},{"not_picked":["Sozu","Empty Cage"],"picked":"SlaversCollar"}],"items_purged_floors":[31,46],"is_endless":false,"potions_floor_spawned":[4,10,11,13,14,15,16,19,20,22,26,27,28,30,31,32,33,36,38,39,43,45,48,49],"ascension_level":1}}