{"host":"1ivxh6f0wtekmpqo","time":1608385594,"event":{"mods":["AchievementEnabler","BaseMod","Colored Map","Minty Spire (QoL Compilation)","Rare Cards Sparkle","StSLib","SuperFastMode","everything is the same but u backflip on backflip"],"gold_per_floor":[110,185,48,48,48,77,77,77,147,161,175,188,207,224,224,322,322,341,440,453,453,469,469,394,248,273,273,304,304,318,91,91,195,195,205,217,217,227,137,137,137,137,161,161,211,243,20,20,20,20,20],"floor_reached":50,"playtime":4086,"items_purged":[],"score":563,"play_id":"549b8348-66af-4afe-b705-f985c485aac0","local_time":"20201219214634","is_ascension_mode":false,"campfire_choices":[{"data":"DeceiveReality","floor":7,"key":"SMITH"},{"data":"Worship","floor":15,"key":"SMITH"},{"floor":23,"key":"RECALL"},{"floor":27,"key":"REST"},{"data":"LikeWater","floor":29,"key":"SMITH"},{"floor":32,"key":"REST"},{"floor":40,"key":"REST"},{"floor":44,"key":"REST"},{"data":"Adaptation","floor":49,"key":"SMITH"}],"circlet_count":0,"master_deck":["Strike_P+1","Strike_P","Strike_P","Defend_P","Defend_P","Eruption+1","Vigilance","FearNoEvil","DeceiveReality+1","BowlingBash","SashWhip+1","Worship+1","FollowUp+1","Consecrate+1","EmptyFist+1","Ragnarok+1","MentalFortress+1","LikeWater+1","FollowUp+1","Consecrate+1","Indignation+1","Ragnarok+1","Consecrate+1","DeusExMachina","CrushJoints+1","CrushJoints+1","Adaptation+1","Ragnarok+1"],"relics":["PureWater","NeowsBlessing","Bottled Lightning","Molten Egg 2","SlaversCollar","Torii","Anchor","Lantern","OrangePellets","VioletLotus","PreservedInsect","CaptainsWheel","Strawberry","Toy Ornithopter"],"acts_visited":["Exordium","TheCity","TheBeyond"],"potions_floor_usage":[16,20,28,30,33,41,46,50],"damage_taken":[{"damage":0,"enemies":"Small Slimes","floor":1,"turns":1},{"damage":0,"enemies":"Lagavulin","floor":6,"turns":1},{"damage":0,"enemies":"2 Louse","floor":10,"turns":1},{"damage":0,"enemies":"Cultist","floor":11,"turns":2},{"damage":0,"enemies":"Large Slime","floor":12,"turns":4},{"damage":0,"enemies":"Blue Slaver","floor":13,"turns":3},{"damage":0,"enemies":"3 Louse","floor":14,"turns":2},{"damage":60,"enemies":"The Guardian","floor":16,"turns":9},{"damage":9,"enemies":"Shell Parasite","floor":18,"turns":5},{"damage":5,"enemies":"2 Thieves","floor":20,"turns":3},{"damage":21,"enemies":"Centurion and Healer","floor":22,"turns":5},{"damage":0,"enemies":"Gremlin Leader","floor":28,"turns":3},{"damage":23,"enemies":"Chosen and Byrds","floor":30,"turns":6},{"damage":44,"enemies":"Champ","floor":33,"turns":11},{"damage":0,"enemies":"3 Darklings","floor":35,"turns":3},{"damage":13,"enemies":"3 Shapes","floor":36,"turns":4},{"damage":42,"enemies":"Sphere and 2 Shapes","floor":38,"turns":3},{"damage":1,"enemies":"Jaw Worm Horde","floor":41,"turns":2},{"damage":0,"enemies":"Mind Bloom Boss Battle","floor":45,"turns":4},{"damage":42,"enemies":"Reptomancer","floor":46,"turns":5},{"damage":86,"enemies":"Donu and Deca","floor":50,"turns":6}],"seed_played":"-7227971113799905282","potions_obtained":[{"floor":1,"key":"PowerPotion"},{"floor":6,"key":"Dexterity Potion"},{"floor":11,"key":"SteroidPotion"},{"floor":18,"key":"FearPotion"},{"floor":22,"key":"Dexterity Potion"},{"floor":30,"key":"Weak Potion"},{"floor":35,"key":"PowerPotion"}],"is_trial":false,"path_per_floor":["M","?","$","?","?","E","R","?","T","M","M","M","M","M","R","B",null,"M","?","M","?","M","R","?","$","T","R","E","R","M","$","R","B",null,"M","M","?","M","?","R","M","?","T","R","?","E","$","?","R","B"],"character_chosen":"WATCHER","items_purchased":["DeceiveReality","SmokeBomb","Anchor","OrangePellets","Ancient Potion","Ragnarok+1","Toy Ornithopter"],"campfire_rested":4,"item_purchase_floors":[3,3,25,31,31,47,47],"current_hp_per_floor":[72,61,61,66,66,66,66,66,66,66,66,66,66,66,66,6,77,68,68,63,63,42,42,42,42,42,65,65,65,42,42,65,21,77,77,64,64,22,22,45,44,44,44,67,67,32,32,73,73,0,0],"gold":20,"neow_bonus":"THREE_ENEMY_KILL","is_daily":false,"chose_seed":false,"campfire_upgraded":4,"win_rate":0.0,"timestamp":1608385594,"path_taken":["M","?","$","?","?","E","R","?","T","M","M","?","M","M","R","BOSS","M","?","M","?","M","R","?","?","T","R","E","R","?","$","R","BOSS","M","M","?","?","?","R","?","?","T","R","?","E","$","?","R","BOSS"],"items_purchased_type":["Card","Potion","Relic","Relic","Potion","Card","Relic"],"build_version":"2020-12-13","purchased_purges":0,"victory":false,"max_hp_per_floor":[72,72,72,77,77,77,77,77,77,77,77,77,77,77,77,77,77,77,77,77,77,77,77,77,77,77,77,77,77,77,77,77,77,77,77,77,77,77,77,77,77,77,77,77,77,84,84,73,73,73,73],"card_choices":[{"not_picked":["Halt","FlurryOfBlows"],"picked":"FearNoEvil","floor":1},{"not_picked":["Vengeance","EmptyBody"],"picked":"BowlingBash","floor":6},{"not_picked":["Swivel","Vengeance"],"picked":"SashWhip+1","floor":10},{"not_picked":["Establishment","Prostrate"],"picked":"Worship","floor":11},{"not_picked":["Vengeance","ClearTheMind"],"picked":"FollowUp+1","floor":12},{"not_picked":["Nirvana","Study"],"picked":"Consecrate+1","floor":13},{"not_picked":["EmptyBody","FlyingSleeves+1"],"picked":"EmptyFist+1","floor":14},{"not_picked":["LessonLearned+1","Alpha"],"picked":"Ragnarok+1","floor":16},{"not_picked":["PathToVictory","Indignation+1"],"picked":"MentalFortress+1","floor":18},{"not_picked":["Halt","EmptyBody+1"],"picked":"LikeWater","floor":20},{"not_picked":["Protect+1","Sanctity"],"picked":"FollowUp+1","floor":22},{"not_picked":["InnerPeace","PathToVictory"],"picked":"Consecrate+1","floor":28},{"not_picked":["ClearTheMind","Consecrate+1"],"picked":"Indignation+1","floor":30},{"not_picked":["Judgement","Devotion"],"picked":"Ragnarok+1","floor":33},{"not_picked":["Swivel","EmptyBody+1"],"picked":"Consecrate+1","floor":35},{"not_picked":["Protect+1","CarveReality+1","SashWhip+1"],"picked":"SKIP","floor":36},{"not_picked":["FlurryOfBlows+1","PathToVictory+1"],"picked":"CrushJoints+1","floor":38},{"not_picked":["FlurryOfBlows+1","Protect"],"picked":"CrushJoints+1","floor":45},{"not_picked":["EmptyFist+1","Study"],"picked":"Adaptation","floor":46}],"player_experience":217718,"relics_obtained":[{"floor":6,"key":"Bottled Lightning"},{"floor":9,"key":"Molten Egg 2"},{"floor":28,"key":"Lantern"},{"floor":43,"key":"PreservedInsect"},{"floor":45,"key":"CaptainsWheel"},{"floor":46,"key":"Strawberry"}],"event_choices":[{"damage_healed":0,"gold_gain":75,"player_choice":"Gather Gold","damage_taken":11,"max_hp_gain":0,"max_hp_loss":0,"event_name":"World of Goop","floor":2,"gold_loss":0},{"damage_healed":0,"gold_gain":0,"player_choice":"Donut","damage_taken":0,"max_hp_gain":5,"max_hp_loss":0,"event_name":"Big Fish","floor":4,"gold_loss":0},{"damage_healed":0,"gold_gain":0,"player_choice":"Grow","damage_taken":0,"max_hp_gain":0,"max_hp_loss":0,"event_name":"Living Wall","floor":5,"gold_loss":0,"cards_upgraded":["Eruption"]},{"cards_removed":["Defend_P"],"damage_healed":0,"gold_gain":0,"player_choice":"Purged","damage_taken":0,"max_hp_gain":0,"max_hp_loss":0,"event_name":"Purifier","floor":8,"gold_loss":0},{"damage_healed":0,"gold_gain":99,"player_choice":"Stole From Cult","damage_taken":0,"max_hp_gain":0,"max_hp_loss":0,"event_name":"Nest","floor":19,"gold_loss":0},{"damage_healed":0,"gold_gain":0,"player_choice":"Opened","damage_taken":0,"relics_obtained":["Torii"],"max_hp_gain":0,"max_hp_loss":0,"event_name":"The Mausoleum","floor":21,"gold_loss":0},{"cards_removed":["Defend_P"],"damage_healed":0,"gold_gain":0,"player_choice":"Gave Gold","damage_taken":0,"max_hp_gain":0,"max_hp_loss":0,"event_name":"Beggar","floor":24,"gold_loss":75},{"damage_healed":0,"gold_gain":0,"player_choice":"1 cards matched","damage_taken":0,"max_hp_gain":0,"max_hp_loss":0,"event_name":"Match and Keep!","floor":37,"gold_loss":0,"cards_obtained":["DeusExMachina"]},{"cards_removed":["Strike_P"],"damage_healed":0,"gold_gain":0,"player_choice":"Upgrade and Remove","damage_taken":0,"max_hp_gain":0,"max_hp_loss":0,"event_name":"Designer","floor":39,"gold_loss":90,"cards_upgraded":["Strike_P"]},{"damage_healed":0,"gold_gain":0,"player_choice":"Ignored","damage_taken":0,"max_hp_gain":0,"max_hp_loss":0,"event_name":"Tomb of Lord Red Mask","floor":42,"gold_loss":0},{"damage_healed":0,"gold_gain":0,"player_choice":"Fight","damage_taken":0,"max_hp_gain":0,"max_hp_loss":0,"event_name":"MindBloom","floor":45,"gold_loss":0},{"damage_healed":73,"gold_gain":0,"player_choice":"Heal","damage_taken":0,"max_hp_gain":0,"max_hp_loss":11,"event_name":"The Moai Head","floor":48,"gold_loss":0}],"is_beta":false,"boss_relics":[{"not_picked":["Sozu","Astrolabe"],"picked":"SlaversCollar"},{"not_picked":["HolyWater","Runic Pyramid"],"picked":"VioletLotus"}],"items_purged_floors":[],"is_endless":false,"potions_floor_spawned":[1,6,11,14,18,22,30,35,36,41],"killed_by":"Donu and Deca","ascension_level":0}}