{"host":"e1pm3b7xpcm97e5w","time":1608407840,"event":{"mods":["BaseMod","Better Skull","Googly Eyes","Minty Spire (QoL Compilation)","Relic Stats","Shop Mod","Spicy Shops","StSLib"],"gold_per_floor":[111,130,130,130,150,176,187,187,210,210,221,221,26,44,44,122,122,141,141,141,160,160,160],"floor_reached":22,"playtime":802,"items_purged":["Strike_R"],"score":326,"play_id":"3c499410-7c7e-4fb7-827b-6faaefc39d1f","local_time":"20201219145720","is_ascension_mode":true,"campfire_choices":[{"floor":8,"key":"REST"},{"floor":10,"key":"REST"},{"data":"Armaments","floor":15,"key":"SMITH"}],"circlet_count":0,"master_deck":["AscendersBane","Strike_R","Strike_R","Strike_R","Strike_R","Defend_R+1","Defend_R","Defend_R","Defend_R+1","Bash+1","Cleave","Armaments+1","Offering","Shrug It Off","Uppercut","Double Tap+1","Flame Barrier"],"relics":["Burning Blood","Ice Cream","Lantern","Nunchaku","Frozen Egg 2","SlaversCollar"],"acts_visited":["Exordium","TheCity"],"potions_floor_usage":[7,7,16,18],"damage_taken":[{"damage":1,"enemies":"2 Louse","floor":1,"turns":4},{"damage":1,"enemies":"Cultist","floor":2,"turns":3},{"damage":4,"enemies":"Jaw Worm","floor":5,"turns":3},{"damage":44,"enemies":"Lagavulin","floor":6,"turns":7},{"damage":11,"enemies":"Gremlin Gang","floor":7,"turns":6},{"damage":6,"enemies":"2 Fungi Beasts","floor":11,"turns":4},{"damage":0,"enemies":"Red Slaver","floor":14,"turns":4},{"damage":17,"enemies":"The Guardian","floor":16,"turns":14},{"damage":8,"enemies":"Spheric Guardian","floor":18,"turns":5},{"damage":14,"enemies":"3 Byrds","floor":21,"turns":5},{"damage":35,"enemies":"Sentry and Sphere","floor":22,"turns":6}],"seed_played":"2093549235053217651","potions_obtained":[{"floor":1,"key":"FearPotion"},{"floor":2,"key":"ElixirPotion"},{"floor":6,"key":"EntropicBrew"},{"floor":12,"key":"LiquidBronze"},{"floor":16,"key":"SkillPotion"},{"floor":18,"key":"Ancient Potion"}],"is_trial":false,"path_per_floor":["M","M","?","?","M","E","M","R","T","R","M","?","$","M","R","B",null,"M","?","?","M","M"],"character_chosen":"IRONCLAD","items_purchased":["Frozen Egg 2"],"campfire_rested":2,"item_purchase_floors":[13],"current_hp_per_floor":[68,68,48,48,50,12,7,27,27,47,47,47,47,53,53,42,62,60,41,41,33,0,0],"gold":160,"neow_bonus":"ONE_RARE_RELIC","is_daily":false,"chose_seed":false,"campfire_upgraded":1,"win_rate":0.0,"timestamp":1608407840,"path_taken":["M","M","?","?","M","E","M","R","T","R","M","?","$","M","R","BOSS","M","?","?","M","M"],"items_purchased_type":["Relic"],"build_version":"2020-12-13","purchased_purges":1,"victory":false,"max_hp_per_floor":[68,68,68,68,68,68,68,68,68,68,68,68,68,68,68,68,68,68,73,73,73,73,73],"relic_stats":{"Nunchaku":[6],"counters":[11,61],"obtain_stats":[{"Ice Cream":0,"SlaversCollar":17,"Lantern":6,"Nunchaku":9,"Frozen Egg 2":13,"Burning Blood":0},{"Ice Cream":0,"SlaversCollar":8,"Lantern":4,"Nunchaku":5,"Frozen Egg 2":6,"Burning Blood":0},{"Ice Cream":0,"SlaversCollar":45,"Lantern":17,"Nunchaku":23,"Frozen Egg 2":27,"Burning Blood":0}],"Burning Blood":50},"card_choices":[{"not_picked":["Feel No Pain","Pommel Strike"],"picked":"Cleave","floor":1},{"not_picked":["Iron Wave","Twin Strike","Clothesline"],"picked":"SKIP","floor":2},{"not_picked":["Flex","Evolve"],"picked":"Armaments","floor":5},{"not_picked":["Carnage","Body Slam"],"picked":"Offering","floor":6},{"not_picked":["Headbutt","Armaments"],"picked":"Shrug It Off","floor":7},{"not_picked":["Sword Boomerang","Thunderclap"],"picked":"Uppercut","floor":11},{"not_picked":["Heavy Blade","Shrug It Off","Havoc"],"picked":"SKIP","floor":14},{"not_picked":["Exhume","Offering"],"picked":"Double Tap","floor":16},{"not_picked":["Rage","Clash","Anger"],"picked":"SKIP","floor":18},{"not_picked":["Iron Wave","Clash"],"picked":"Flame Barrier","floor":21}],"player_experience":401005,"relics_obtained":[{"floor":6,"key":"Lantern"},{"floor":9,"key":"Nunchaku"}],"event_choices":[{"damage_healed":0,"gold_gain":0,"player_choice":"Entered Light","damage_taken":20,"max_hp_gain":0,"max_hp_loss":0,"event_name":"Shining Light","floor":3,"gold_loss":0,"cards_upgraded":["Defend_R","Defend_R"]},{"damage_healed":0,"gold_gain":0,"player_choice":"Grow","damage_taken":0,"max_hp_gain":0,"max_hp_loss":0,"event_name":"Living Wall","floor":4,"gold_loss":0,"cards_upgraded":["Bash"]},{"damage_healed":0,"gold_gain":0,"player_choice":"Got Potions","damage_taken":0,"max_hp_gain":0,"max_hp_loss":0,"event_name":"Lab","floor":12,"gold_loss":0},{"damage_healed":0,"gold_gain":0,"player_choice":"Shed Blood","damage_taken":24,"max_hp_gain":5,"max_hp_loss":0,"event_name":"Forgotten Altar","floor":19,"gold_loss":0},{"damage_healed":0,"gold_gain":0,"player_choice":"Forge","damage_taken":0,"max_hp_gain":0,"max_hp_loss":0,"event_name":"Accursed Blacksmith","floor":20,"gold_loss":0,"cards_upgraded":["Double Tap"]}],"is_beta":false,"boss_relics":[{"not_picked":["Runic Cube","Cursed Key"],"picked":"SlaversCollar"}],"items_purged_floors":[13],"is_endless":false,"potions_floor_spawned":[1,2,6,14,16,18,21],"killed_by":"Sentry and Sphere","ascension_level":15}}