{"host":"bg8va46pgqgvtzim","time":1608385231,"event":{"mods":["BaseMod","Minty Spire (QoL Compilation)","Quick Restart","StSLib","SuperFastMode","¡¾ÒÅÎï¿¨ÅÆ¡¿REMEMod"],"gold_per_floor":[116,116,1,1,21,64,79,79,127,127,27,66,89,124,124,249,312,327,252,60,60,76,76,175,50,98,142,157,192,192,233,233,354,354,372,372,395,395,420,454,454,492,492,530,530,310,348,268,268,268,268,268,43,82,82],"floor_reached":56,"playtime":1341,"items_purged":["Defend_P","Strike_P","Strike_P","Conclude","Defend_P"],"score":1719,"play_id":"f37cf2f4-5169-4ad6-84a9-866c1ecce62d","local_time":"20201219214031","is_ascension_mode":true,"campfire_choices":[{"data":"ForeignInfluence","floor":8.0,"key":"SMITH"},{"data":"Eruption","floor":10.0,"key":"SMITH"},{"data":"CrushJoints","floor":15.0,"key":"SMITH"},{"data":"Apotheosis","floor":23.0,"key":"SMITH"},{"data":"Vault","floor":30.0,"key":"SMITH"},{"floor":32.0,"key":"RECALL"},{"data":"Halt","floor":41.0,"key":"SMITH"},{"data":"Crescendo","floor":45.0,"key":"SMITH"},{"data":"Adaptation","floor":49,"key":"SMITH"},{"data":"InnerPeace","floor":52,"key":"SMITH"}],"circlet_count":0,"master_deck":["Defend_P","Defend_P","Eruption+1","Vigilance","Vault+1","CarveReality","CrushJoints+1","ForeignInfluence+1","Meditate+1","FlurryOfBlows","Ragnarok","Tantrum","Apotheosis+1","MentalFortress+1","EmptyMind+1","Crescendo+1","Halt+1","Wallop+1","InnerPeace+1","Adaptation+1"],"relics":["PureWater","REME_ComplimentaryCards","NeowsBlessing","Golden Idol","MealTicket","Bag of Preparation","Vajra","Gremlin Horn","Tiny House","Lantern","Toy Ornithopter","Darkstone Periapt","Happy Flower","Runic Pyramid","Kunai","Orichalcum","Lizard Tail"],"acts_visited":["Exordium","TheCity","TheBeyond","TheEnding"],"potions_floor_usage":[50,50,55,55,55],"damage_taken":[{"damage":0.0,"enemies":"Cultist","floor":1.0,"turns":1.0},{"damage":0.0,"enemies":"Small Slimes","floor":5.0,"turns":1.0},{"damage":0.0,"enemies":"Gremlin Nob","floor":6.0,"turns":1.0},{"damage":0.0,"enemies":"2 Louse","floor":7.0,"turns":1.0},{"damage":0.0,"enemies":"Lagavulin","floor":12.0,"turns":4.0},{"damage":0.0,"enemies":"Large Slime","floor":13.0,"turns":1.0},{"damage":18.0,"enemies":"3 Sentries","floor":14.0,"turns":2.0},{"damage":28.0,"enemies":"Hexaghost","floor":16.0,"turns":4.0},{"damage":2.0,"enemies":"Shell Parasite","floor":18.0,"turns":2.0},{"damage":2.0,"enemies":"Chosen","floor":22.0,"turns":2.0},{"damage":0.0,"enemies":"Gremlin Leader","floor":27.0,"turns":3.0},{"damage":0.0,"enemies":"Centurion and Healer","floor":28.0,"turns":2.0},{"damage":0.0,"enemies":"Book of Stabbing","floor":29.0,"turns":2.0},{"damage":6.0,"enemies":"Slavers","floor":31.0,"turns":3.0},{"damage":10.0,"enemies":"Collector","floor":33.0,"turns":5.0},{"damage":0.0,"enemies":"Orb Walker","floor":35.0,"turns":1.0},{"damage":0.0,"enemies":"3 Shapes","floor":37.0,"turns":2.0},{"damage":0.0,"enemies":"Jaw Worm Horde","floor":39.0,"turns":1.0},{"damage":0.0,"enemies":"Giant Head","floor":40.0,"turns":4.0},{"damage":0.0,"enemies":"Reptomancer","floor":42.0,"turns":3.0},{"damage":0.0,"enemies":"Nemesis","floor":44.0,"turns":3.0},{"damage":0,"enemies":"3 Darklings","floor":47,"turns":2},{"damage":0,"enemies":"Time Eater","floor":50,"turns":4},{"damage":18,"enemies":"Shield and Spear","floor":54,"turns":5},{"damage":23,"enemies":"The Heart","floor":55,"turns":9}],"seed_played":"-4902688366168142699","potions_obtained":[{"floor":6.0,"key":"Explosive Potion"},{"floor":14.0,"key":"ColorlessPotion"},{"floor":16.0,"key":"GamblersBrew"},{"floor":18.0,"key":"BlessingOfTheForge"},{"floor":37.0,"key":"SmokeBomb"},{"floor":40.0,"key":"AttackPotion"},{"floor":42.0,"key":"AttackPotion"},{"floor":54,"key":"ColorlessPotion"}],"is_trial":false,"path_per_floor":["M","?","$","?","M","E","M","R","T","R","$","E","M","E","R","B",null,"M","?","$","?","M","R","?","$","T","E","M","E","R","E","R","B",null,"M","?","M","?","M","E","R","E","T","E","R","$","M","$","R","B",null,"R","$","E","B",null],"character_chosen":"WATCHER","items_purchased":["CarveReality","Apotheosis","InnerPeace","Adaptation","Strength Potion"],"campfire_rested":0,"item_purchase_floors":[3,20,46,48,53],"current_hp_per_floor":[72,54,54,54,54,54,54,54,54,54,69,69,69,51,51,23,77,75,75,77,77,75,75,75,77,77,77,77,77,77,71,71,61,77,77,77,77,77,77,77,77,77,77,77,77,77,77,77,77,77,77,77,77,59,51],"gold":82,"neow_bonus":"THREE_ENEMY_KILL","is_daily":false,"chose_seed":false,"campfire_upgraded":9,"win_rate":0.0,"timestamp":1608385231,"path_taken":["M","?","$","?","M","E","M","R","T","R","$","E","M","E","R","BOSS","M","?","$","?","M","R","?","?","T","E","M","E","R","E","R","BOSS","M","?","?","?","?","E","R","E","T","E","R","?","?","$","R","BOSS","R","$","E","BOSS"],"items_purchased_type":["Card","Card","Card","Card","Potion"],"build_version":"2020-12-13","purchased_purges":5,"victory":true,"max_hp_per_floor":[72,72,72,72,72,72,72,72,72,72,72,72,72,72,72,72,77,77,77,77,77,77,77,77,77,77,77,77,77,77,77,77,77,77,77,77,77,77,77,77,77,77,77,77,77,77,77,77,77,77,77,77,77,77,77],"card_choices":[{"not_picked":["Worship","FlyingSleeves","REME_Repentance"],"picked":"SKIP","floor":1.0},{"not_picked":["ThirdEye","Worship"],"picked":"CrushJoints","floor":5.0},{"not_picked":["Prostrate","Blasphemy"],"picked":"ForeignInfluence","floor":6.0},{"not_picked":["WindmillStrike","WreathOfFlame","SashWhip"],"picked":"SKIP","floor":7.0},{"not_picked":["REME_Repentance","Consecrate"],"picked":"Meditate","floor":12.0},{"not_picked":["Meditate","FlyingSleeves"],"picked":"FlurryOfBlows","floor":13.0},{"not_picked":["Protect","WheelKick","ForeignInfluence"],"picked":"SKIP","floor":14.0},{"not_picked":["Alpha","Omniscience"],"picked":"Ragnarok","floor":16.0},{"not_picked":["ThirdEye","Consecrate"],"picked":"Conclude","floor":17.0},{"not_picked":["SignatureMove","FlurryOfBlows"],"picked":"Tantrum","floor":18.0},{"not_picked":["Consecrate","FollowUp+1"],"picked":"MentalFortress+1","floor":22.0},{"not_picked":["Consecrate+1","FlurryOfBlows","PathToVictory"],"picked":"SKIP","floor":27.0},{"not_picked":["BowlingBash","FollowUp"],"picked":"EmptyMind","floor":28.0},{"not_picked":["Fasting2","Indignation","Conclude"],"picked":"SKIP","floor":29.0},{"not_picked":["SashWhip+1","BowlingBash+1","WindmillStrike"],"picked":"SKIP","floor":31.0},{"not_picked":["CrushJoints+1","WheelKick+1","FlurryOfBlows+1"],"picked":"SKIP","floor":35.0},{"not_picked":["FlurryOfBlows+1","JustLucky+1","REME_Repentance"],"picked":"SKIP","floor":37.0},{"not_picked":["FollowUp","Fasting2","LikeWater"],"picked":"SKIP","floor":39.0},{"not_picked":["SpiritShield","EmptyMind+1"],"picked":"Halt","floor":40.0},{"not_picked":["Crescendo","JustLucky","Omniscience"],"picked":"SKIP","floor":42.0},{"not_picked":["Prostrate","BowlingBash"],"picked":"Wallop+1","floor":44.0},{"not_picked":["Halt","ForeignInfluence+1","SashWhip+1"],"picked":"SKIP","floor":47},{"not_picked":["FlyingSleeves+1","Nirvana","Evaluate+1"],"picked":"SKIP","floor":54}],"player_experience":2128394,"relics_obtained":[{"floor":6.0,"key":"MealTicket"},{"floor":9.0,"key":"Bag of Preparation"},{"floor":12.0,"key":"Vajra"},{"floor":14.0,"key":"Gremlin Horn"},{"floor":26.0,"key":"Lantern"},{"floor":27.0,"key":"Toy Ornithopter"},{"floor":29.0,"key":"Darkstone Periapt"},{"floor":31.0,"key":"Happy Flower"},{"floor":42.0,"key":"Kunai"},{"floor":44.0,"key":"Orichalcum"},{"floor":54,"key":"Lizard Tail"}],"event_choices":[{"damage_healed":0.0,"max_hp_gain":0.0,"max_hp_loss":0.0,"gold_gain":0.0,"event_name":"Golden Idol","player_choice":"Take Damage","floor":2.0,"gold_loss":0.0,"damage_taken":18.0,"relics_obtained":["Golden Idol"]},{"damage_healed":0.0,"max_hp_gain":0.0,"max_hp_loss":0.0,"gold_gain":0.0,"event_name":"NoteForYourself","player_choice":"Ignored","floor":4.0,"gold_loss":0.0,"damage_taken":0.0},{"cards_removed":["Strike_P"],"damage_healed":0.0,"max_hp_gain":0.0,"max_hp_loss":0.0,"gold_gain":0.0,"event_name":"Beggar","player_choice":"Gave Gold","floor":19.0,"gold_loss":75.0,"damage_taken":0.0},{"damage_healed":0.0,"max_hp_gain":0.0,"max_hp_loss":0.0,"gold_gain":0.0,"event_name":"The Mausoleum","player_choice":"Ignored","floor":21.0,"gold_loss":0.0,"damage_taken":0.0},{"damage_healed":0.0,"max_hp_gain":0.0,"max_hp_loss":0.0,"gold_gain":99.0,"event_name":"Nest","player_choice":"Stole From Cult","floor":24.0,"gold_loss":0.0,"damage_taken":0.0},{"damage_healed":0.0,"max_hp_gain":0.0,"max_hp_loss":0.0,"gold_gain":0.0,"cards_transformed":["Strike_P"],"event_name":"Transmorgrifier","player_choice":"Transformed","floor":36.0,"gold_loss":0.0,"damage_taken":0.0,"cards_obtained":["Crescendo"]},{"damage_healed":0.0,"max_hp_gain":0.0,"max_hp_loss":0.0,"gold_gain":0.0,"event_name":"Accursed Blacksmith","player_choice":"Forge","floor":38.0,"gold_loss":0.0,"damage_taken":0.0,"cards_upgraded":["EmptyMind"]}],"is_beta":false,"boss_relics":[{"not_picked":["Fusion Hammer","Snecko Eye"],"picked":"Tiny House"},{"not_picked":["SlaversCollar","Busted Crown"],"picked":"Runic Pyramid"}],"items_purged_floors":[3,11,25,46,53],"is_endless":false,"potions_floor_spawned":[6,14,16,18,28,29,37,40,42,54],"ascension_level":1}}