{"host":"jwbw4f4imxd0v0b0","time":1608368684,"event":{"mods":["BaseMod","Colored Map","Highlight Path","Minty Spire (QoL Compilation)","Relic Stats","StSLib"],"gold_per_floor":[114,289,16,31,46,46,89,89,89,104,134,16,46,61,61,161,161,176,26,41,56,71,71,101,200,200,230,245,245,275,290,290,390,390,405,420,420,420,435,435,465,480,480,510,537,1,31,46,46,46],"floor_reached":51,"playtime":2392,"items_purged":["Doubt"],"score":882,"play_id":"aabf6a71-74f5-41b7-a529-5c864908f4ab","local_time":"20201219030444","daily_mods":["Draft","Uncertain Future","Elite Swarm"],"is_ascension_mode":false,"campfire_choices":[{"data":"Shockwave","floor":6.0,"key":"SMITH"},{"data":"Combust","floor":8.0,"key":"SMITH"},{"data":"Pommel Strike","floor":15.0,"key":"SMITH"},{"data":"Reprogram","floor":23.0,"key":"SMITH"},{"data":"Echo Form","floor":29,"key":"SMITH"},{"data":"Evolve","floor":32,"key":"SMITH"},{"data":"Power Through","floor":40,"key":"SMITH"},{"data":"Limit Break","floor":49,"key":"SMITH"}],"circlet_count":0,"master_deck":["Body Slam","Shrug It Off","Combust+1","Power Through+1","Wild Strike","Cleave","Power Through","Evolve+1","Pommel Strike+1","Shockwave+1","Blood for Blood","Battle Trance","Armaments+1","Pommel Strike","Flex+1","Berserk","Fire Breathing","Entrench","Immolate","Metallicize","Barricade","Reprogram+1","Reaper","Echo Form+1","Hyperbeam","Limit Break+1","CurseOfTheBell","DevaForm+1","Inflame+1","Feel No Pain+1","Fire Breathing+1","Fire Breathing+1","Inflame+1"],"relics":["Burning Blood","ClockworkSouvenir","Calipers","Incense Burner","Vajra","Bottled Flame","Snecko Eye","PrismaticShard","Potion Belt","Shuriken","War Paint","Oddly Smooth Stone","Calling Bell","Akabeko","White Beast Statue","Turnip","InkBottle","Frozen Egg 2","The Courier","Bird Faced Urn","Lizard Tail","StoneCalendar"],"acts_visited":["Exordium","TheCity","TheBeyond"],"potions_floor_usage":[41,45,50,50],"damage_taken":[{"damage":0.0,"enemies":"Small Slimes","floor":1.0,"turns":4.0},{"damage":1.0,"enemies":"2 Louse","floor":4.0,"turns":2.0},{"damage":8.0,"enemies":"Jaw Worm","floor":5.0,"turns":2.0},{"damage":3.0,"enemies":"Lagavulin Event","floor":7.0,"turns":4.0},{"damage":0.0,"enemies":"Gremlin Gang","floor":10.0,"turns":3.0},{"damage":18.0,"enemies":"Gremlin Nob","floor":11.0,"turns":4.0},{"damage":4.0,"enemies":"3 Sentries","floor":13.0,"turns":3.0},{"damage":9.0,"enemies":"Blue Slaver","floor":14.0,"turns":3.0},{"damage":12.0,"enemies":"Slime Boss","floor":16.0,"turns":5.0},{"damage":2.0,"enemies":"Spheric Guardian","floor":18.0,"turns":3.0},{"damage":7.0,"enemies":"2 Thieves","floor":20.0,"turns":3.0},{"damage":0.0,"enemies":"Snake Plant","floor":21.0,"turns":4.0},{"damage":15.0,"enemies":"Centurion and Healer","floor":22.0,"turns":4.0},{"damage":23.0,"enemies":"Slavers","floor":24.0,"turns":2.0},{"damage":2.0,"enemies":"Gremlin Leader","floor":27.0,"turns":5.0},{"damage":1,"enemies":"3 Cultists","floor":28,"turns":3},{"damage":9,"enemies":"Slavers","floor":30,"turns":4},{"damage":42,"enemies":"Sentry and Sphere","floor":31,"turns":5},{"damage":19,"enemies":"Champ","floor":33,"turns":8},{"damage":2,"enemies":"3 Shapes","floor":35,"turns":1},{"damage":2,"enemies":"Orb Walker","floor":36,"turns":2},{"damage":7,"enemies":"4 Shapes","floor":39,"turns":4},{"damage":33,"enemies":"Giant Head","floor":41,"turns":7},{"damage":26,"enemies":"Maw","floor":42,"turns":10},{"damage":22,"enemies":"Reptomancer","floor":44,"turns":4},{"damage":31,"enemies":"2 Orb Walkers","floor":45,"turns":4},{"damage":6,"enemies":"Giant Head","floor":47,"turns":10},{"damage":37,"enemies":"Spire Growth","floor":48,"turns":8},{"damage":72,"enemies":"Awakened One","floor":50,"turns":7}],"seed_played":"-2908382401684788831","potions_obtained":[{"floor":4.0,"key":"Explosive Potion"},{"floor":10.0,"key":"SmokeBomb"},{"floor":13.0,"key":"Swift Potion"},{"floor":14.0,"key":"Explosive Potion"},{"floor":20.0,"key":"ElixirPotion"},{"floor":21.0,"key":"FairyPotion"},{"floor":30,"key":"BloodPotion"},{"floor":33,"key":"EssenceOfSteel"},{"floor":35,"key":"Ancient Potion"},{"floor":41,"key":"BlessingOfTheForge"},{"floor":42,"key":"ColorlessPotion"},{"floor":45,"key":"Strength Potion"}],"is_trial":false,"path_per_floor":["M","?","$","M","M","R","?","R","T","M","E","$","E","M","R","B",null,"M","$","M","M","M","R","E","?","T","E","M","R","E","M","R","B",null,"M","M","?","?","M","R","E","M","T","E","?","$","E","M","R","B",null],"character_chosen":"IRONCLAD","items_purchased":["ClockworkSouvenir","Flex","Fire Breathing","Entrench","PrismaticShard","Lizard Tail","Inflame+1","Feel No Pain+1","Fire Breathing+1","Fire Breathing+1","Inflame+1"],"campfire_rested":0,"item_purchase_floors":[3,3,12,12,19,46,46,46,46,46,46],"current_hp_per_floor":[80,80,80,80,78,78,80,80,80,80,68,68,70,67,67,61,80,80,80,79,80,71,71,54,54,54,73,80,80,80,45,45,50,80,80,80,80,80,79,79,80,80,80,80,69,69,80,63,63,76],"gold":46,"neow_bonus":"","is_daily":true,"chose_seed":false,"campfire_upgraded":8,"win_rate":0.0,"timestamp":1608368684,"path_taken":["M","?","$","M","M","R","?","R","T","M","E","?","E","M","R","BOSS","M","$","?","?","M","R","E","?","T","E","M","R","E","M","R","BOSS","M","M","?","?","M","R","E","M","T","E","?","$","E","M","R","BOSS"],"items_purchased_type":["Relic","Card","Card","Card","Relic","Relic","Card","Card","Card","Card","Card"],"build_version":"2020-12-13","purchased_purges":1,"victory":true,"max_hp_per_floor":[80,80,80,80,80,80,80,80,80,80,80,80,80,80,80,80,80,80,80,80,80,80,80,80,80,80,80,80,80,80,80,80,80,80,80,80,80,80,80,80,80,80,80,80,80,80,80,80,80,80],"relic_stats":{"Lizard Tail":0,"counters":[29,128],"Shuriken":[10],"Bird Faced Urn":[49],"Snecko Eye":[191,152,200,192],"StoneCalendar":[98],"Turnip":[3],"War Paint":["Armaments","Flex"],"obtain_stats":[{"Potion Belt":24,"Calipers":7,"Vajra":11,"Oddly Smooth Stone":30,"StoneCalendar":47,"The Courier":44,"Incense Burner":9,"War Paint":27,"Frozen Egg 2":43,"PrismaticShard":19,"Burning Blood":0,"Akabeko":34,"White Beast Statue":34,"ClockworkSouvenir":3,"Calling Bell":34,"Bottled Flame":13,"Lizard Tail":46,"Shuriken":26,"Bird Faced Urn":45,"Snecko Eye":17,"Turnip":34,"InkBottle":41},{"Potion Belt":14,"Calipers":4,"Vajra":6,"Oddly Smooth Stone":17,"StoneCalendar":27,"The Courier":25,"Incense Burner":4,"War Paint":15,"Frozen Egg 2":24,"PrismaticShard":10,"Burning Blood":0,"Akabeko":19,"White Beast Statue":19,"ClockworkSouvenir":1,"Calling Bell":19,"Bottled Flame":7,"Lizard Tail":26,"Shuriken":14,"Bird Faced Urn":26,"Snecko Eye":9,"Turnip":19,"InkBottle":23},{"Potion Belt":46,"Calipers":12,"Vajra":19,"Oddly Smooth Stone":58,"StoneCalendar":113,"The Courier":99,"Incense Burner":12,"War Paint":51,"Frozen Egg 2":95,"PrismaticShard":33,"Burning Blood":0,"Akabeko":71,"White Beast Statue":71,"ClockworkSouvenir":4,"Calling Bell":71,"Bottled Flame":22,"Lizard Tail":103,"Shuriken":46,"Bird Faced Urn":103,"Snecko Eye":30,"Turnip":71,"InkBottle":85}],"Burning Blood":109,"InkBottle":[13]},"card_choices":[{"not_picked":["Havoc","Sword Boomerang"],"picked":"Body Slam","floor":0.0},{"not_picked":["Sword Boomerang","Havoc"],"picked":"Shrug It Off","floor":0.0},{"not_picked":["Rampage","Flex"],"picked":"Combust","floor":0.0},{"not_picked":["Cleave","Sword Boomerang"],"picked":"Power Through","floor":0.0},{"not_picked":["Flex","Thunderclap"],"picked":"Wild Strike","floor":0.0},{"not_picked":["Iron Wave","Clash"],"picked":"Cleave","floor":0.0},{"not_picked":["Clothesline","Thunderclap"],"picked":"Power Through","floor":0.0},{"not_picked":["Cleave","Pommel Strike"],"picked":"Evolve","floor":0.0},{"not_picked":["Clash","Twin Strike"],"picked":"Headbutt","floor":0.0},{"not_picked":["Headbutt","Pummel"],"picked":"Pommel Strike","floor":0.0},{"not_picked":["Sword Boomerang","Warcry"],"picked":"Shockwave","floor":0.0},{"not_picked":["Whirlwind","Clash"],"picked":"Blood for Blood","floor":0.0},{"not_picked":["Power Through","Clothesline"],"picked":"Battle Trance","floor":0.0},{"not_picked":["Shrug It Off","Ghostly Armor"],"picked":"Armaments","floor":0.0},{"not_picked":["Warcry","Armaments"],"picked":"Pommel Strike","floor":0.0},{"not_picked":["Iron Wave","Blood for Blood","Anger"],"picked":"SKIP","floor":1.0},{"not_picked":["Blood for Blood","Sword Boomerang","Cleave"],"picked":"SKIP","floor":4.0},{"not_picked":["Sentinel","Shrug It Off","Clothesline"],"picked":"SKIP","floor":5.0},{"not_picked":["Sentinel","Perfected Strike","Armaments"],"picked":"SKIP","floor":10.0},{"not_picked":["Double Tap","Barricade"],"picked":"Berserk","floor":11.0},{"not_picked":["Berserk","Feed"],"picked":"Immolate","floor":13.0},{"not_picked":["Uppercut","Sword Boomerang"],"picked":"Metallicize","floor":14.0},{"not_picked":["Demon Form","Juggernaut"],"picked":"Barricade","floor":16.0},{"not_picked":["Iron Wave+1","Perfected Strike+1","Sever Soul+1"],"picked":"SKIP","floor":18.0},{"not_picked":["Clash","Infernal Blade","Backflip"],"picked":"SKIP","floor":20.0},{"not_picked":["WheelKick","Flex","Evaluate"],"picked":"SKIP","floor":21.0},{"not_picked":["SashWhip","Seeing Red"],"picked":"Reprogram","floor":22.0},{"not_picked":["After Image","All For One"],"picked":"Reaper","floor":24.0},{"not_picked":["Judgement","Master of Strategy"],"picked":"Echo Form","floor":27.0},{"not_picked":["WheelKick","Predator","FlurryOfBlows"],"picked":"SKIP","floor":28},{"not_picked":["Creative AI","Reboot"],"picked":"Hyperbeam","floor":30},{"not_picked":["Headbutt+1","Adaptation","Blade Dance"],"picked":"SKIP","floor":31},{"not_picked":["Secret Weapon","Bullet Time"],"picked":"Limit Break","floor":33},{"not_picked":["Battle Trance+1","EmptyBody+1","FlurryOfBlows+1"],"picked":"SKIP","floor":35},{"not_picked":["InnerPeace+1","Flying Knee+1","Twin Strike"],"picked":"SKIP","floor":36},{"not_picked":["Barrage+1","Streamline","Steam"],"picked":"SKIP","floor":39},{"not_picked":["Transmutation","All For One","Secret Technique"],"picked":"SKIP","floor":41},{"not_picked":["Choke","Ball Lightning+1","Chill+1"],"picked":"SKIP","floor":42},{"not_picked":["Adrenaline","Fiend Fire"],"picked":"DevaForm+1","floor":44},{"not_picked":["Machine Learning+1","Blasphemy","Die Die Die"],"picked":"SKIP","floor":47},{"not_picked":["Pommel Strike+1","Hologram+1","Clash+1"],"picked":"SKIP","floor":48}],"player_experience":940534,"relics_obtained":[{"floor":7.0,"key":"Calipers"},{"floor":9.0,"key":"Incense Burner"},{"floor":11.0,"key":"Vajra"},{"floor":13.0,"key":"Bottled Flame"},{"floor":24.0,"key":"Potion Belt"},{"floor":26.0,"key":"Shuriken"},{"floor":27.0,"key":"War Paint"},{"floor":30,"key":"Oddly Smooth Stone"},{"floor":34,"key":"Akabeko"},{"floor":34,"key":"White Beast Statue"},{"floor":34,"key":"Turnip"},{"floor":41,"key":"InkBottle"},{"floor":43,"key":"Frozen Egg 2"},{"floor":44,"key":"The Courier"},{"floor":45,"key":"Bird Faced Urn"},{"floor":47,"key":"StoneCalendar"}],"event_choices":[{"damage_healed":0.0,"max_hp_gain":0.0,"max_hp_loss":0.0,"gold_gain":175.0,"event_name":"Liars Game","player_choice":"AGREE","floor":2.0,"gold_loss":0.0,"damage_taken":0.0,"cards_obtained":["Doubt"]},{"damage_healed":0.0,"max_hp_gain":0.0,"max_hp_loss":0.0,"gold_gain":0.0,"event_name":"Dead Adventurer","player_choice":"Searched \u00272\u0027 times","floor":7.0,"gold_loss":0.0,"damage_taken":0.0},{"damage_healed":0.0,"max_hp_gain":0.0,"max_hp_loss":0.0,"gold_gain":99.0,"event_name":"Nest","player_choice":"Stole From Cult","floor":25.0,"gold_loss":0.0,"damage_taken":0.0},{"cards_removed":["Headbutt"],"damage_healed":0,"gold_gain":0,"player_choice":"Removed Attack","damage_taken":0,"max_hp_gain":0,"max_hp_loss":0,"event_name":"Falling","floor":37,"gold_loss":0},{"damage_healed":0,"gold_gain":0,"player_choice":"Ignored","damage_taken":0,"max_hp_gain":0,"max_hp_loss":0,"event_name":"Tomb of Lord Red Mask","floor":38,"gold_loss":0},{"damage_healed":0,"gold_gain":0,"player_choice":"Fight","damage_taken":0,"max_hp_gain":0,"max_hp_loss":0,"event_name":"Mysterious Sphere","floor":45,"gold_loss":0}],"is_beta":false,"boss_relics":[{"not_picked":["SlaversCollar","Velvet Choker"],"picked":"Snecko Eye"},{"not_picked":["Black Blood","Black Star"],"picked":"Calling Bell"}],"items_purged_floors":[3],"is_endless":false,"potions_floor_spawned":[4,10,13,14,20,21,30,33,35,36,39,41,42,44,45,47,48],"ascension_level":0}}