{"host":"mqhvlr3kpxebko0t","time":1608373029,"event":{"mods":["AchievementEnabler","BaseMod","Colored Map","Colored Powertips","Keyboard Shortcuts","Minty Spire (QoL Compilation)","StSLib","SuperFastMode"],"gold_per_floor":[111,111,19,30,41,41,68,86,109,133,145,164,195,195,195,195,195],"floor_reached":16,"playtime":249,"items_purged":["Strike_R"],"score":224,"play_id":"c5847a19-55af-4369-830f-92e4ca955d64","local_time":"20201219191709","is_ascension_mode":true,"campfire_choices":[{"data":"Whirlwind","floor":6.0,"key":"SMITH"},{"data":"Pommel Strike","floor":15.0,"key":"SMITH"}],"circlet_count":0,"master_deck":["AscendersBane","Strike_R","Strike_R","Strike_R","Defend_R","Defend_R","Defend_R","Defend_R","Bash","Anger","Second Wind","Whirlwind+1","Feel No Pain","Flame Barrier","Body Slam","Pommel Strike+1"],"relics":["Burning Blood","Smiling Mask","Dream Catcher","Lantern","Odd Mushroom","Red Skull"],"acts_visited":["Exordium"],"potions_floor_usage":[],"damage_taken":[{"damage":12.0,"enemies":"2 Louse","floor":1.0,"turns":3.0},{"damage":11.0,"enemies":"Cultist","floor":4.0,"turns":4.0},{"damage":9.0,"enemies":"Jaw Worm","floor":5.0,"turns":4.0},{"damage":25.0,"enemies":"3 Sentries","floor":7.0,"turns":5.0},{"damage":11.0,"enemies":"Blue Slaver","floor":8.0,"turns":5.0},{"damage":0.0,"enemies":"The Mushroom Lair","floor":10.0,"turns":1.0},{"damage":7.0,"enemies":"Lots of Slimes","floor":11.0,"turns":3.0},{"damage":7.0,"enemies":"Looter","floor":12.0,"turns":3.0},{"damage":18.0,"enemies":"Gremlin Nob","floor":13.0,"turns":3.0},{"damage":18,"enemies":"Slime Boss","floor":16,"turns":6}],"seed_played":"-2569225618172059919","potions_obtained":[{"floor":1.0,"key":"SkillPotion"},{"floor":5.0,"key":"SmokeBomb"},{"floor":7.0,"key":"Explosive Potion"},{"floor":10.0,"key":"SteroidPotion"},{"floor":11.0,"key":"SteroidPotion"}],"is_trial":false,"path_per_floor":["M","?","$","M","M","R","E","M","T","?","M","M","E","?","R","B"],"character_chosen":"IRONCLAD","items_purchased":["Second Wind"],"campfire_rested":0,"item_purchase_floors":[3],"current_hp_per_floor":[62,62,62,57,54,54,35,30,30,36,35,34,22,22,22,4,4],"gold":195,"neow_bonus":"REMOVE_CARD","is_daily":false,"chose_seed":false,"campfire_upgraded":2,"win_rate":0.0,"timestamp":1608373029,"path_taken":["M","?","$","M","M","R","E","?","T","?","M","M","E","?","R","BOSS"],"items_purchased_type":["Card"],"build_version":"2020-12-13","purchased_purges":1,"victory":false,"max_hp_per_floor":[75,75,75,75,75,75,75,75,75,75,75,75,75,75,75,75,75],"card_choices":[{"not_picked":["Pummel","Rage"],"picked":"Anger","floor":1.0},{"not_picked":["Pummel","Infernal Blade","Heavy Blade"],"picked":"SKIP","floor":4.0},{"not_picked":["Flex","Searing Blow"],"picked":"Whirlwind","floor":5.0},{"not_picked":["Body Slam","Wild Strike"],"picked":"Feel No Pain","floor":7.0},{"not_picked":["Heavy Blade","Intimidate"],"picked":"Flame Barrier","floor":8.0},{"not_picked":["Thunderclap","Anger"],"picked":"Body Slam","floor":10.0},{"not_picked":["Twin Strike","Second Wind"],"picked":"Pommel Strike","floor":11.0},{"not_picked":["Rage","Flex","True Grit"],"picked":"SKIP","floor":12.0},{"not_picked":["Armaments","Headbutt","Wild Strike"],"picked":"SKIP","floor":13.0}],"player_experience":649156,"relics_obtained":[{"floor":2.0,"key":"Smiling Mask"},{"floor":7.0,"key":"Dream Catcher"},{"floor":9.0,"key":"Lantern"},{"floor":10.0,"key":"Odd Mushroom"},{"floor":13.0,"key":"Red Skull"}],"event_choices":[{"damage_healed":0.0,"max_hp_gain":0.0,"max_hp_loss":0.0,"gold_gain":0.0,"event_name":"Wheel of Change","player_choice":"Relic","floor":2.0,"gold_loss":0.0,"damage_taken":0.0},{"damage_healed":0.0,"max_hp_gain":0.0,"max_hp_loss":0.0,"gold_gain":0.0,"event_name":"Mushrooms","player_choice":"Fought Mushrooms","floor":10.0,"gold_loss":0.0,"damage_taken":0.0},{"damage_healed":0.0,"max_hp_gain":0.0,"max_hp_loss":0.0,"gold_gain":0.0,"event_name":"Match and Keep!","player_choice":"0 cards matched","floor":14.0,"gold_loss":0.0,"damage_taken":0.0,"cards_obtained":[]}],"is_beta":false,"boss_relics":[],"items_purged_floors":[3],"is_endless":false,"potions_floor_spawned":[1,5,7,10,11],"killed_by":"Slime Boss","ascension_level":20}}