{"host":"szp1d6dso4pv7ddl","time":1609300872,"event":{"mods":["AchievementEnabler","Alarm Clock","BaseMod","Bestiary","Block Reminder","Colored Map","Colored Powertips","Curses Come First","Displayed Cursed Tome","Highlight Path","Minty Spire (QoL Compilation)","Permanent Neow","Quick Restart","Relic Sorter","Relic Stats","StSLib","Synergy Search"],"gold_per_floor":[113,213,229,229,304,329,329,359,413,68,68,68,81,81,81,178,178,191,191,116,136,146,146,146],"floor_reached":23,"playtime":615,"items_purged":["All For One"],"score":300,"play_id":"21714649-3980-486d-a366-dc4e77fc5eb3","local_time":"20201229200112","is_ascension_mode":true,"campfire_choices":[{"data":"Conserve Battery","floor":7.0,"key":"SMITH"},{"floor":15.0,"key":"REST"}],"circlet_count":0,"master_deck":["Strike_B+1","Strike_B","Strike_B+1","Strike_B","Defend_B","Defend_B","Defend_B","Defend_B","Zap","Dualcast","Sweeping Beam","Rebound","Conserve Battery+1","Ball Lightning","Panache","Core Surge","Meteor Strike","Recycle","Barrage","Defragment+1"],"relics":["Cracked Core","NeowsBlessing","Lantern","Symbiotic Virus","Whetstone","Nuclear Battery"],"acts_visited":["Exordium","TheCity"],"potions_floor_usage":[22,23],"damage_taken":[{"damage":0.0,"enemies":"2 Louse","floor":1.0,"turns":1.0},{"damage":0.0,"enemies":"Cultist","floor":3.0,"turns":1.0},{"damage":0.0,"enemies":"Lagavulin","floor":6.0,"turns":1.0},{"damage":50.0,"enemies":"Gremlin Nob","floor":8.0,"turns":5.0},{"damage":0.0,"enemies":"Jaw Worm","floor":13.0,"turns":2.0},{"damage":29.0,"enemies":"Slime Boss","floor":16.0,"turns":8.0},{"damage":12,"enemies":"Chosen","floor":18,"turns":3},{"damage":12,"enemies":"2 Thieves","floor":21,"turns":3},{"damage":23,"enemies":"Snake Plant","floor":22,"turns":3},{"damage":23,"enemies":"Book of Stabbing","floor":23,"turns":2}],"seed_played":"-4486047395093815024","potions_obtained":[{"floor":3.0,"key":"Ancient Potion"},{"floor":8.0,"key":"FearPotion"},{"floor":13.0,"key":"DuplicationPotion"},{"floor":16.0,"key":"LiquidBronze"}],"is_trial":false,"path_per_floor":["M","?","M","?","?","E","R","E","T","$","?","$","M","?","R","B",null,"M","?","$","M","M","E"],"character_chosen":"DEFECT","items_purchased":["Panache","All For One"],"campfire_rested":1,"item_purchase_floors":[10,10],"current_hp_per_floor":[68,68,68,68,57,57,57,7,7,7,7,7,7,12,36,7,62,50,50,50,38,15,0,0],"gold":146,"neow_bonus":"THREE_ENEMY_KILL","is_daily":false,"chose_seed":false,"campfire_upgraded":1,"win_rate":0.0,"timestamp":1609300872,"path_taken":["M","?","?","?","?","E","R","E","T","$","?","?","M","?","R","BOSS","M","?","$","M","M","E"],"items_purchased_type":["Card","Card"],"build_version":"2020-12-22","purchased_purges":1,"victory":false,"max_hp_per_floor":[75,75,75,75,75,75,75,75,75,75,75,75,75,80,80,80,80,80,80,80,80,80,80,80],"relic_stats":{"counters":[10,29],"Whetstone":["Strike_B","Strike_B"],"obtain_stats":[{"Lantern":6,"NeowsBlessing":0,"Whetstone":9,"Cracked Core":0,"Symbiotic Virus":8,"Nuclear Battery":17},{"Lantern":3,"NeowsBlessing":0,"Whetstone":4,"Cracked Core":0,"Symbiotic Virus":4,"Nuclear Battery":6},{"Lantern":3,"NeowsBlessing":0,"Whetstone":8,"Cracked Core":0,"Symbiotic Virus":8,"Nuclear Battery":18}]},"card_choices":[{"not_picked":["Turbo","Beam Cell"],"picked":"Sweeping Beam","floor":1.0},{"not_picked":["Cold Snap","Steam"],"picked":"Rebound","floor":3.0},{"not_picked":["Barrage","FTL"],"picked":"Conserve Battery","floor":6.0},{"not_picked":["Hologram","Hello World"],"picked":"Ball Lightning","floor":8.0},{"not_picked":["Sunder","Steam"],"picked":"Core Surge","floor":13.0},{"not_picked":["Amplify","Hyperbeam"],"picked":"Meteor Strike","floor":16.0},{"not_picked":["Loop","Go for the Eyes"],"picked":"Recycle","floor":18},{"not_picked":["Chill+1","Leap+1"],"picked":"Barrage","floor":21},{"not_picked":["Streamline+1","Turbo"],"picked":"Defragment+1","floor":22}],"player_experience":1071443,"relics_obtained":[{"floor":6.0,"key":"Lantern"},{"floor":8.0,"key":"Symbiotic Virus"},{"floor":9.0,"key":"Whetstone"}],"event_choices":[{"damage_healed":0.0,"max_hp_gain":0.0,"max_hp_loss":0.0,"gold_gain":100.0,"event_name":"Golden Shrine","player_choice":"Pray","floor":2.0,"gold_loss":0.0,"damage_taken":0.0},{"damage_healed":0.0,"max_hp_gain":0.0,"max_hp_loss":0.0,"gold_gain":0.0,"event_name":"Liars Game","player_choice":"Ignored","floor":4.0,"gold_loss":0.0,"damage_taken":0.0},{"damage_healed":0.0,"max_hp_gain":0.0,"max_hp_loss":0.0,"gold_gain":75.0,"event_name":"World of Goop","player_choice":"Gather Gold","floor":5.0,"gold_loss":0.0,"damage_taken":11.0},{"damage_healed":0.0,"max_hp_gain":0.0,"max_hp_loss":0.0,"gold_gain":0.0,"event_name":"Shining Light","player_choice":"Ignored","floor":11.0,"gold_loss":0.0,"damage_taken":0.0},{"damage_healed":0.0,"max_hp_gain":5.0,"max_hp_loss":0.0,"gold_gain":0.0,"event_name":"Big Fish","player_choice":"Donut","floor":14.0,"gold_loss":0.0,"damage_taken":0.0},{"damage_healed":0,"gold_gain":0,"player_choice":"Ignored","damage_taken":0,"max_hp_gain":0,"max_hp_loss":0,"event_name":"Vampires","floor":19,"gold_loss":0}],"is_beta":false,"boss_relics":[{"not_picked":["Runic Dome","Sozu"],"picked":"Nuclear Battery"}],"items_purged_floors":[20],"is_endless":false,"potions_floor_spawned":[3,8,13,16,18],"killed_by":"Book of Stabbing","ascension_level":7}}