{"host":"baymyijz6sxaqj5s","time":1609321603,"event":{"mods":["AchievementEnabler","BaseMod","Colored Map","Colored Powertips","DeckTracker","Highlight Path","KOR Keyword Fix","Keyboard Shortcuts","Minty Spire (QoL Compilation)","Quick Restart","StSLib","SuperFastMode"],"gold_per_floor":[113,113,188,153,164,164,182,182,182,195,209,209,209,228,228,326,326,338,35,49,61,61,61],"floor_reached":22,"playtime":1083,"items_purged":[],"score":178,"play_id":"ec86af8d-e881-4977-9d17-e956eb1d43a6","local_time":"20201230184643","is_ascension_mode":false,"campfire_choices":[{"data":"Dualcast","floor":6,"key":"SMITH"},{"floor":12,"key":"REST"},{"data":"Coolheaded","floor":15,"key":"SMITH"}],"circlet_count":0,"master_deck":["Strike_B","Strike_B","Strike_B+1","Strike_B","Defend_B","Defend_B","Defend_B","Defend_B","Zap","Dualcast+1","Stack+1","Cold Snap","Coolheaded+1","Ball Lightning","Injury","Genetic Algorithm","Beam Cell","Steam","Capacitor+1"],"relics":["Cracked Core","Happy Flower","Bottled Flame","Nuclear Battery","FossilizedHelix"],"acts_visited":["Exordium","TheCity"],"potions_floor_usage":[14,16,20],"damage_taken":[{"damage":1,"enemies":"Jaw Worm","floor":1,"turns":4},{"damage":3,"enemies":"Small Slimes","floor":5,"turns":3},{"damage":0,"enemies":"2 Louse","floor":7,"turns":2},{"damage":5,"enemies":"2 Fungi Beasts","floor":10,"turns":3},{"damage":11,"enemies":"Exordium Wildlife","floor":11,"turns":4},{"damage":0,"enemies":"3 Louse","floor":14,"turns":2},{"damage":54,"enemies":"Slime Boss","floor":16,"turns":17},{"damage":15,"enemies":"Shell Parasite","floor":18,"turns":6},{"damage":0,"enemies":"2 Thieves","floor":20,"turns":4},{"damage":58,"enemies":"3 Cultists","floor":21,"turns":9},{"damage":11,"enemies":"Snake Plant","floor":22,"turns":3}],"seed_played":"5449173090295929043","potions_obtained":[{"floor":7,"key":"PowerPotion"},{"floor":10,"key":"SkillPotion"},{"floor":11,"key":"FearPotion"},{"floor":16,"key":"EssenceOfSteel"},{"floor":18,"key":"Block Potion"},{"floor":20,"key":"DuplicationPotion"}],"is_trial":false,"path_per_floor":["M","?","?","?","M","R","M","?","T","M","M","R","?","M","R","B",null,"M","$","M","M","M"],"character_chosen":"DEFECT","items_purchased":["FossilizedHelix"],"campfire_rested":1,"item_purchase_floors":[19],"current_hp_per_floor":[81,65,54,74,71,71,71,64,64,59,48,72,72,72,72,18,82,67,67,67,9,0,0],"gold":61,"neow_bonus":"TEN_PERCENT_HP_BONUS","is_daily":false,"chose_seed":false,"campfire_upgraded":2,"win_rate":0.0,"timestamp":1609321603,"path_taken":["M","?","?","?","M","R","M","?","T","M","?","R","?","M","R","BOSS","M","?","M","M","M"],"items_purchased_type":["Relic"],"build_version":"2020-12-22","purchased_purges":0,"victory":false,"max_hp_per_floor":[82,82,82,82,82,82,82,82,82,82,82,82,82,82,82,82,82,82,82,82,82,82,82],"card_choices":[{"not_picked":["Turbo","Sweeping Beam"],"picked":"Stack","floor":1},{"not_picked":["Sunder","Scrape"],"picked":"Cold Snap","floor":5},{"not_picked":["Reinforced Body","Consume"],"picked":"Coolheaded","floor":7},{"not_picked":["Tempest","Scrape"],"picked":"Ball Lightning","floor":10},{"not_picked":["Go for the Eyes","Consume","Meteor Strike"],"picked":"SKIP","floor":11},{"not_picked":["Cold Snap","Gash"],"picked":"Beam Cell","floor":14},{"not_picked":["Lockon+1","Turbo"],"picked":"Steam","floor":18},{"not_picked":["Coolheaded","Turbo"],"picked":"Capacitor+1","floor":20},{"not_picked":["Rip and Tear","Machine Learning","Gash"],"picked":"SKIP","floor":21}],"player_experience":295450,"relics_obtained":[{"floor":9,"key":"Bottled Flame"}],"event_choices":[{"damage_healed":0,"gold_gain":0,"player_choice":"Entered Light","damage_taken":16,"max_hp_gain":0,"max_hp_loss":0,"event_name":"Shining Light","floor":2,"gold_loss":0,"cards_upgraded":["Strike_B","Stack"]},{"damage_healed":0,"gold_gain":75,"player_choice":"Gather Gold","damage_taken":11,"max_hp_gain":0,"max_hp_loss":0,"event_name":"World of Goop","floor":3,"gold_loss":0},{"damage_healed":20,"gold_gain":0,"player_choice":"Healed","damage_taken":0,"max_hp_gain":0,"max_hp_loss":0,"event_name":"The Cleric","floor":4,"gold_loss":35},{"damage_healed":0,"gold_gain":0,"player_choice":"Success","damage_taken":7,"relics_obtained":["Happy Flower"],"max_hp_gain":0,"max_hp_loss":0,"event_name":"Scrap Ooze","floor":8,"gold_loss":0},{"damage_healed":0,"gold_gain":0,"player_choice":"2 cards matched","damage_taken":0,"max_hp_gain":0,"max_hp_loss":0,"event_name":"Match and Keep!","floor":13,"gold_loss":0,"cards_obtained":["Injury","Genetic Algorithm"]}],"is_beta":false,"boss_relics":[{"not_picked":["Runic Pyramid","Cursed Key"],"picked":"Nuclear Battery"}],"items_purged_floors":[],"is_endless":false,"potions_floor_spawned":[7,10,11,16,18,20],"killed_by":"Snake Plant","ascension_level":0}}