{"host":"j3h0p3l2xgzxhnx7","time":1609296398,"event":{"mods":["BaseMod","Luminous","Marisa????????","Minty Spire (QoL Compilation)","Remilia??????","StSLib","The Bug Knight","The Cursed","The Servant 0.9.4"],"gold_per_floor":[367,367,367,61,61,61,100,100,127,171,185,185,185,199,199,327,327,345,345,345,370,370,400,244,276,352,352,47,63,63,89,89,191,191,201,201,251,251,251,251,251],"floor_reached":40,"playtime":2129,"items_purged":[],"score":469,"play_id":"09b92621-5ba2-4e0f-87b6-b2d4d883b5c7","local_time":"20201230104638","is_ascension_mode":false,"campfire_choices":[{"floor":6,"key":"REST"},{"data":"HollowMod:PogoStrike","floor":8,"key":"SMITH"},{"data":"HollowMod:HuntersJournal","floor":13,"key":"SMITH"},{"floor":15,"key":"REST"},{"floor":27,"key":"REST"},{"floor":32,"key":"REST"}],"circlet_count":0,"master_deck":["HollowMod:NailStrikeStart","HollowMod:NailStrikeStart","HollowMod:NailStrikeStart","HollowMod:NailStrikeStart","HollowMod:QuickDashStart+1","HollowMod:QuickDashStart","HollowMod:QuickDashStart","HollowMod:QuickDashStart+1","HollowMod:FocusHealStart","HollowMod:PogoStrike+1","HollowMod:BaldurShell","HollowMod:CycloneSlash","HollowMod:DesolateDive","HollowMod:HuntersJournal+1","HollowMod:ChannelNail","HollowMod:NewLittleFool","HollowMod:DungDefenderAura+1","HollowMod:HuntersJournal+1","HollowMod:CornifersMapStart+1","HollowMod:CoiledNail","HollowMod:MantisMark","HollowMod:SoulShaman+1","HollowMod:SiblingsSouls+1","HollowMod:LifebloodCore+1","HollowMod:LifebloodCocoon+1","Jack Of All Trades+1","HollowMod:DashSlash+1"],"relics":["HollowMod:KingsSoulRelic","HollowMod:PaleOreRelic","Mercury Hourglass","Bloody Idol","Bronze Scales","War Paint","HornCleat","Black Star","ScarletDevilRocket","Juzu Bracelet","MealTicket","Pen Nib","Centennial Puzzle","Toxic Egg 2","Lizard Tail","Torii","Strawberry","WingedGreaves","HollowMod:LumaflyLanternRelic"],"acts_visited":["Exordium","TheCity","TheBeyond"],"potions_floor_usage":[16,16,25,25,31,35],"damage_taken":[{"damage":0,"enemies":"2 Louse","floor":1,"turns":3},{"damage":7,"enemies":"3 Sentries","floor":7,"turns":5},{"damage":9,"enemies":"HollowMod:MossKnight","floor":10,"turns":4},{"damage":0,"enemies":"Small Slimes","floor":11,"turns":2},{"damage":6,"enemies":"Jaw Worm","floor":14,"turns":2},{"damage":11,"enemies":"Slime Boss","floor":16,"turns":6},{"damage":0,"enemies":"HollowMod:HuskSentry","floor":18,"turns":5},{"damage":0,"enemies":"3 Byrds","floor":21,"turns":3},{"damage":15,"enemies":"HollowMod:Nosk","floor":23,"turns":8},{"damage":27,"enemies":"Gremlin Leader","floor":25,"turns":6},{"damage":4,"enemies":"Centurion and Healer","floor":29,"turns":4},{"damage":2,"enemies":"Colosseum Slavers","floor":30,"turns":5},{"damage":23,"enemies":"Book of Stabbing","floor":31,"turns":4},{"damage":100,"enemies":"Champ","floor":33,"turns":17},{"damage":1,"enemies":"3 Shapes","floor":35,"turns":2},{"damage":0,"enemies":"Mind Bloom Boss Battle","floor":37,"turns":8},{"damage":95,"enemies":"Giant Head","floor":40,"turns":9}],"seed_played":"5132888155999962282","potions_obtained":[{"floor":7,"key":"Swift Potion"},{"floor":10,"key":"Strength Potion"},{"floor":11,"key":"Fire Potion"},{"floor":14,"key":"Strength Potion"},{"floor":21,"key":"Fire Potion"},{"floor":23,"key":"SkillPotion"},{"floor":33,"key":"Explosive Potion"}],"is_trial":false,"path_per_floor":["M","?","?","$","?","R","E","R","T","E","M","?","R","M","R","B",null,"M","?","?","M","?","E","$","E","T","R","$","M","?","E","R","B",null,"M","?","?","?","T","E"],"character_chosen":"THE_BUGKNIGHT","items_purchased":["Mercury Hourglass","HollowMod:CycloneSlash","MealTicket","Lizard Tail"],"campfire_rested":4,"item_purchase_floors":[4,4,24,28],"current_hp_per_floor":[75,63,56,56,56,75,68,68,68,65,65,65,65,59,75,64,75,75,75,75,75,75,65,65,43,48,70,75,75,73,62,82,46,82,82,82,82,82,82,0,0],"gold":251,"neow_bonus":"TWO_FIFTY_GOLD","is_daily":false,"chose_seed":false,"campfire_upgraded":2,"win_rate":0.0,"timestamp":1609296398,"path_taken":["M","?","?","?","?","R","E","R","T","E","M","?","R","M","R","BOSS","M","?","?","?","?","E","$","E","T","R","?","M","?","E","R","BOSS","M","?","?","?","?","E"],"items_purchased_type":["Relic","Card","Relic","Relic"],"build_version":"2020-12-22","purchased_purges":0,"victory":false,"max_hp_per_floor":[75,75,75,75,75,75,75,75,75,75,75,75,75,75,75,75,75,75,75,75,75,75,75,75,75,75,75,75,75,75,82,82,82,82,82,82,82,82,82,82,82],"card_choices":[{"not_picked":["HollowMod:HuntersJournal","HollowMod:DreamGate"],"picked":"HollowMod:BaldurShell","floor":1},{"not_picked":["HollowMod:DescendingDark","HollowMod:theNailsmith"],"picked":"HollowMod:DesolateDive","floor":7},{"not_picked":["HollowMod:DescendingDark","HollowMod:CycloneSlash"],"picked":"HollowMod:HuntersJournal","floor":10},{"not_picked":["HollowMod:SoulEater","HollowMod:DreamGate"],"picked":"HollowMod:ChannelNail","floor":11},{"not_picked":["HollowMod:DoubleDash","HollowMod:ShadowDash"],"picked":"HollowMod:NewLittleFool","floor":14},{"not_picked":["HollowMod:HornetsHelp","HollowMod:NewInfectedGuardian"],"picked":"HollowMod:SoulMaster","floor":16},{"not_picked":["HollowMod:HeavyBlow+1","HollowMod:LuriensSpire+1"],"picked":"HollowMod:DungDefenderAura+1","floor":18},{"not_picked":["HollowMod:LifebloodCocoon","HollowMod:NewLittleFool"],"picked":"HollowMod:CornifersMapStart+1","floor":21},{"not_picked":["HollowMod:PureNailStrike+1","HollowMod:DoubleDash"],"picked":"HollowMod:CoiledNail","floor":23},{"not_picked":["HollowMod:HeavyBlow","HollowMod:WraithStrike"],"picked":"HollowMod:MantisMark","floor":25},{"not_picked":["HollowMod:MothsMistake","HollowMod:SharpenedShadows"],"picked":"HollowMod:SoulShaman+1","floor":29},{"not_picked":["HollowMod:FastStrike+1","HollowMod:SoulStrike"],"picked":"HollowMod:SiblingsSouls+1","floor":31},{"not_picked":["HollowMod:ElderbugsWisdom","HollowMod:MidwifesHunger"],"picked":"HollowMod:LifebloodCore+1","floor":33},{"not_picked":["HollowMod:NewJinnsSoul+1","HollowMod:ShadowDash+1"],"picked":"HollowMod:LifebloodCocoon+1","floor":35},{"not_picked":["Blind+1","HandOfGreed"],"picked":"Jack Of All Trades+1","floor":36},{"not_picked":["HollowMod:BaldurShell+1","HollowMod:ShapeofUnn"],"picked":"HollowMod:DashSlash+1","floor":37}],"player_experience":59786,"relics_obtained":[{"floor":7,"key":"Bronze Scales"},{"floor":9,"key":"War Paint"},{"floor":10,"key":"HornCleat"},{"floor":23,"key":"ScarletDevilRocket"},{"floor":23,"key":"Juzu Bracelet"},{"floor":25,"key":"Pen Nib"},{"floor":25,"key":"Centennial Puzzle"},{"floor":26,"key":"Toxic Egg 2"},{"floor":31,"key":"Torii"},{"floor":31,"key":"Strawberry"},{"floor":37,"key":"WingedGreaves"},{"floor":39,"key":"HollowMod:LumaflyLanternRelic"}],"event_choices":[{"damage_healed":0,"gold_gain":0,"player_choice":"Success","damage_taken":12,"relics_obtained":["HollowMod:PaleOreRelic"],"max_hp_gain":0,"max_hp_loss":0,"event_name":"Scrap Ooze","floor":2,"gold_loss":0},{"cards_removed":["TheCursedMod:Dregs"],"damage_healed":0,"gold_gain":0,"player_choice":"Card Removal","damage_taken":7,"max_hp_gain":0,"max_hp_loss":0,"event_name":"Golden Wing","floor":3,"gold_loss":0},{"damage_healed":0,"gold_gain":0,"player_choice":"Take Wound","damage_taken":0,"relics_obtained":["Golden Idol"],"max_hp_gain":0,"max_hp_loss":0,"event_name":"Golden Idol","floor":5,"gold_loss":0,"cards_obtained":["Injury"]},{"cards_removed":["Injury"],"damage_healed":0,"gold_gain":0,"player_choice":"Forget","damage_taken":0,"max_hp_gain":0,"max_hp_loss":0,"event_name":"Living Wall","floor":12,"gold_loss":0},{"damage_healed":0,"gold_gain":0,"player_choice":"Ignored","damage_taken":0,"max_hp_gain":0,"max_hp_loss":0,"event_name":"Vampires","floor":19,"gold_loss":0},{"damage_healed":0,"gold_gain":0,"player_choice":"Copied","damage_taken":0,"max_hp_gain":0,"max_hp_loss":0,"event_name":"Duplicator","floor":20,"gold_loss":0,"cards_obtained":["HollowMod:HuntersJournal"]},{"damage_healed":0,"gold_gain":0,"player_choice":"Gave Idol","damage_taken":0,"relics_obtained":["Bloody Idol"],"max_hp_gain":0,"max_hp_loss":0,"event_name":"Forgotten Altar","floor":22,"relics_lost":["Golden Idol"],"gold_loss":0},{"damage_healed":0,"gold_gain":0,"player_choice":"Fight","damage_taken":0,"max_hp_gain":0,"max_hp_loss":0,"event_name":"Colosseum","floor":30,"gold_loss":0},{"damage_healed":0,"gold_gain":0,"player_choice":"Fled From Nobs","damage_taken":0,"max_hp_gain":0,"max_hp_loss":0,"event_name":"Colosseum","floor":30,"gold_loss":0},{"damage_healed":0,"gold_gain":0,"player_choice":"Memory 1","damage_taken":0,"max_hp_gain":0,"max_hp_loss":0,"event_name":"SensoryStone","floor":36,"gold_loss":0},{"damage_healed":0,"gold_gain":0,"player_choice":"Fight","damage_taken":0,"max_hp_gain":0,"max_hp_loss":0,"event_name":"MindBloom","floor":37,"gold_loss":0},{"cards_removed":["HollowMod:SoulMaster"],"damage_healed":0,"gold_gain":0,"player_choice":"Removed Power","damage_taken":0,"max_hp_gain":0,"max_hp_loss":0,"event_name":"Falling","floor":38,"gold_loss":0}],"is_beta":false,"boss_relics":[{"not_picked":["Ectoplasm","Fusion Hammer"],"picked":"Black Star"},{"not_picked":["Cursed Key","Runic Dome"],"picked":"HollowMod:KingsSoulRelic"}],"items_purged_floors":[],"is_endless":false,"potions_floor_spawned":[7,10,11,14,21,23,30,33],"killed_by":"Giant Head","ascension_level":0}}