{"host":"p4yrwepmrl4g8pul","time":1609293441,"event":{"mods":["Act Like it!","BaseMod","BetterRewards","Colored Map","Custom Start","Gensokyo","Marisa£®ÏF”Í°°ƒß¿Ì…≥£©","Minty Spire (QoL Compilation)","Quick Restart","Rare Cards Sparkle","Reimu£®≤©¿ˆ¡È√Œ£©","Remilia£®¿Ÿ√◊¿Ú—«£©","Remove Card Discount Mod","Shop Mod","StSLib","The Jungle"],"gold_per_floor":[112,129,143,154,54,87,87,106,186,220,237,148,166,78,78,150,150,164,164,184,184,30,56,74,74,74,74,74,74,85,85,85,162,162,179,196,206,39,56,81,81,112,136,136,136,162,162,177,177,177,177,177,177,14,42,42],"floor_reached":57,"playtime":2986,"items_purged":["Strike_B","Defend_B","Strike_B","Strike_B","Defend_B","Defend_B","Defend_B","Strike_B","Steam Power+1","Static Discharge","Streamline","Leap","Leap+1","Steam+1","Redo","Dualcast"],"score":3889,"play_id":"53f48714-c6f0-4eae-990d-ead825bb2feb","local_time":"20201230095721","is_ascension_mode":true,"campfire_choices":[{"data":"Loop","floor":7.0,"key":"SMITH"},{"data":"Zap","floor":15.0,"key":"SMITH"},{"data":"Flash of Steel","floor":25.0,"key":"SMITH"},{"floor":27.0,"key":"RECALL"},{"floor":32.0,"key":"REST"}],"circlet_count":0,"master_deck":["AscendersBane","Zap+1","Flash of Steel+1","Loop+1","Conserve Battery+1","Conserve Battery+1","Steam Power+1","Coolheaded+1","Biased Cognition+1","White Noise+1","Redo+1","Capacitor+1","Electrodynamics+1","White Noise+1","Heatsinks+1","Consume+1"],"relics":["Cracked Core","Bird Faced Urn","Cables","Toxic Egg 2","PreservedInsect","Medical Kit","Sundial","Frozen Egg 2","Ginger","Singing Bowl","Emotion Chip","SlaversCollar","MerchantsRug","Mummified Hand","Omamori","Symbiotic Virus","Gensokyo:ConquerorOfFear","Coffee Dripper","Runic Capacitor","Pocketwatch","Mastiff:ReiMu","War Paint","Mango","White Beast Statue"],"acts_visited":["Gensokyo:Gensokyo","Gensokyo:Gensokyoer","Gensokyo:Gensokyoest","TheEnding"],"potions_floor_usage":[56],"damage_taken":[{"damage":5.0,"enemies":"Gensokyo:2_Kodama","floor":1.0,"turns":3.0},{"damage":0.0,"enemies":"Gensokyo:Gryphon","floor":2.0,"turns":3.0},{"damage":0.0,"enemies":"Gensokyo:Python","floor":3.0,"turns":4.0},{"damage":3.0,"enemies":"Gensokyo:VengefulSpirit","floor":4.0,"turns":4.0},{"damage":0.0,"enemies":"Gensokyo:Mamizou","floor":6.0,"turns":5.0},{"damage":7.0,"enemies":"Gensokyo:CorruptedTreant","floor":8.0,"turns":3.0},{"damage":5.0,"enemies":"Gensokyo:Cirno","floor":10.0,"turns":5.0},{"damage":6.0,"enemies":"Gensokyo:5_Fairies","floor":11.0,"turns":5.0},{"damage":0.0,"enemies":"Gensokyo:3_Kodama","floor":13.0,"turns":2.0},{"damage":6.0,"enemies":"Gensokyo:Reimu","floor":16.0,"turns":6.0},{"damage":11.0,"enemies":"Gensokyo:3_Dogs","floor":18.0,"turns":3.0},{"damage":6.0,"enemies":"Gensokyo:CosmicMonolith","floor":20.0,"turns":3.0},{"damage":2.0,"enemies":"Gensokyo:Reisen","floor":23.0,"turns":3.0},{"damage":0.0,"enemies":"Gensokyo:Mirror_and_Dog","floor":24.0,"turns":3.0},{"damage":0.0,"enemies":"Gensokyo:Swordslinger","floor":30.0,"turns":2.0},{"damage":0.0,"enemies":"Gensokyo:Kaguya","floor":33.0,"turns":7.0},{"damage":0.0,"enemies":"Gensokyo:AncientGuardian","floor":35.0,"turns":2.0},{"damage":0.0,"enemies":"Gensokyo:3_Boulders","floor":36.0,"turns":2.0},{"damage":0.0,"enemies":"Gensokyo:Rafflesia","floor":37.0,"turns":3.0},{"damage":0.0,"enemies":"Gensokyo:Dusk_and_Dawn","floor":39.0,"turns":2.0},{"damage":26.0,"enemies":"Gensokyo:Marisa","floor":40.0,"turns":3.0},{"damage":0.0,"enemies":"Gensokyo:Doremy","floor":42.0,"turns":2.0},{"damage":16.0,"enemies":"Gensokyo:Marisa","floor":46.0,"turns":3.0},{"damage":5.0,"enemies":"Gensokyo:4_Bats","floor":48.0,"turns":2.0},{"damage":0.0,"enemies":"Gensokyo:Yuyuko","floor":50.0,"turns":4.0},{"damage":0.0,"enemies":"Gensokyo:Scarlet_Devils","floor":51.0,"turns":5.0},{"damage":0.0,"enemies":"Shield and Spear","floor":55.0,"turns":2.0},{"damage":71,"enemies":"The Heart","floor":56,"turns":6}],"seed_played":"9110193876003526000","potions_obtained":[{"floor":6.0,"key":"FearPotion"},{"floor":10.0,"key":"Weak Potion"},{"floor":16.0,"key":"Block Potion"},{"floor":30.0,"key":"PotionOfCapacity"},{"floor":36.0,"key":"SkillPotion"},{"floor":39.0,"key":"ZuzhouPotion:ReiMu"},{"floor":46.0,"key":"Strength Potion"}],"is_trial":false,"path_per_floor":["M","M","M","M","?","E","R","M","T","E","M","$","M","$","R","B",null,"M","?","M","T","$","E","M","R","T","R","$","?","M","$","R","B",null,"M","M","M","$","M","E","R","E","T","R","?","E","$","M","R","B","B",null,"R","$","E","B",null],"character_chosen":"DEFECT","items_purchased":["Bird Faced Urn","Redo","Flash of Steel","Leap","Loop","Cables","Toxic Egg 2","Leap+1","Steam+1","Conserve Battery+1","Streamline","PreservedInsect","Medical Kit","Sundial","Static Discharge","PowerPotion","White Noise+1","Capacitor+1","MerchantsRug","Mummified Hand","Runic Capacitor","White Noise+1","Heatsinks+1"],"campfire_rested":1,"item_purchase_floors":[0,0,0,0,0,0,0,0,0,0,0,0,0,0,0,0,12,14,22,22,38,54,54],"current_hp_per_floor":[56,58,62,61,61,71,71,64,64,63,63,63,67,67,67,75,75,68,68,72,72,72,79,83,83,83,83,83,83,85,85,85,85,85,87,89,91,91,93,73,73,85,85,85,85,95,95,102,102,102,112,114,114,114,115,56],"gold":42,"neow_bonus":"","is_daily":false,"chose_seed":false,"campfire_upgraded":3,"win_rate":0.0,"timestamp":1609293441,"path_taken":["M","M","M","M","?","E","R","M","T","E","M","$","?","$","R","BOSS","M","?","M","?","$","E","?","R","T","R","?","?","M","$","R","BOSS","M","M","M","$","?","E","R","E","T","R","?","E","$","M","R","BOSS","BOSS","R","$","E","BOSS"],"items_purchased_type":["Relic","Card","Card","Card","Card","Relic","Relic","Card","Card","Card","Card","Relic","Relic","Relic","Card","Potion","Card","Card","Relic","Relic","Relic","Card","Card"],"build_version":"2020-12-22","purchased_purges":16,"victory":true,"max_hp_per_floor":[71,71,71,71,71,71,71,71,71,71,73,73,73,73,73,75,75,77,77,79,79,79,81,83,83,83,83,83,83,85,85,85,85,85,87,89,91,91,93,95,95,97,97,97,97,113,113,115,115,115,115,115,115,115,115,115],"card_choices":[{"not_picked":["Sunder","Double Energy+1"],"picked":"Conserve Battery+1","floor":1.0},{"not_picked":["Go for the Eyes","Turbo+1","Barrage"],"picked":"SKIP","floor":2.0},{"not_picked":["Rip and Tear","Steam+1"],"picked":"Steam Power+1","floor":3.0},{"not_picked":["Recycle+1","Steam+1","Stack+1"],"picked":"SKIP","floor":4.0},{"not_picked":["Coolheaded+1","Conserve Battery+1"],"picked":"Steam Power+1","floor":6.0},{"not_picked":["Fusion+1","FTL"],"picked":"Coolheaded+1","floor":8.0},{"not_picked":["Melter","Steam+1"],"picked":"Biased Cognition+1","floor":10.0},{"not_picked":["Cold Snap","Ball Lightning","Steam+1"],"picked":"Singing Bowl","floor":11.0},{"not_picked":["Hologram+1","Beam Cell"],"picked":"Redo+1","floor":13.0},{"not_picked":["Hyperbeam","All For One","Reboot+1"],"picked":"Singing Bowl","floor":16.0},{"not_picked":["Double Energy+1","Steam+1","Sweeping Beam+1"],"picked":"Singing Bowl","floor":18.0},{"not_picked":["Beam Cell","Loop+1","Steam+1"],"picked":"Singing Bowl","floor":20.0},{"not_picked":["Genetic Algorithm+1","Go for the Eyes","Rebound"],"picked":"Singing Bowl","floor":23.0},{"not_picked":["Leap+1","Hologram+1","Barrage"],"picked":"Singing Bowl","floor":24.0},{"not_picked":["Rebound","Turbo+1","Sunder"],"picked":"Singing Bowl","floor":30.0},{"not_picked":["Biased Cognition+1","Rainbow+1"],"picked":"Electrodynamics+1","floor":33.0},{"not_picked":["Beam Cell+1","Rip and Tear","Storm+1"],"picked":"Singing Bowl","floor":35.0},{"not_picked":["Sweeping Beam","Reprogram+1","Barrage"],"picked":"Singing Bowl","floor":36.0},{"not_picked":["Rebound","Turbo+1","Loop+1"],"picked":"Singing Bowl","floor":37.0},{"not_picked":["Conserve Battery+1","Skim+1","Storm+1"],"picked":"Singing Bowl","floor":39.0},{"not_picked":["Skim+1","Chill+1","Rebound"],"picked":"Singing Bowl","floor":40.0},{"not_picked":["Undo+1","Rebound","Heatsinks+1"],"picked":"Singing Bowl","floor":42.0},{"not_picked":["Thunder Strike","Darkness+1","Undo+1"],"picked":"Singing Bowl","floor":46.0},{"not_picked":["Gash","Ball Lightning","Barrage"],"picked":"Singing Bowl","floor":48.0},{"not_picked":["Barrage","Self Repair+1"],"picked":"Consume+1","floor":55.0}],"player_experience":736840,"relics_obtained":[{"floor":6.0,"key":"Ginger"},{"floor":9.0,"key":"Singing Bowl"},{"floor":10.0,"key":"Emotion Chip"},{"floor":23.0,"key":"Omamori"},{"floor":26.0,"key":"Symbiotic Virus"},{"floor":30.0,"key":"Gensokyo:ConquerorOfFear"},{"floor":40.0,"key":"Pocketwatch"},{"floor":42.0,"key":"Mastiff:ReiMu"},{"floor":43.0,"key":"War Paint"},{"floor":46.0,"key":"Mango"},{"floor":55.0,"key":"White Beast Statue"}],"event_choices":[],"is_beta":false,"boss_relics":[{"not_picked":["Pandora\u0027s Box","Runic Dome"],"picked":"SlaversCollar"},{"not_picked":["Philosopher\u0027s Stone","FrozenCore"],"picked":"Coffee Dripper"}],"items_purged_floors":[0,0,0,0,0,0,0,0,12,12,12,12,12,12,14,14],"is_endless":false,"potions_floor_spawned":[6,10,11,16,30,35,36,39,46],"ascension_level":20}}