{"host":"6pfj0wha12yu6wq3","time":1609369971,"event":{"mods":["AchievementEnabler","BaseMod","Colored Map","Colored Powertips","Curses Come First","DeckTracker","Minty Spire (QoL Compilation)","RNG Fix","Relic Sorter","Relic Stats","StSLib","UnlockEverythingMod","ojb\u0027s Better Paths Mod","ojb\u0027s Info Mod"],"gold_per_floor":[113,263,6,25,25,73,73,126,126,171,171,6,70,100,100,171,171,241,68,105,117,153,188,199,199,199],"floor_reached":25,"playtime":1932,"items_purged":[],"score":536,"play_id":"27f98145-ecac-4fcc-8649-1f0c26df9404","local_time":"20201230181251","is_ascension_mode":true,"campfire_choices":[{"data":"HandOfGreed","floor":7.0,"key":"SMITH"},{"data":"Wraith Form v2","floor":11.0,"key":"SMITH"},{"data":"Concentrate","floor":15.0,"key":"SMITH"}],"circlet_count":0,"master_deck":["AscendersBane","Strike_G","Strike_G","Strike_G","Strike_G","Strike_G","Defend_G","Defend_G","Defend_G","Defend_G","Defend_G","Survivor","Neutralize","Blade Dance","HandOfGreed+1","Dagger Spray","Accuracy","Wraith Form v2+1","Bouncing Flask","Concentrate+1","Tools of the Trade","Crippling Poison","Reflex","Noxious Fumes","Reflex","Catalyst"],"relics":["Ring of the Snake","NeowsBlessing","Strawberry","Letter Opener","White Beast Statue","Toolbox","Kunai","Fusion Hammer","PreservedInsect","Meat on the Bone"],"acts_visited":["Exordium","TheCity"],"potions_floor_usage":[25,25],"damage_taken":[{"damage":0.0,"enemies":"Small Slimes","floor":1.0,"turns":1.0},{"damage":0.0,"enemies":"Jaw Worm","floor":4.0,"turns":1.0},{"damage":0.0,"enemies":"3 Sentries","floor":6.0,"turns":2.0},{"damage":48.0,"enemies":"Lagavulin","floor":8.0,"turns":8.0},{"damage":0.0,"enemies":"2 Louse","floor":10.0,"turns":3.0},{"damage":7.0,"enemies":"Exordium Wildlife","floor":13.0,"turns":6.0},{"damage":10.0,"enemies":"Gremlin Nob","floor":14.0,"turns":3.0},{"damage":7.0,"enemies":"Slime Boss","floor":16.0,"turns":10.0},{"damage":19.0,"enemies":"3 Byrds","floor":18.0,"turns":8.0},{"damage":7.0,"enemies":"2 Thieves","floor":20.0,"turns":4.0},{"damage":3.0,"enemies":"Snake Plant","floor":21.0,"turns":4.0},{"damage":11.0,"enemies":"Centurion and Healer","floor":22.0,"turns":10.0},{"damage":3.0,"enemies":"Slavers","floor":23.0,"turns":4.0},{"damage":0.0,"enemies":"3 Cultists","floor":24.0,"turns":3.0},{"damage":26,"enemies":"Gremlin Leader","floor":25,"turns":4}],"seed_played":"5755506011097007678","potions_obtained":[{"floor":8.0,"key":"Regen Potion"},{"floor":10.0,"key":"SteroidPotion"},{"floor":13.0,"key":"SpeedPotion"},{"floor":14.0,"key":"SteroidPotion"},{"floor":16.0,"key":"Dexterity Potion"},{"floor":18.0,"key":"GamblersBrew"},{"floor":20.0,"key":"Block Potion"},{"floor":21.0,"key":"Strength Potion"},{"floor":22.0,"key":"SneckoOil"},{"floor":23.0,"key":"Fire Potion"},{"floor":24.0,"key":"Poison Potion"}],"is_trial":false,"path_per_floor":["M","?","$","M","?","E","R","E","T","M","R","$","M","E","R","B",null,"M","$","M","M","M","E","M","E"],"character_chosen":"THE_SILENT","items_purchased":["HandOfGreed","Dagger Spray","Toolbox","PreservedInsect"],"campfire_rested":0,"item_purchase_floors":[3,3,12,19],"current_hp_per_floor":[59,59,59,59,59,66,66,18,18,18,18,18,26,16,16,9,57,38,38,31,28,17,14,26,0,0],"gold":199,"neow_bonus":"THREE_ENEMY_KILL","is_daily":false,"chose_seed":false,"campfire_upgraded":3,"win_rate":0.0,"timestamp":1609369971,"path_taken":["M","?","$","?","?","E","R","E","T","M","R","$","M","E","R","BOSS","M","$","M","?","M","E","M","E"],"items_purchased_type":["Card","Card","Relic","Relic"],"build_version":"2020-12-22","purchased_purges":0,"victory":false,"max_hp_per_floor":[66,66,66,66,66,73,73,73,73,73,73,73,73,73,73,73,73,73,73,73,73,73,73,73,73,73],"relic_stats":{"counters":[15,71],"PreservedInsect":87,"Letter Opener":[107],"Kunai":[24],"obtain_stats":[{"NeowsBlessing":0,"Strawberry":6,"Toolbox":12,"Fusion Hammer":17,"PreservedInsect":19,"Letter Opener":8,"Kunai":14,"White Beast Statue":9,"Ring of the Snake":0,"Meat on the Bone":23},{"NeowsBlessing":0,"Strawberry":3,"Toolbox":5,"Fusion Hammer":8,"PreservedInsect":9,"Letter Opener":4,"Kunai":7,"White Beast Statue":4,"Ring of the Snake":0,"Meat on the Bone":13},{"NeowsBlessing":0,"Strawberry":4,"Toolbox":15,"Fusion Hammer":34,"PreservedInsect":42,"Letter Opener":12,"Kunai":24,"White Beast Statue":12,"Ring of the Snake":0,"Meat on the Bone":64}],"Ring of the Snake":[30],"Meat on the Bone":12},"card_choices":[{"not_picked":["Tactician","Masterful Stab"],"picked":"Blade Dance","floor":1.0},{"not_picked":["Bane","Dagger Spray","Cloak And Dagger"],"picked":"SKIP","floor":4.0},{"not_picked":["Escape Plan","Calculated Gamble"],"picked":"Accuracy","floor":6.0},{"not_picked":["Quick Slash","Dash"],"picked":"Wraith Form v2","floor":8.0},{"not_picked":["Deadly Poison","Finisher","Flechettes"],"picked":"SKIP","floor":10.0},{"not_picked":["Deflect","Eviscerate"],"picked":"Bouncing Flask","floor":13.0},{"not_picked":["Acrobatics","Quick Slash"],"picked":"Concentrate","floor":14.0},{"not_picked":["Unload","Grand Finale"],"picked":"Tools of the Trade","floor":16.0},{"not_picked":["Heel Hook+1","Skewer"],"picked":"Crippling Poison","floor":18.0},{"not_picked":["Heel Hook","Cloak And Dagger","Flying Knee"],"picked":"SKIP","floor":20.0},{"not_picked":["Underhanded Strike","Flechettes"],"picked":"Reflex","floor":21.0},{"not_picked":["Bane","Accuracy"],"picked":"Noxious Fumes","floor":22.0},{"not_picked":["Dagger Spray","Sucker Punch"],"picked":"Reflex","floor":23.0},{"not_picked":["Bouncing Flask","All Out Attack"],"picked":"Catalyst","floor":24.0}],"player_experience":6912,"relics_obtained":[{"floor":6.0,"key":"Strawberry"},{"floor":8.0,"key":"Letter Opener"},{"floor":9.0,"key":"White Beast Statue"},{"floor":14.0,"key":"Kunai"},{"floor":23.0,"key":"Meat on the Bone"}],"event_choices":[{"damage_healed":0.0,"max_hp_gain":0.0,"max_hp_loss":0.0,"gold_gain":150.0,"event_name":"Liars Game","player_choice":"AGREE","floor":2.0,"gold_loss":0.0,"damage_taken":0.0,"cards_obtained":["Doubt"]},{"cards_removed":["Doubt"],"damage_healed":0.0,"max_hp_gain":0.0,"max_hp_loss":0.0,"gold_gain":0.0,"event_name":"Fountain of Cleansing","player_choice":"Removed Curses","floor":5.0,"gold_loss":0.0,"damage_taken":0.0}],"is_beta":false,"boss_relics":[{"not_picked":["Ectoplasm","Ring of the Serpent"],"picked":"Fusion Hammer"}],"items_purged_floors":[],"is_endless":false,"potions_floor_spawned":[8,10,13,14,16,18,20,21,22,23,24],"killed_by":"Gremlin Leader","ascension_level":20}}