{"host":"uyrebrj0204enqpc","time":1609359618,"event":{"mods":["Act Like it!","Bard","BaseMod","Block Reminder","Challenge The Spire","Colored Map","Colored Powertips","DeckTracker","Downfall","GifTheSpireLib","HexUI Lib","Highlight Path","Hubris","Infinite Spire","Minty Spire (QoL Compilation)","Pale of the Ancients","Quick Restart","Random Character Button","Relic Sorter","Relic Stats","Replay The Spire","Shop Mod","StSLib","The Blue Laboratory","The Bug Knight","The Cursed","The Jungle","The Marked","Wandering Minibosses"],"gold_per_floor":[112,112,112,127,147,176,176,192,215,243,243,259,247,273,273,371,371,386,386,386,404,424,424,424],"floor_reached":23,"playtime":1137,"items_purged":[],"score":309,"play_id":"82d32d8b-0d20-40ed-8f73-e77e004cfb2f","local_time":"20201230152018","is_ascension_mode":true,"campfire_choices":[{"floor":11,"key":"REST"},{"floor":15,"key":"REST"}],"circlet_count":0,"master_deck":["Strike_B","Strike_B","Defend_B","Defend_B","Defend_B","Defend_B","Zap","Dualcast","Metamorphosis","infinitespire:Oblivion+1","Leap","Panic Button","Recycle","Amplify","Meteor Strike","Creative AI+1","Defragment"],"relics":["infinitespire:Satchel","Juzu Bracelet","Replay:Arrowhead","Golden Egg","ChewingGum"],"acts_visited":["Exordium","TheCity"],"potions_floor_usage":[10,14,16,16],"damage_taken":[{"damage":9,"enemies":"2 Louse","floor":1,"turns":2},{"damage":0,"enemies":"Small Slimes","floor":4,"turns":2},{"damage":0,"enemies":"Cultist","floor":5,"turns":3},{"damage":22,"enemies":"Lagavulin","floor":6,"turns":6},{"damage":9,"enemies":"Large Slime","floor":8,"turns":3},{"damage":0,"enemies":"Gremlin Nob","floor":10,"turns":2},{"damage":8,"enemies":"Blue Slaver","floor":12,"turns":3},{"damage":9,"enemies":"Red Slaver","floor":13,"turns":6},{"damage":7,"enemies":"3 Sentries","floor":14,"turns":9},{"damage":23,"enemies":"The Guardian","floor":16,"turns":12},{"damage":25,"enemies":"Chosen","floor":18,"turns":5},{"damage":0,"enemies":"Spheric Guardian","floor":21,"turns":3},{"damage":42,"enemies":"Snake Plant","floor":22,"turns":5},{"damage":10,"enemies":"HollowMod:Nosk","floor":23,"turns":4}],"seed_played":"1944066977013967393","potions_obtained":[{"floor":4,"key":"Slimebound:ThreeZeroPotion"},{"floor":5,"key":"AttackPotion"},{"floor":6,"key":"blueLaboratory:PyrophylliteBrew"},{"floor":8,"key":"blueLaboratory:PhilterOfMotion"},{"floor":13,"key":"Adrenaline Potion"},{"floor":14,"key":"GamblersBrew"},{"floor":21,"key":"LifebloodPotion"},{"floor":22,"key":"blueLaboratory:TeslaPotion"}],"is_trial":false,"path_per_floor":["M","?","?","M","M","E","?","M","T","E","R","M","M","E","R","B",null,"M","?","?","M","M","E"],"character_chosen":"DEFECT","items_purchased":[],"campfire_rested":2,"item_purchase_floors":[],"current_hp_per_floor":[59,42,42,42,42,20,20,11,11,11,31,23,14,7,27,4,52,27,49,49,49,7,0,0],"gold":424,"neow_bonus":"RANDOM_COLORLESS_2","is_daily":false,"chose_seed":false,"campfire_upgraded":0,"win_rate":0.0,"timestamp":1609359618,"path_taken":["M","?","?","M","M","E","?","M","T","E","R","M","M","E","R","BOSS","M","?","?","M","M","E"],"items_purchased_type":[],"build_version":"2020-12-22","purchased_purges":0,"victory":false,"max_hp_per_floor":[68,68,68,68,68,68,68,68,68,68,68,68,68,68,68,68,68,68,68,68,68,68,68,68],"relic_stats":{"counters":[14,65],"Juzu Bracelet":0,"obtain_stats":[{"Golden Egg":14,"infinitespire:Satchel":6,"ChewingGum":17,"Juzu Bracelet":9,"Cracked Core":0,"Replay:Arrowhead":10},{"Golden Egg":9,"infinitespire:Satchel":4,"ChewingGum":10,"Juzu Bracelet":5,"Cracked Core":0,"Replay:Arrowhead":6},{"Golden Egg":36,"infinitespire:Satchel":13,"ChewingGum":48,"Juzu Bracelet":16,"Cracked Core":0,"Replay:Arrowhead":18}]},"card_choices":[{"not_picked":["Sadistic Nature","Transmutation"],"picked":"Metamorphosis","floor":0},{"not_picked":["Barrage","Redo","Defragment"],"picked":"SKIP","floor":1},{"not_picked":["ReplayTheSpireMod:Black Plague","ReplayTheSpireMod:Echoes of Time"],"picked":"infinitespire:Oblivion","floor":2},{"not_picked":["Hologram","Rebound"],"picked":"Leap","floor":4},{"not_picked":["Barrage","Go for the Eyes","Streamline"],"picked":"SKIP","floor":5},{"not_picked":["hubris:DoWhile","Stack","Panic Button"],"picked":"SKIP","floor":6},{"not_picked":["hubris:DoWhile","Stack"],"picked":"Panic Button","floor":6},{"not_picked":["BasicCrystalCard","Double Energy","Rebound"],"picked":"SKIP","floor":8},{"not_picked":["Sweeping Beam","Barrage"],"picked":"Amplify","floor":10},{"not_picked":["ReplayTheSpireMod:Repulse","Turbo","BasicCrystalCard"],"picked":"SKIP","floor":12},{"not_picked":["Hologram","BasicCrystalCard"],"picked":"Meteor Strike","floor":13},{"not_picked":["Ball Lightning","Scrape","ReplaySolidLightProjector"],"picked":"SKIP","floor":14},{"not_picked":["Multi-Cast","Amplify"],"picked":"Creative AI","floor":16},{"not_picked":["Ball Lightning","Blizzard","Streamline+1"],"picked":"SKIP","floor":18},{"not_picked":["Sweeping Beam","Beam Cell"],"picked":"Defragment","floor":21},{"not_picked":["Rebound","Ball Lightning","Stack"],"picked":"SKIP","floor":22}],"player_experience":1014951,"relics_obtained":[{"floor":6,"key":"infinitespire:Satchel"},{"floor":9,"key":"Juzu Bracelet"},{"floor":10,"key":"Replay:Arrowhead"},{"floor":14,"key":"Golden Egg"}],"event_choices":[{"damage_healed":0,"gold_gain":0,"player_choice":"Grow","damage_taken":0,"max_hp_gain":0,"max_hp_loss":0,"event_name":"Living Wall","floor":3,"gold_loss":0,"cards_upgraded":["infinitespire:Oblivion"]},{"damage_healed":0,"gold_gain":0,"cards_transformed":["Strike_B"],"player_choice":"Transformed","damage_taken":0,"max_hp_gain":0,"max_hp_loss":0,"event_name":"Transmorgrifier","floor":7,"gold_loss":0,"cards_obtained":["Recycle"]},{"damage_healed":22,"gold_gain":0,"player_choice":"Heal","damage_taken":0,"max_hp_gain":0,"max_hp_loss":0,"event_name":"The Library","floor":19,"gold_loss":0},{"cards_removed":["Strike_B"],"damage_healed":0,"gold_gain":0,"player_choice":"Purged","damage_taken":0,"max_hp_gain":0,"max_hp_loss":0,"event_name":"Purifier","floor":20,"gold_loss":0}],"is_beta":false,"boss_relics":[{"not_picked":["Coffee Dripper","hubris:BlackHole"],"picked":"ChewingGum"}],"items_purged_floors":[],"is_endless":false,"potions_floor_spawned":[4,5,6,8,13,14,21,22],"killed_by":"HollowMod:Nosk","ascension_level":6}}