{"host":"2lrkmsuh7nz013qb","time":1609312442,"event":{"mods":["BaseMod","Colored Map","DeckTracker","Minty Spire (QoL Compilation)","SuperFastMode","everything is the same but u backflip on backflip"],"gold_per_floor":[110,124,138,138,156,156,172,188,213,213,229,240,240,257,257,331,331,344,213,229,244,244,244,264,264,264,125,142,142,142,161,161,161,161],"floor_reached":33,"playtime":936,"items_purged":["Strike_G","Strike_G"],"score":490,"play_id":"afc1d832-4f0a-4a94-a562-5f84c1c42b22","local_time":"20201230161402","is_ascension_mode":true,"campfire_choices":[{"data":"Cloak And Dagger","floor":6,"key":"SMITH"},{"data":"Dagger Throw","floor":10,"key":"SMITH"},{"data":"Accuracy","floor":13,"key":"SMITH"},{"data":"Terror","floor":15,"key":"SMITH"},{"data":"Reflex","floor":23,"key":"SMITH"},{"data":"Blade Dance","floor":29,"key":"SMITH"},{"floor":32,"key":"REST"}],"circlet_count":0,"master_deck":["AscendersBane","Strike_G","Strike_G","Strike_G","Defend_G","Defend_G","Defend_G","Defend_G","Defend_G","Survivor","Neutralize","Dagger Throw+1","Backstab","Sucker Punch","Cloak And Dagger+1","PiercingWail","Finisher","Accuracy+1","Terror+1","Corpse Explosion","Blade Dance+1","Malaise","Reflex+1","Well Laid Plans"],"relics":["Ring of the Snake","Blood Vial","Toy Ornithopter","Philosopher\u0027s Stone","Shovel"],"acts_visited":["Exordium","TheCity"],"potions_floor_usage":[4,16,20,21,21,33,33],"damage_taken":[{"damage":0,"enemies":"2 Louse","floor":1,"turns":6},{"damage":0,"enemies":"Cultist","floor":2,"turns":5},{"damage":2,"enemies":"Jaw Worm","floor":3,"turns":4},{"damage":15,"enemies":"Large Slime","floor":5,"turns":6},{"damage":0,"enemies":"2 Fungi Beasts","floor":7,"turns":2},{"damage":0,"enemies":"Exordium Thugs","floor":8,"turns":4},{"damage":3,"enemies":"Blue Slaver","floor":11,"turns":3},{"damage":0,"enemies":"Lots of Slimes","floor":12,"turns":4},{"damage":0,"enemies":"2 Fungi Beasts","floor":14,"turns":2},{"damage":21,"enemies":"The Guardian","floor":16,"turns":12},{"damage":24,"enemies":"2 Thieves","floor":18,"turns":3},{"damage":1,"enemies":"Shell Parasite","floor":20,"turns":2},{"damage":2,"enemies":"Snake Plant","floor":21,"turns":3},{"damage":22,"enemies":"3 Cultists","floor":24,"turns":4},{"damage":20,"enemies":"Shelled Parasite and Fungi","floor":28,"turns":4},{"damage":6,"enemies":"Snake Plant","floor":31,"turns":4},{"damage":53,"enemies":"Collector","floor":33,"turns":6}],"seed_played":"6348654365698742012","potions_obtained":[{"floor":2,"key":"Regen Potion"},{"floor":3,"key":"Block Potion"},{"floor":4,"key":"Fruit Juice"},{"floor":4,"key":"GhostInAJar"},{"floor":16,"key":"Dexterity Potion"},{"floor":20,"key":"BlessingOfTheForge"},{"floor":24,"key":"Strength Potion"},{"floor":31,"key":"PowerPotion"}],"is_trial":false,"path_per_floor":["M","M","M","?","M","R","M","M","T","R","M","M","R","M","R","B",null,"M","$","M","M","?","R","M","?","T","$","M","R","?","M","R","B"],"character_chosen":"THE_SILENT","items_purchased":["Blade Dance","Well Laid Plans"],"campfire_rested":1,"item_purchase_floors":[19,27],"current_hp_per_floor":[61,63,63,68,55,55,57,59,59,59,58,60,60,62,62,48,65,43,43,49,59,59,59,39,39,39,39,21,21,21,17,38,0,0],"gold":161,"neow_bonus":"RANDOM_COMMON_RELIC","is_daily":false,"chose_seed":false,"campfire_upgraded":6,"win_rate":0.0,"timestamp":1609312442,"path_taken":["M","M","M","?","?","R","M","M","T","R","M","M","R","M","R","BOSS","M","$","M","M","?","R","M","?","T","$","M","R","?","M","R","BOSS"],"items_purchased_type":["Card","Card"],"build_version":"2020-12-22","purchased_purges":2,"victory":false,"max_hp_per_floor":[66,66,66,71,71,71,71,71,71,71,71,71,71,71,71,71,71,71,71,71,71,71,71,71,71,71,71,71,71,71,71,71,71,71],"card_choices":[{"not_picked":["Quick Slash","Accuracy"],"picked":"Dagger Throw","floor":1},{"not_picked":["Backflip","Terror"],"picked":"Backstab","floor":2},{"not_picked":["Endless Agony","Expertise"],"picked":"Sucker Punch","floor":3},{"not_picked":["Crippling Poison","Leg Sweep"],"picked":"Cloak And Dagger","floor":5},{"not_picked":["Dash","Dagger Spray","Underhanded Strike"],"picked":"SKIP","floor":7},{"not_picked":["Endless Agony","Die Die Die"],"picked":"PiercingWail","floor":8},{"not_picked":["Distraction","Prepared"],"picked":"Finisher","floor":11},{"not_picked":["Poisoned Stab","Leg Sweep"],"picked":"Accuracy","floor":12},{"not_picked":["Bane","Outmaneuver"],"picked":"Terror","floor":14},{"not_picked":["Die Die Die","Venomology"],"picked":"Corpse Explosion","floor":16},{"not_picked":["Sucker Punch","Eviscerate","Deflect"],"picked":"SKIP","floor":18},{"not_picked":["Outmaneuver","Dash","Dagger Spray"],"picked":"SKIP","floor":20},{"not_picked":["Outmaneuver","Dash","Dagger Spray"],"picked":"SKIP","floor":20},{"not_picked":["Sucker Punch","Poisoned Stab"],"picked":"Malaise","floor":21},{"not_picked":["Predator","Terror","Bane"],"picked":"SKIP","floor":24},{"not_picked":["Quick Slash","Dodge and Roll","Deadly Poison"],"picked":"SKIP","floor":28},{"not_picked":["Distraction","Eviscerate","Quick Slash"],"picked":"SKIP","floor":31}],"player_experience":706743,"relics_obtained":[{"floor":9,"key":"Toy Ornithopter"},{"floor":26,"key":"Shovel"}],"event_choices":[{"damage_healed":0,"gold_gain":0,"player_choice":"Got Potions","damage_taken":0,"max_hp_gain":0,"max_hp_loss":0,"event_name":"Lab","floor":4,"gold_loss":0},{"damage_healed":0,"gold_gain":0,"player_choice":"Read","damage_taken":0,"max_hp_gain":0,"max_hp_loss":0,"event_name":"The Library","floor":22,"gold_loss":0,"cards_obtained":["Reflex"]},{"damage_healed":0,"gold_gain":0,"player_choice":"Ignored","damage_taken":0,"max_hp_gain":0,"max_hp_loss":0,"event_name":"Ghosts","floor":25,"gold_loss":0},{"damage_healed":0,"gold_gain":0,"player_choice":"Ignored","damage_taken":0,"max_hp_gain":0,"max_hp_loss":0,"event_name":"Vampires","floor":30,"gold_loss":0}],"is_beta":false,"boss_relics":[{"not_picked":["Tiny House","Busted Crown"],"picked":"Philosopher\u0027s Stone"}],"items_purged_floors":[19,27],"is_endless":false,"potions_floor_spawned":[2,3,8,16,20,24,31],"killed_by":"Collector","ascension_level":20}}