{"host":"xgnmnr8f8w1a0eo3","time":1609307105,"event":{"mods":["BaseMod","Downfall","Highlight Path","Minty Spire (QoL Compilation)","Permanent Neow","Relic Stats","StSLib","everything is the same but u backflip on backflip"],"gold_per_floor":[99,117,127,147,160,160,184,196,226,242,257,14,14,29,46,46,46,46],"floor_reached":16,"playtime":1036,"items_purged":["Guardian:Strike_Guardian"],"score":135,"play_id":"99a59c11-a542-424c-86aa-9ad931b9d91b","local_time":"20201230004505","is_ascension_mode":true,"campfire_choices":[{"data":"Guardian:TwinSlam","floor":1.0,"key":"SMITH"},{"floor":13.0,"key":"REST"}],"circlet_count":0,"master_deck":["Guardian:Strike_Guardian","Guardian:Strike_Guardian","Guardian:Strike_Guardian","Guardian:Defend_Guardian","Guardian:Defend_Guardian","Guardian:CurlUp","Guardian:TwinSlam+1","Guardian:PrismaticBeam","Guardian:PrismaticBeam","Guardian:RollAttack","Guardian:BaubleBeam","Guardian:ShieldCharger","Guardian:Gem_White"],"relics":["Guardian:ModeShifter","Smiling Mask","Regal Pillow"],"acts_visited":["Exordium"],"potions_floor_usage":[16],"damage_taken":[{"damage":1.0,"enemies":"Jaw Worm","floor":2.0,"turns":3.0},{"damage":0.0,"enemies":"Cultist","floor":3.0,"turns":3.0},{"damage":0.0,"enemies":"Small Slimes","floor":4.0,"turns":3.0},{"damage":16.0,"enemies":"Blue Slaver","floor":5.0,"turns":4.0},{"damage":18.0,"enemies":"Exordium Wildlife","floor":8.0,"turns":5.0},{"damage":11.0,"enemies":"3 Sentries","floor":9.0,"turns":4.0},{"damage":0.0,"enemies":"Lots of Slimes","floor":10.0,"turns":1.0},{"damage":23.0,"enemies":"Large Slime","floor":11.0,"turns":4.0},{"damage":0.0,"enemies":"downfall:FleeingMerchant","floor":12.0,"turns":4.0},{"damage":4.0,"enemies":"Blue Slaver","floor":14.0,"turns":2.0},{"damage":3.0,"enemies":"2 Fungi Beasts","floor":15.0,"turns":2.0},{"damage":49,"enemies":"downfall:Defect","floor":16,"turns":8}],"seed_played":"-1023459205602144392","potions_obtained":[{"floor":4.0,"key":"Guardian:StasisDiscoveryPotion"},{"floor":5.0,"key":"PowerPotion"},{"floor":10.0,"key":"SneckoOil"},{"floor":11.0,"key":"FearPotion"}],"is_trial":false,"path_per_floor":["R","M","M","M","M","?","T","M","E","M","M","$","R","M","M","B"],"character_chosen":"GUARDIAN","items_purchased":["Guardian:BaubleBeam","Guardian:ShieldCharger"],"campfire_rested":1,"item_purchase_floors":[12,12],"current_hp_per_floor":[72,71,71,71,55,72,72,54,43,43,20,20,56,52,49,0,0,0],"gold":46,"neow_bonus":"REMOVE_TWO","is_daily":false,"chose_seed":false,"campfire_upgraded":1,"win_rate":0.0,"timestamp":1609307105,"path_taken":["R","M","M","M","M","?","T","M","E","M","M","$","R","M","M","BOSS"],"items_purchased_type":["Card","Card"],"build_version":"2020-12-22","purchased_purges":1,"victory":false,"max_hp_per_floor":[72,72,72,72,72,72,72,72,72,72,72,72,72,72,72,72,72,72],"relic_stats":{"Regal Pillow":15,"counters":[12,43],"Smiling Mask":25,"obtain_stats":[{"Regal Pillow":9,"Guardian:ModeShifter":0,"Smiling Mask":7},{"Regal Pillow":6,"Guardian:ModeShifter":0,"Smiling Mask":4},{"Regal Pillow":22,"Guardian:ModeShifter":0,"Smiling Mask":13}]},"card_choices":[{"not_picked":["Guardian:TemporalStrike","Guardian:RollAttack"],"picked":"Guardian:PrismaticBeam","floor":2.0},{"not_picked":["Guardian:BronzeArmor","Guardian:Harden"],"picked":"Guardian:PrismaticBeam","floor":3.0},{"not_picked":["Guardian:Suspension","Guardian:Gem_Blue"],"picked":"Guardian:Gem_Crimson","floor":4.0},{"not_picked":["Guardian:WalkerClaw","Guardian:ShieldCharger","Guardian:TemporalShield"],"picked":"SKIP","floor":5.0},{"not_picked":["Guardian:ShieldSpikes","Guardian:Emergency"],"picked":"Guardian:RollAttack","floor":8.0},{"not_picked":["Guardian:FloatingOrbs","Guardian:Orbwalk","Guardian:Incinerate"],"picked":"SKIP","floor":9.0},{"not_picked":["Guardian:PolyBeam","Guardian:WalkerClaw","Guardian:Preprogram"],"picked":"SKIP","floor":10.0},{"not_picked":["Guardian:RefractedBeam","Guardian:Suspension"],"picked":"Guardian:Gem_Green","floor":11.0},{"not_picked":["Guardian:PrismaticBeam","Guardian:ChargeCore"],"picked":"Guardian:Gem_Crimson","floor":12.0},{"not_picked":["Guardian:Gem_Green","Guardian:SphericShield"],"picked":"Guardian:Gem_White","floor":14.0},{"not_picked":["Guardian:Gem_Yellow","Guardian:Repulse","Guardian:GuardianWhirl"],"picked":"SKIP","floor":15.0}],"player_experience":1178731,"relics_obtained":[{"floor":7.0,"key":"Smiling Mask"},{"floor":9.0,"key":"Regal Pillow"}],"event_choices":[{"damage_healed":24.0,"max_hp_gain":0.0,"max_hp_loss":0.0,"gold_gain":0.0,"event_name":"Big Fish","player_choice":"Banana","floor":6.0,"gold_loss":0.0,"damage_taken":0.0}],"is_beta":false,"boss_relics":[],"items_purged_floors":[12],"is_endless":false,"potions_floor_spawned":[4,5,10,11],"killed_by":"downfall:Defect","ascension_level":5}}