{"host":"g75gtovmj0ine2rf","time":1609303149,"event":{"mods":["2.2 Compatiblity","AchievementEnabler","Act Like it!","Aspiration","Astrologer","Bard","BaseMod","Better Match","BetterRewards","CapriCore","Challenge The Spire","ChefMod","Colored Map","Conspire","Elementarium","Energized Spire","Friendly Minions","Gensokyo","Halation","Hallownest","Hermit","HexUI Lib","Highlight Path","Hubris","Infinite Spire","Jedi Mod","Lobotomy","Menagerie","Minty Spire (QoL Compilation)","Puzzle Mod","Quick Restart","Rare Cards Sparkle","Relic Stats","Replay The Spire","Robot Space Explorer","Shade Mod","Shop Mod","Spicy Shops","StSLib","SuperFastMode","The Construct","The Cursed","The Dragon Tamer","The Factory","The Jungle","The Marked","The Runesmith","TheBandit","TheFirefly","TheSwordswoman","TheVacant","Transform Curses","Wandering Minibosses","thorton","vexMod"],"gold_per_floor":[115,170,183,113,127,153,153,83,83,83,83,83,83,83,83,83,83,83,23,23,23,23,23,23,23,23,27,50,50,82,97,97,199,249,259,134,152,170,184,211,264,264,264],"floor_reached":42,"playtime":2808,"items_purged":["RobotSpaceExplorer:Strike","RobotSpaceExplorer:Strike","RobotSpaceExplorer:Strike","Gensokyo:ImpossibleRequest"],"score":691,"play_id":"f6052921-5af5-434b-92e2-172ace1f2317","local_time":"20201230153909","is_ascension_mode":true,"campfire_choices":[{"data":"RobotSpaceExplorer:Calculate","floor":7.0,"key":"SMITH"},{"data":"RobotSpaceExplorer:Calculate","floor":15.0,"key":"SMITH"},{"data":"RobotSpaceExplorer:Comet","floor":24,"key":"SMITH"},{"floor":32,"key":"DIG"}],"circlet_count":0,"master_deck":["RobotSpaceExplorer:Defend+1","RobotSpaceExplorer:Scan+1","RobotSpaceExplorer:Calculate+1","RobotSpaceExplorer:Blitz","RobotSpaceExplorer:Calculate+1","RobotSpaceExplorer:Scanner","RobotSpaceExplorer:MiniBoosters","RobotSpaceExplorer:Comet+1","RobotSpaceExplorer:MiniBoosters","RobotSpaceExplorer:ShovelStrike","RobotSpaceExplorer:Calculate+1","Doubt","infinitespire:UltimateForm+1","RobotSpaceExplorer:DroneSwarm+1","RobotSpaceExplorer:TrailblazerForm+1","RobotSpaceExplorer:StunGrenade"],"relics":["RobotSpaceExplorer:RoboCore","aspiration:Nostalgia","DTMod:PactStone","Ornamental Fan","jedi:ominousloannote","MerchantsRug","hubris:MobiusCoin","Blood Vial","hubris:ToyBattleship","construct:WeddingRing","Gremlin Food","infinitespire:ShieldingShard","Frozen Egg 2","Vajra","Kintsugi","infinitespire:PuzzleCube","aspiration:Lifesprig","halation:SelfBoilingWater","aspiration:PoetsPen_weak","wanderingMiniBosses:OtherGremlinHorn","jedi:archwizardhat","Mercury Hourglass"],"acts_visited":["Exordium","TheCity","TheBeyond"],"potions_floor_usage":[23],"damage_taken":[{"damage":0.0,"enemies":"Gensokyo:Python","floor":1.0,"turns":4.0},{"damage":0.0,"enemies":"Gensokyo:Gryphon","floor":3.0,"turns":4.0},{"damage":0.0,"enemies":"Gensokyo:3_Fairies","floor":5.0,"turns":3.0},{"damage":0.0,"enemies":"Gensokyo:Aya","floor":6.0,"turns":8.0},{"damage":53.0,"enemies":"Gensokyo:Mamizou","floor":10.0,"turns":13.0},{"damage":3.0,"enemies":"Gensokyo:Gryphon_and_Rabbit","floor":11.0,"turns":7.0},{"damage":0.0,"enemies":"Gensokyo:Aya","floor":12.0,"turns":5.0},{"damage":3.0,"enemies":"Gensokyo:3_Kodama","floor":14.0,"turns":5.0},{"damage":2.0,"enemies":"Gensokyo:Yukari","floor":16.0,"turns":12.0},{"damage":0.0,"enemies":"conspire:FuzzyDice","floor":18.0,"turns":5.0},{"damage":25.0,"enemies":"2 Thieves","floor":19.0,"turns":5.0},{"damage":0.0,"enemies":"Centurion and Healer","floor":22.0,"turns":7.0},{"damage":32,"enemies":"Slavers","floor":23,"turns":5},{"damage":0,"enemies":"Nightmare","floor":25,"turns":6},{"damage":2,"enemies":"Snake Plant","floor":27,"turns":4},{"damage":2,"enemies":"conspire:SneckoGhost","floor":30,"turns":4},{"damage":4,"enemies":"Cultist and Chosen","floor":31,"turns":5},{"damage":1,"enemies":"conspire:MysteriousRune","floor":33,"turns":7},{"damage":9,"enemies":"3 Shapes","floor":35,"turns":3},{"damage":0,"enemies":"Orb Walker","floor":37,"turns":5},{"damage":46,"enemies":"Sphere and 2 Shapes","floor":38,"turns":5},{"damage":15,"enemies":"Spire Growth","floor":39,"turns":6},{"damage":0,"enemies":"Giant Head","floor":40,"turns":7},{"damage":22,"enemies":"Nemesis","floor":42,"turns":3}],"seed_played":"-1284850203228185931","potions_obtained":[{"floor":1.0,"key":"Reflective Coating"},{"floor":10.0,"key":"Strength Potion"},{"floor":11.0,"key":"AttackPotion"},{"floor":12.0,"key":"jedi:StrikingPotion"},{"floor":18.0,"key":"BlessingOfTheForge"},{"floor":25,"key":"infinitespire:BlackPotion"},{"floor":38,"key":"FearPotion"}],"is_trial":false,"path_per_floor":["M","T","M","?","M","E","R","$","T","E","M","E","$","M","R","B",null,"M","M","?","?","M","E","R","NM","T","M","T","AVR","E","M","R_BF","B",null,"M","$","M","M","M","E","?","E"],"character_chosen":"RobotSpaceExplorer","items_purchased":["Mango","jedi:ominousloannote","MerchantsRug"],"campfire_rested":0,"item_purchase_floors":[8,8,8],"current_hp_per_floor":[75,82,82,82,82,82,82,96,96,43,42,44,44,43,43,43,96,96,71,71,71,73,43,43,45,45,45,45,45,45,43,43,44,96,87,87,89,45,32,34,10,0,0],"gold":264,"neow_bonus":"NOSTALGIA","is_daily":false,"chose_seed":false,"campfire_upgraded":3,"win_rate":0.0,"timestamp":1609303149,"path_taken":["M","?","M","?","M","E","R","?","T","E","?","E","$","M","R","BOSS","M","M","?","?","?","E","R","NM","T","M","?","AVR","E","M","R_BF","BOSS","M","$","M","M","M","E","?","E"],"items_purchased_type":["Relic","Relic","Relic"],"build_version":"2020-12-22","purchased_purges":4,"victory":false,"max_hp_per_floor":[75,82,82,82,82,82,82,96,96,96,96,96,96,96,96,96,96,96,96,96,96,96,96,96,96,96,96,96,96,96,96,96,96,96,96,96,96,96,96,96,96,96,96],"relic_stats":{"Blood Vial":32,"counters":[24,138],"Ornamental Fan":[124],"obtain_stats":[{"Gremlin Food":20,"MerchantsRug":8,"hubris:MobiusCoin":9,"aspiration:Lifesprig":30,"construct:WeddingRing":17,"aspiration:Nostalgia":0,"Vajra":26,"RobotSpaceExplorer:RoboCore":0,"Mango":8,"aspiration:PoetsPen_weak":34,"wanderingMiniBosses:OtherGremlinHorn":39,"Frozen Egg 2":25,"jedi:archwizardhat":40,"halation:SelfBoilingWater":32,"Mercury Hourglass":41,"Blood Vial":10,"infinitespire:ShieldingShard":23,"DTMod:PactStone":0,"Ornamental Fan":6,"jedi:ominousloannote":8,"Strawberry":2,"hubris:ToyBattleship":12,"Kintsugi":29,"infinitespire:PuzzleCube":29},{"Gremlin Food":11,"MerchantsRug":4,"hubris:MobiusCoin":4,"aspiration:Lifesprig":16,"construct:WeddingRing":9,"aspiration:Nostalgia":0,"Vajra":14,"RobotSpaceExplorer:RoboCore":0,"Mango":4,"aspiration:PoetsPen_weak":18,"wanderingMiniBosses:OtherGremlinHorn":22,"Frozen Egg 2":14,"jedi:archwizardhat":23,"halation:SelfBoilingWater":17,"Mercury Hourglass":23,"Blood Vial":5,"infinitespire:ShieldingShard":13,"DTMod:PactStone":0,"Ornamental Fan":4,"jedi:ominousloannote":4,"Strawberry":1,"hubris:ToyBattleship":7,"Kintsugi":15,"infinitespire:PuzzleCube":15},{"Gremlin Food":71,"MerchantsRug":19,"hubris:MobiusCoin":19,"aspiration:Lifesprig":97,"construct:WeddingRing":61,"aspiration:Nostalgia":0,"Vajra":89,"RobotSpaceExplorer:RoboCore":0,"Mango":19,"aspiration:PoetsPen_weak":109,"wanderingMiniBosses:OtherGremlinHorn":128,"Frozen Egg 2":89,"jedi:archwizardhat":135,"halation:SelfBoilingWater":102,"Mercury Hourglass":135,"Blood Vial":32,"infinitespire:ShieldingShard":83,"DTMod:PactStone":0,"Ornamental Fan":19,"jedi:ominousloannote":19,"Strawberry":4,"hubris:ToyBattleship":44,"Kintsugi":93,"infinitespire:PuzzleCube":93}],"Mercury Hourglass":[7]},"card_choices":[{"not_picked":["RobotSpaceExplorer:ImprovisedAttack","RobotSpaceExplorer:SwiftStep","RobotSpaceExplorer:MiniDrones"],"picked":"SKIP","floor":1.0},{"not_picked":["RobotSpaceExplorer:ScrapMissile","RobotSpaceExplorer:Counterblock"],"picked":"RobotSpaceExplorer:Calculate","floor":3.0},{"not_picked":["RobotSpaceExplorer:MakeshiftVolley","RobotSpaceExplorer:MiniDrones","RobotSpaceExplorer:SurgingStrike"],"picked":"SKIP","floor":5.0},{"not_picked":["RobotSpaceExplorer:ShovelStrike","RobotSpaceExplorer:Blitz","RobotSpaceExplorer:Ammunition"],"picked":"SKIP","floor":6.0},{"not_picked":["RobotSpaceExplorer:Pulsar","RobotSpaceExplorer:IronShell"],"picked":"RobotSpaceExplorer:Blitz","floor":10.0},{"not_picked":["RobotSpaceExplorer:ShovelStrike","RobotSpaceExplorer:ImprovisedAttack"],"picked":"RobotSpaceExplorer:Calculate","floor":11.0},{"not_picked":["RobotSpaceExplorer:ToxicBomb","RobotSpaceExplorer:StarDust"],"picked":"RobotSpaceExplorer:Scanner","floor":12.0},{"not_picked":["RobotSpaceExplorer:FrostMissile","RobotSpaceExplorer:StunGrenade"],"picked":"RobotSpaceExplorer:MiniBoosters","floor":14.0},{"not_picked":["RobotSpaceExplorer:Accelerator","RobotSpaceExplorer:Arsenal"],"picked":"RobotSpaceExplorer:Comet","floor":16.0},{"not_picked":["RobotSpaceExplorer:FranticSearch","RobotSpaceExplorer:Electropulse","RobotSpaceExplorer:Electroshield+1"],"picked":"SKIP","floor":18.0},{"not_picked":["RobotSpaceExplorer:ShovelStrike","RobotSpaceExplorer:Ammunition+1","RobotSpaceExplorer:FrostMissile"],"picked":"SKIP","floor":19.0},{"not_picked":["RobotSpaceExplorer:ScrapToss","RobotSpaceExplorer:MakeshiftVolley"],"picked":"RobotSpaceExplorer:MiniBoosters","floor":22.0},{"not_picked":["RobotSpaceExplorer:ShockKick+1","RobotSpaceExplorer:Pulsar"],"picked":"RobotSpaceExplorer:ShovelStrike","floor":23},{"not_picked":["RobotSpaceExplorer:SurgingShield","RobotSpaceExplorer:StunGrenade"],"picked":"RobotSpaceExplorer:Calculate+1","floor":25},{"not_picked":["RobotSpaceExplorer:LaserBurst+1","RobotSpaceExplorer:Electropulse","RobotSpaceExplorer:SurgingStrike"],"picked":"SKIP","floor":27},{"not_picked":["RobotSpaceExplorer:Electroshield","RobotSpaceExplorer:SwiftStep"],"picked":"RobotSpaceExplorer:FreezeRay+1","floor":30},{"not_picked":["RobotSpaceExplorer:FranticSearch","RobotSpaceExplorer:DoubleBlock+1","RobotSpaceExplorer:GlueSpray"],"picked":"SKIP","floor":31},{"not_picked":["RobotSpaceExplorer:TrailblazerForm+1","RobotSpaceExplorer:Blaster"],"picked":"RobotSpaceExplorer:DroneSwarm+1","floor":33},{"not_picked":["RobotSpaceExplorer:Pulsar+1","RobotSpaceExplorer:StunGrenade+1","RobotSpaceExplorer:MetalStrike+1"],"picked":"SKIP","floor":35},{"not_picked":["RobotSpaceExplorer:Pulsar+1","RobotSpaceExplorer:GlueShot","RobotSpaceExplorer:Probe+1"],"picked":"SKIP","floor":37},{"not_picked":["RobotSpaceExplorer:SlimeMissile+1","RobotSpaceExplorer:ShockKick+1","RobotSpaceExplorer:ScrapMissile+1"],"picked":"SKIP","floor":38},{"not_picked":["RobotSpaceExplorer:FrostMissile+1","RobotSpaceExplorer:StunGrenade"],"picked":"RobotSpaceExplorer:Wormhole","floor":39},{"not_picked":["RobotSpaceExplorer:ScrapShield+1","RobotSpaceExplorer:FrostMissile"],"picked":"RobotSpaceExplorer:TrailblazerForm+1","floor":40},{"not_picked":["RobotSpaceExplorer:StarDust+1","RobotSpaceExplorer:ImprovisedAttack+1"],"picked":"RobotSpaceExplorer:StunGrenade","floor":41}],"player_experience":1357747,"relics_obtained":[{"floor":2.0,"key":"Strawberry"},{"floor":6.0,"key":"Ornamental Fan"},{"floor":9.0,"key":"hubris:MobiusCoin"},{"floor":10.0,"key":"Blood Vial"},{"floor":12.0,"key":"hubris:ToyBattleship"},{"floor":23,"key":"infinitespire:ShieldingShard"},{"floor":25,"key":"Frozen Egg 2"},{"floor":26,"key":"Vajra"},{"floor":30,"key":"aspiration:Lifesprig"},{"floor":32,"key":"halation:SelfBoilingWater"},{"floor":39,"key":"wanderingMiniBosses:OtherGremlinHorn"},{"floor":40,"key":"jedi:archwizardhat"},{"floor":41,"key":"Mercury Hourglass"}],"event_choices":[],"is_beta":false,"boss_relics":[{"not_picked":["vexMod:DeviousBotling","Replay:Wanted Poster"],"picked":"construct:WeddingRing"},{"not_picked":["hubris:TerracottaHorce","aspiration:RunesmithSkillbook"],"picked":"aspiration:PoetsPen_weak"}],"items_purged_floors":[8,8,29,36],"is_endless":false,"potions_floor_spawned":[1,10,11,12,18,25,27,38],"killed_by":"Nemesis","ascension_level":2}}