{"host":"zm2copjc1o2b6hjv","time":1609294309,"event":{"mods":["AchievementEnabler","BaseMod","BetterRewards","Conspire","Downfall","Friendly Minions","Infinite Spire","Minty Spire (QoL Compilation)","Replay The Spire","StSLib"],"gold_per_floor":[118,118,118,134,134,167,167,180,180,194,221,221,235,252,252,357,357,368,368,105,105,105],"floor_reached":21,"playtime":770,"items_purged":[],"score":286,"play_id":"ab37fa14-2711-40fb-8100-211524ea7b4b","local_time":"20201229211149","is_ascension_mode":true,"campfire_choices":[{"floor":7,"key":"REST"},{"data":"Strike_R","floor":12,"key":"SMITH"},{"data":"expansioncontent:QuickStudy","floor":15,"key":"SMITH"}],"circlet_count":0,"master_deck":["Strike_R+1","Strike_R","Strike_R","Strike_R+1","Defend_R","Defend_R","Defend_R","Defend_R","Bash+1","expansioncontent:QuickStudy+1","conspire:Charge","ReplayTheSpireMod:LeadingStrike","ReplayReversal","Body Slam","Demonic Infusion","Replay:Dark Deal","Flame Barrier"],"relics":["Burning Blood","Juzu Bracelet","infinitespire:EmpoweringShard","Pocketwatch","CultistMask","Replay:Baseball","Whetstone","ReplayTheSpireMod:DimensionalGlitch"],"acts_visited":["Exordium","TheCity"],"potions_floor_usage":[16,18,18],"damage_taken":[{"damage":3,"enemies":"Small Slimes","floor":1,"turns":2},{"damage":0,"enemies":"Cultist","floor":4,"turns":3},{"damage":18,"enemies":"Gremlin Nob","floor":6,"turns":3},{"damage":2,"enemies":"Jaw Worm","floor":8,"turns":3},{"damage":0,"enemies":"Red Slaver","floor":10,"turns":3},{"damage":0,"enemies":"Large Slime","floor":13,"turns":3},{"damage":6,"enemies":"Exordium Thugs","floor":14,"turns":3},{"damage":8,"enemies":"Slime Boss","floor":16,"turns":4},{"damage":29,"enemies":"conspire:FuzzyDice","floor":18,"turns":5},{"damage":0,"enemies":"Chosen","floor":21,"turns":1}],"seed_played":"-8877404890680917334","potions_obtained":[{"floor":10,"key":"Slimebound:ThreeZeroPotion"},{"floor":14,"key":"Regen Potion"},{"floor":16,"key":"Energy Potion"}],"is_trial":false,"path_per_floor":["M","?","?","M","$","E","R","M","T","M","T","R","M","M","R","B",null,"M","?","$","M"],"character_chosen":"IRONCLAD","items_purchased":["Juzu Bracelet","expansioncontent:QuickStudy","infinitespire:EmpoweringShard","Replay:Dark Deal","Flame Barrier"],"campfire_rested":1,"item_purchase_floors":[0,0,0,20,20],"current_hp_per_floor":[47,47,47,53,53,41,65,69,69,75,75,75,80,80,80,78,80,59,59,59,64,64],"gold":105,"neow_bonus":"","is_daily":false,"chose_seed":false,"campfire_upgraded":2,"win_rate":0.0,"timestamp":1609294309,"path_taken":["M","?","?","M","$","E","R","M","T","M","?","R","M","M","R","BOSS","M","?","$","M"],"items_purchased_type":["Relic","Card","Relic","Card","Card"],"build_version":"2020-12-22","purchased_purges":0,"victory":false,"max_hp_per_floor":[80,80,80,80,80,80,80,80,80,80,80,80,80,80,80,80,80,80,80,80,80,80],"card_choices":[{"not_picked":["Abandon","Sword Boomerang"],"picked":"conspire:Charge","floor":1},{"not_picked":["Perfected Strike","Anger","Replay:Undeath\u0027s Touch"],"picked":"SKIP","floor":4},{"not_picked":["Iron Wave","Thunderclap","Spot Weakness"],"picked":"SKIP","floor":6},{"not_picked":["Flex","Fiend Fire"],"picked":"ReplayTheSpireMod:LeadingStrike","floor":8},{"not_picked":["Headbutt","Replay:Undeath\u0027s Touch"],"picked":"ReplayReversal","floor":10},{"not_picked":["Warcry","Headbutt","conspire:ExplosiveBarrier"],"picked":"SKIP","floor":13},{"not_picked":["conspire:ExplosiveBarrier","Hemokinesis"],"picked":"Body Slam","floor":14},{"not_picked":["Corruption","Offering"],"picked":"Demonic Infusion","floor":16},{"not_picked":["Dark Embrace","Headbutt","Pommel Strike"],"picked":"SKIP","floor":18}],"player_experience":230346,"relics_obtained":[{"floor":6,"key":"Replay:Baseball"},{"floor":11,"key":"Whetstone"}],"event_choices":[{"damage_healed":0,"gold_gain":0,"player_choice":"Trade","damage_taken":0,"relics_obtained":["CultistMask"],"max_hp_gain":0,"max_hp_loss":0,"event_name":"FaceTrader","floor":2,"gold_loss":0},{"cards_removed":["Strike_R"],"damage_healed":0,"gold_gain":0,"player_choice":"Purged","damage_taken":0,"max_hp_gain":0,"max_hp_loss":0,"event_name":"Purifier","floor":3,"gold_loss":0},{"damage_healed":0,"gold_gain":0,"player_choice":"Leave","damage_taken":0,"max_hp_gain":0,"max_hp_loss":0,"event_name":"conspire:Investor","floor":19,"gold_loss":0}],"is_beta":false,"boss_relics":[{"not_picked":["conspire:RunicOctahedron","Runic Cube"],"picked":"ReplayTheSpireMod:DimensionalGlitch"}],"items_purged_floors":[],"is_endless":false,"potions_floor_spawned":[10,14,16],"killed_by":"Chosen","ascension_level":5}}