{"host":"dntw6kil9p09eemm","time":1609344592,"event":{"mods":["Alarm Clock","Aspiration","BaseMod","Become a monster €›?Œ÷","Hubris","Minty Spire (QoL Compilation)","Permanent Neow","Replay The Spire","Shop Mod","StSLib"],"gold_per_floor":[99,115,125,142,142,155,155,189,207,233,154,154,167,177,102,102,102,102],"floor_reached":17,"playtime":441,"items_purged":["Strike_B"],"score":134,"play_id":"83fd5d34-4c14-4e5d-b90e-4ad2593743b4","local_time":"20201231010952","is_ascension_mode":false,"campfire_choices":[{"floor":7,"key":"REST"},{"floor":16,"key":"REST"}],"circlet_count":0,"master_deck":["Strike_B","Strike_B","Defend_B","Defend_B","Defend_B","Zap+1","Dualcast","Steam Power","Barrage","Ball Lightning","Defragment","Redo","Melter","Hologram","Pot Of Greed","Pot Of Greed","Redo","Static Discharge"],"relics":["Cracked Core","ReplayTheSpireMod:Lightbulb","MerchantsRug","hubris:Towel"],"acts_visited":["Exordium"],"potions_floor_usage":[8,13],"damage_taken":[{"damage":0,"enemies":"3 Shapes","floor":2,"turns":1},{"damage":0,"enemies":"Cultist","floor":3,"turns":2},{"damage":6,"enemies":"2 Louse","floor":4,"turns":2},{"damage":9,"enemies":"2 Fungi Beasts","floor":6,"turns":2},{"damage":31,"enemies":"Lagavulin","floor":8,"turns":4},{"damage":24,"enemies":"Gremlin Gang","floor":9,"turns":4},{"damage":16,"enemies":"Large Slime","floor":13,"turns":3},{"damage":2,"enemies":"Blue Slaver","floor":14,"turns":2},{"damage":27,"enemies":"The Guardian","floor":17,"turns":5}],"seed_played":"7663579399393381578","potions_obtained":[{"floor":2,"key":"PowerPotion"},{"floor":4,"key":"Strength Potion"},{"floor":6,"key":"Regen Potion"},{"floor":9,"key":"FearPotion"}],"is_trial":false,"path_per_floor":["M","M","M","M","?","M","R","E","M","T","$","?","M","M","$","R","B"],"character_chosen":"DEFECT","items_purchased":["MerchantsRug"],"campfire_rested":2,"item_purchase_floors":[11],"current_hp_per_floor":[68,68,68,62,62,53,68,37,13,13,13,13,6,4,4,24,0,0],"gold":102,"neow_bonus":"TRANSFORM_TWO_CARDS","is_daily":false,"chose_seed":false,"campfire_upgraded":0,"win_rate":0.0,"timestamp":1609344592,"path_taken":["M","M","M","?","M","R","E","M","T","?","?","M","M","$","R","BOSS"],"items_purchased_type":["Relic"],"build_version":"2020-12-22","purchased_purges":1,"victory":false,"max_hp_per_floor":[68,68,68,68,68,68,68,68,68,68,68,68,68,68,68,68,68,68],"card_choices":[{"not_picked":["Force Field","Beam Cell"],"picked":"Ball Lightning","floor":2},{"not_picked":["Reinforced Body","Recycle"],"picked":"Defragment","floor":3},{"not_picked":["ReplayTheSpireMod:Repulse","ReplayTheSpireMod:GoodbyeWorld"],"picked":"Redo","floor":4},{"not_picked":["Gash","ReplayTheSpireMod:System Scan"],"picked":"Melter","floor":6},{"not_picked":["Doom and Gloom","ReplayTheSpireMod:GoodbyeWorld"],"picked":"Hologram","floor":8},{"not_picked":["Coolheaded","Compile Driver","Hologram"],"picked":"SKIP","floor":9},{"not_picked":["Machine Learning","Darkness"],"picked":"Redo","floor":13},{"not_picked":["Coolheaded","Aggregate"],"picked":"Static Discharge","floor":14}],"player_experience":164784,"relics_obtained":[{"floor":8,"key":"ReplayTheSpireMod:Lightbulb"},{"floor":10,"key":"Grinning Jar"}],"event_choices":[{"damage_healed":0,"gold_gain":0,"player_choice":"Forge","damage_taken":0,"max_hp_gain":0,"max_hp_loss":0,"event_name":"Accursed Blacksmith","floor":5,"gold_loss":0,"cards_upgraded":["Zap"]}],"is_beta":false,"boss_relics":[],"items_purged_floors":[15],"is_endless":false,"potions_floor_spawned":[2,4,6,9],"killed_by":"The Guardian","ascension_level":0}}