{"host":"3yynf0dn84873kbr","time":1609346378,"event":{"mods":["Act Like it!","Arknights The Spire","BaseMod","CapriCore","Marisa£®ÏF”Í°°ƒß¿Ì…≥£©","Minty Spire (QoL Compilation)","StSLib","The Jungle"],"gold_per_floor":[119,132,132,132,132,132,196,216,216,216,232,232,232,252,252,252,252],"floor_reached":16,"playtime":476,"items_purged":[],"score":90,"play_id":"cb939e98-04b5-4def-9944-581c7733ace1","local_time":"20201231003938","is_ascension_mode":false,"campfire_choices":[{"data":"ats:Emotion Absorption","floor":6,"key":"SMITH"},{"data":"ats:Shell Defense","floor":12,"key":"SMITH"},{"data":"ats:Dogmatic Field","floor":15,"key":"SMITH"}],"circlet_count":0,"master_deck":["ats:Strike C","ats:Strike G","ats:Strike S","ats:Strike V","ats:Armor Crushing Shot","ats:Defend","ats:Defend","ats:Defend","ats:Defend","ats:Emotion Absorption+1","ats:Ignite","ats:Shell Defense+1","ats:Apocalypse","ats:Thermite Blade+1","ats:Dogmatic Field+1"],"relics":["ats:Sanity","NeowsBlessing","Bag of Preparation","Singing Bowl"],"acts_visited":["Exordium"],"potions_floor_usage":[],"damage_taken":[{"damage":0,"enemies":"Jaw Worm","floor":1,"turns":1},{"damage":0,"enemies":"2 Louse","floor":2,"turns":1},{"damage":0,"enemies":"Gremlin Nob","floor":7,"turns":1},{"damage":0,"enemies":"Small Slimes","floor":8,"turns":3},{"damage":5,"enemies":"2 Fungi Beasts","floor":11,"turns":3},{"damage":8,"enemies":"Large Slime","floor":14,"turns":7},{"damage":36,"enemies":"Hexaghost","floor":16,"turns":3}],"seed_played":"-5005330359054777904","potions_obtained":[{"floor":2,"key":"ColorlessPotion"},{"floor":8,"key":"DistilledChaos"},{"floor":11,"key":"Fire Potion"}],"is_trial":false,"path_per_floor":["M","M","$","?","?","R","?","M","T","?","M","R","$","M","R","B"],"character_chosen":"DOCTOR_CLASS","items_purchased":[],"campfire_rested":0,"item_purchase_floors":[],"current_hp_per_floor":[72,72,72,77,77,77,77,77,77,77,79,79,79,77,77,60,60],"gold":252,"neow_bonus":"THREE_ENEMY_KILL","is_daily":false,"chose_seed":false,"campfire_upgraded":3,"win_rate":0.0,"timestamp":1609346378,"path_taken":["M","M","$","?","?","R","?","M","T","?","M","R","$","M","R","BOSS"],"items_purchased_type":[],"build_version":"2020-12-22","purchased_purges":0,"victory":false,"max_hp_per_floor":[72,72,72,77,77,77,77,77,77,77,79,79,79,79,79,79,79],"card_choices":[{"not_picked":["ats:Assault Order","ats:Poison Spread"],"picked":"ats:Ignite","floor":1},{"not_picked":["ats:Curse Doll","ats:Apocalypse"],"picked":"ats:Shell Defense","floor":2},{"not_picked":["ats:Poison Spread","ats:Flame Of Heaven"],"picked":"ats:Apocalypse","floor":7},{"not_picked":["ats:Hook Shot","ats:Soul Absorption"],"picked":"ats:Thermite Blade","floor":8},{"not_picked":["ats:Poison Spread","ats:Assault Order","ats:Very Hot Blade"],"picked":"Singing Bowl","floor":11},{"not_picked":["ats:Shell Defense","ats:Flame Of Heaven"],"picked":"ats:Dogmatic Field","floor":14}],"player_experience":114268,"relics_obtained":[{"floor":7,"key":"Bag of Preparation"},{"floor":9,"key":"Singing Bowl"}],"event_choices":[{"damage_healed":0,"gold_gain":0,"player_choice":"Donut","damage_taken":0,"max_hp_gain":5,"max_hp_loss":0,"event_name":"Big Fish","floor":4,"gold_loss":0},{"damage_healed":0,"gold_gain":0,"player_choice":"Leave","damage_taken":0,"max_hp_gain":0,"max_hp_loss":0,"event_name":"The Cleric","floor":5,"gold_loss":0},{"damage_healed":0,"gold_gain":0,"player_choice":"Searched \u00272\u0027 times","damage_taken":0,"max_hp_gain":0,"max_hp_loss":0,"event_name":"Dead Adventurer","floor":7,"gold_loss":0},{"damage_healed":0,"gold_gain":0,"player_choice":"Grow","damage_taken":0,"max_hp_gain":0,"max_hp_loss":0,"event_name":"Living Wall","floor":10,"gold_loss":0,"cards_upgraded":["ats:Thermite Blade"]}],"is_beta":false,"boss_relics":[],"items_purged_floors":[],"is_endless":false,"potions_floor_spawned":[2,8,11],"killed_by":"Hexaghost","ascension_level":0}}