{"host":"i0avyit1s6jb1siw","time":1609347800,"event":{"mods":["BaseMod","DeckTracker","Dota2Spire","Highlight Path","Minty Spire (QoL Compilation)","Quick Restart","Replay The Spire","StSLib","SuperFastMode"],"gold_per_floor":[118,168,180,194,15,15,35,35,59,77,77,95,37,48,48,48,48],"floor_reached":16,"playtime":295,"items_purged":[],"score":188,"play_id":"dd693c5d-4fdd-4c75-9a87-8efa9b15393f","local_time":"20201230180320","is_ascension_mode":true,"campfire_choices":[{"data":"Neutralize","floor":6,"key":"SMITH"},{"data":"Toxin Wave","floor":8,"key":"SMITH"},{"floor":11,"key":"REST"},{"data":"Quick Slash","floor":15,"key":"SMITH"}],"circlet_count":0,"master_deck":["AscendersBane","Strike_G","Strike_G","Strike_G","Strike_G","Strike_G","Defend_G","Defend_G","Defend_G","Defend_G","Defend_G","Survivor","Neutralize+1","Toxin Wave+1","Dagger Throw","Flying Knee","Grand Finale","Quick Slash+1"],"relics":["HoveringKite","Dota2Spire:PowerTreads","Blood Vial"],"acts_visited":["Exordium"],"potions_floor_usage":[10,16],"damage_taken":[{"damage":3.0,"enemies":"Small Slimes","floor":1.0,"turns":4.0},{"damage":8,"enemies":"Cultist","floor":3,"turns":5},{"damage":2,"enemies":"2 Louse","floor":4,"turns":2},{"damage":19,"enemies":"Exordium Wildlife","floor":7,"turns":5},{"damage":2,"enemies":"Gremlin Gang","floor":10,"turns":4},{"damage":1,"enemies":"Red Slaver","floor":12,"turns":4},{"damage":6,"enemies":"3 Louse","floor":14,"turns":2},{"damage":35,"enemies":"Hexaghost","floor":16,"turns":10}],"seed_played":"-7373340087157771451","potions_obtained":[{"floor":3,"key":"LiquidMemories"},{"floor":7,"key":"Fire Potion"},{"floor":10,"key":"Flashbang"}],"is_trial":false,"path_per_floor":["M","?","M","M","$","R","M","R","T","M","R","M","?","M","R","B"],"character_chosen":"THE_SILENT","items_purchased":["Grand Finale"],"campfire_rested":1,"item_purchase_floors":[5],"current_hp_per_floor":[56,50,42,40,40,40,21,21,21,19,38,37,37,33,33,0,0],"gold":48,"neow_bonus":"BOSS_RELIC","is_daily":false,"chose_seed":false,"campfire_upgraded":3,"win_rate":0.0,"timestamp":1609347800,"path_taken":["M","?","M","?","$","R","M","R","T","M","R","?","?","M","R","BOSS"],"items_purchased_type":["Card"],"build_version":"2020-12-22","purchased_purges":0,"victory":false,"max_hp_per_floor":[66,66,66,66,66,66,66,66,66,66,66,66,66,66,66,66,66],"card_choices":[{"not_picked":["Flying Knee","Hidden Blade"],"picked":"Toxin Wave","floor":1.0},{"not_picked":["Poisoned Stab","Acrobatics"],"picked":"Dagger Throw","floor":3},{"not_picked":["ReplayTheSpireMod:Exploit Weakness","Dodge and Roll"],"picked":"Flying Knee","floor":4},{"not_picked":["Deflect","Burst","ReplayTheSpireMod:Scrap Shanks"],"picked":"SKIP","floor":7},{"not_picked":["Concentrate","Cloak And Dagger"],"picked":"Quick Slash","floor":10},{"not_picked":["Replay:Poison Smokescreen","Dagger Throw","Concentrate"],"picked":"SKIP","floor":12},{"not_picked":["Masterful Stab","Sucker Punch","Expertise"],"picked":"SKIP","floor":14}],"player_experience":2144491,"relics_obtained":[{"floor":9,"key":"Dota2Spire:PowerTreads"}],"event_choices":[{"damage_healed":0,"gold_gain":50,"player_choice":"Touch","damage_taken":6,"max_hp_gain":0,"max_hp_loss":0,"event_name":"FaceTrader","floor":2,"gold_loss":0},{"damage_healed":0,"gold_gain":0,"player_choice":"Paid Gold","damage_taken":0,"relics_obtained":["Blood Vial"],"max_hp_gain":0,"max_hp_loss":0,"event_name":"WeMeetAgain","floor":13,"gold_loss":58}],"is_beta":false,"boss_relics":[],"items_purged_floors":[],"is_endless":false,"potions_floor_spawned":[3,7,10],"killed_by":"Hexaghost","ascension_level":20}}