{"host":"w3q5ijqu8eoknil3","time":1609289222,"event":{"mods":["AchievementEnabler","BaseMod","Block Reminder","Colored Powertips","Minty Spire (QoL Compilation)","Quick Restart","Relic Stats","ojb\u0027s Better Paths Mod","ojb\u0027s Info Mod","slay the spire mod where everything is the same but ironclad has a cowboy hat"],"gold_per_floor":[114,114,125,125,144,144,173,323,323,32,48,48,75,75,75,148,148,167,186,196,196,215,246,258,258,258],"floor_reached":25,"playtime":1226,"items_purged":["Doubt"],"score":408,"play_id":"fe3fa800-3f8c-47c2-994f-fa4b10d267c7","local_time":"20201230004702","is_ascension_mode":true,"campfire_choices":[{"data":"Leg Sweep","floor":6,"key":"SMITH"},{"data":"1","floor":12,"key":"LIFT"},{"floor":15,"key":"REST"}],"circlet_count":0,"master_deck":["AscendersBane","Strike_G","Strike_G","Strike_G","Defend_G","Defend_G","Defend_G","Defend_G","Survivor","Neutralize","Leg Sweep+1","Blade Dance","Caltrops","Dash","Backstab","Poisoned Stab","Sucker Punch","Eviscerate","Venomology","Dagger Throw+1","Dagger Spray","Deflect","Deadly Poison","Venomology","Caltrops","Cloak And Dagger","All Out Attack"],"relics":["Runic Pyramid","FaceOfCleric","Girya","Ice Cream","Bag of Preparation","Bag of Marbles","SacredBark","Gambling Chip"],"acts_visited":["Exordium","TheCity"],"potions_floor_usage":[13,13,19,22,22,22,22,23,23,24,24,24,25,25],"damage_taken":[{"damage":13,"enemies":"Small Slimes","floor":1,"turns":5},{"damage":0,"enemies":"Cultist","floor":3,"turns":5},{"damage":2,"enemies":"Jaw Worm","floor":5,"turns":4},{"damage":14,"enemies":"3 Sentries","floor":7,"turns":11},{"damage":2,"enemies":"Large Slime","floor":11,"turns":8},{"damage":12,"enemies":"Gremlin Nob","floor":13,"turns":4},{"damage":23,"enemies":"Hexaghost","floor":16,"turns":11},{"damage":2,"enemies":"3 Byrds","floor":18,"turns":6},{"damage":3,"enemies":"Spheric Guardian","floor":19,"turns":4},{"damage":0,"enemies":"Snecko","floor":20,"turns":3},{"damage":24,"enemies":"Snake Plant","floor":22,"turns":4},{"damage":21,"enemies":"Book of Stabbing","floor":23,"turns":6},{"damage":0,"enemies":"Cultist and Chosen","floor":24,"turns":7},{"damage":18,"enemies":"Shelled Parasite and Fungi","floor":25,"turns":4}],"seed_played":"-1802239497073389233","potions_obtained":[{"floor":1,"key":"ColorlessPotion"},{"floor":7,"key":"GhostInAJar"},{"floor":11,"key":"Weak Potion"},{"floor":18,"key":"SpeedPotion"},{"floor":23,"key":"Dexterity Potion"}],"is_trial":false,"path_per_floor":["M","?","M","?","M","R","E","?","T","$","M","R","E","?","R","B",null,"M","M","M","?","M","E","M","M"],"character_chosen":"THE_SILENT","items_purchased":["Bag of Preparation","Backstab"],"campfire_rested":1,"item_purchase_floors":[10,10],"current_hp_per_floor":[46,46,47,47,46,46,33,33,33,33,32,32,21,21,42,20,59,58,56,57,57,34,14,15,0,0],"gold":258,"neow_bonus":"BOSS_RELIC","is_daily":false,"chose_seed":false,"campfire_upgraded":1,"win_rate":0.0,"timestamp":1609289222,"path_taken":["M","?","?","?","M","R","E","?","T","$","M","R","E","?","R","BOSS","M","M","M","?","M","E","M","M"],"items_purchased_type":["Relic","Card"],"build_version":"2020-12-22","purchased_purges":1,"victory":false,"max_hp_per_floor":[66,66,67,67,68,68,69,69,69,69,70,70,71,71,71,72,72,73,74,75,75,76,77,78,78,78],"relic_stats":{"FaceOfCleric":12,"counters":[14,82],"Gambling Chip":[5],"Bag of Preparation":[20],"obtain_stats":[{"Ice Cream":9,"Girya":7,"FaceOfCleric":2,"SacredBark":17,"Gambling Chip":23,"Bag of Preparation":10,"Bag of Marbles":13,"Ring of the Snake":0,"Runic Pyramid":0},{"Ice Cream":4,"Girya":4,"FaceOfCleric":1,"SacredBark":7,"Gambling Chip":12,"Bag of Preparation":4,"Bag of Marbles":6,"Ring of the Snake":0,"Runic Pyramid":0},{"Ice Cream":25,"Girya":25,"FaceOfCleric":5,"SacredBark":48,"Gambling Chip":71,"Bag of Preparation":25,"Bag of Marbles":37,"Ring of the Snake":0,"Runic Pyramid":0}]},"card_choices":[{"not_picked":["Well Laid Plans","Underhanded Strike"],"picked":"Leg Sweep","floor":1},{"not_picked":["Slice","Tools of the Trade"],"picked":"Blade Dance","floor":3},{"not_picked":["Predator","Underhanded Strike"],"picked":"Caltrops","floor":5},{"not_picked":["Concentrate","Riddle With Holes"],"picked":"Dash","floor":7},{"not_picked":["Deadly Poison","Flying Knee"],"picked":"Poisoned Stab","floor":11},{"not_picked":["Prepared","Blade Dance"],"picked":"Sucker Punch","floor":13},{"not_picked":["Night Terror","Grand Finale"],"picked":"Venomology","floor":16},{"not_picked":["Bane","Underhanded Strike"],"picked":"Dagger Throw+1","floor":18},{"not_picked":["Prepared+1","Escape Plan"],"picked":"Dagger Spray","floor":19},{"not_picked":["Underhanded Strike","Accuracy"],"picked":"Deflect","floor":20},{"not_picked":["Flying Knee+1","Glass Knife"],"picked":"Caltrops","floor":22},{"not_picked":["Tactician","Bane"],"picked":"Cloak And Dagger","floor":23},{"not_picked":["Predator","Escape Plan"],"picked":"All Out Attack","floor":24}],"player_experience":960351,"relics_obtained":[{"floor":7,"key":"Girya"},{"floor":9,"key":"Ice Cream"},{"floor":13,"key":"Bag of Marbles"},{"floor":23,"key":"Gambling Chip"}],"event_choices":[{"damage_healed":0,"gold_gain":0,"player_choice":"Trade","damage_taken":0,"relics_obtained":["FaceOfCleric"],"max_hp_gain":0,"max_hp_loss":0,"event_name":"FaceTrader","floor":2,"gold_loss":0},{"damage_healed":0,"gold_gain":0,"player_choice":"Ignored","damage_taken":0,"max_hp_gain":0,"max_hp_loss":0,"event_name":"Shining Light","floor":4,"gold_loss":0},{"damage_healed":0,"gold_gain":150,"player_choice":"AGREE","damage_taken":0,"max_hp_gain":0,"max_hp_loss":0,"event_name":"Liars Game","floor":8,"gold_loss":0,"cards_obtained":["Doubt"]},{"damage_healed":0,"gold_gain":0,"cards_transformed":["Strike_G"],"player_choice":"Change","damage_taken":0,"max_hp_gain":0,"max_hp_loss":0,"event_name":"Living Wall","floor":14,"gold_loss":0,"cards_obtained":["Eviscerate"]},{"damage_healed":0,"gold_gain":0,"cards_transformed":["Strike_G","Defend_G"],"player_choice":"Became Test Subject","damage_taken":0,"max_hp_gain":0,"max_hp_loss":0,"event_name":"Drug Dealer","floor":21,"gold_loss":0,"cards_obtained":["Deadly Poison","Venomology"]}],"is_beta":false,"boss_relics":[{"not_picked":["Busted Crown","Sozu"],"picked":"SacredBark"}],"items_purged_floors":[10],"is_endless":false,"potions_floor_spawned":[1,7,11,18,20,23],"killed_by":"Shelled Parasite and Fungi","ascension_level":15}}