{"host":"3ek78t4i81ecmdy1","time":1609311944,"event":{"mods":["2.2 Compatiblity","AchievementEnabler","BaseMod","Colored Map","DeckTracker","Filter the Spire","Keyboard Shortcuts","Minty Spire (QoL Compilation)","Permanent Neow","Quick Restart","SuperFastMode","everything is the same but u backflip on backflip"],"gold_per_floor":[17,17,35,0,14,47,47,64,64,94,94,44,63,91,91,191,191,191,191,191,31,0,0,0,0,0,0,0,0,0,0,0,0,0,0,0,0,0,0,0,0,0,0,0,0,0,0,0,0,0,0,0,0,0,0],"floor_reached":56,"playtime":2183,"items_purged":["Defend_R"],"score":1338,"play_id":"55f47137-9dd1-4888-a062-c8dcd5d1da86","local_time":"20201230160544","is_ascension_mode":true,"campfire_choices":[{"data":"Armaments","floor":7.0,"key":"SMITH"},{"data":"Seeing Red","floor":11.0,"key":"SMITH"},{"data":"Spot Weakness","floor":15.0,"key":"SMITH"},{"data":"Madness","floor":23.0,"key":"SMITH"},{"data":"Heavy Blade","floor":25.0,"key":"SMITH"},{"floor":32.0,"key":"REST"},{"data":"Demon Form","floor":41.0,"key":"SMITH"},{"floor":44.0,"key":"RECALL"},{"data":"Burning Pact","floor":49.0,"key":"SMITH"},{"data":"Double Tap","floor":52.0,"key":"SMITH"}],"circlet_count":0,"master_deck":["Strike_R","Strike_R+1","Strike_R+1","Defend_R","Defend_R","Bash","Shockwave","Uppercut+1","Iron Wave","Armaments+1","Dropkick","Seeing Red+1","Burning Pact+1","Spot Weakness+1","Flex","Inflame","Double Tap+1","Heavy Blade+1","Madness+1","Thunderclap+1","Cleave+1","Necronomicurse","Heavy Blade+1","Pummel+1","Anger+1","Demon Form+1","Infernal Blade+1","True Grit+1"],"relics":["Burning Blood","Self Forming Clay","Singing Bowl","Blood Vial","Vajra","Ectoplasm","Molten Egg 2","Darkstone Periapt","Whetstone","Necronomicon","Runic Pyramid","Question Card","Meat on the Bone","Magic Flower","Charon\u0027s Ashes","Red Mask","CaptainsWheel","TungstenRod"],"acts_visited":["Exordium","TheCity","TheBeyond","TheEnding"],"potions_floor_usage":[55],"damage_taken":[{"damage":0.0,"enemies":"Cultist","floor":1.0,"turns":3.0},{"damage":3.0,"enemies":"Jaw Worm","floor":3.0,"turns":3.0},{"damage":7.0,"enemies":"Small Slimes","floor":5.0,"turns":4.0},{"damage":16.0,"enemies":"Lagavulin","floor":6.0,"turns":6.0},{"damage":4.0,"enemies":"Exordium Wildlife","floor":8.0,"turns":3.0},{"damage":2.0,"enemies":"Gremlin Nob","floor":10.0,"turns":3.0},{"damage":17.0,"enemies":"Exordium Thugs","floor":13.0,"turns":3.0},{"damage":21.0,"enemies":"3 Sentries","floor":14.0,"turns":8.0},{"damage":20.0,"enemies":"Hexaghost","floor":16.0,"turns":8.0},{"damage":20.0,"enemies":"3 Byrds","floor":18.0,"turns":6.0},{"damage":13.0,"enemies":"2 Thieves","floor":22.0,"turns":5.0},{"damage":40.0,"enemies":"Slavers","floor":24.0,"turns":5.0},{"damage":15.0,"enemies":"Gremlin Leader","floor":27.0,"turns":5.0},{"damage":3.0,"enemies":"3 Cultists","floor":28.0,"turns":4.0},{"damage":15.0,"enemies":"Snake Plant","floor":31.0,"turns":3.0},{"damage":23.0,"enemies":"Automaton","floor":33.0,"turns":5.0},{"damage":6.0,"enemies":"3 Shapes","floor":35.0,"turns":3.0},{"damage":1.0,"enemies":"3 Darklings","floor":36.0,"turns":4.0},{"damage":0.0,"enemies":"Maw","floor":37.0,"turns":4.0},{"damage":5.0,"enemies":"Sphere and 2 Shapes","floor":38.0,"turns":3.0},{"damage":9.0,"enemies":"3 Darklings","floor":39.0,"turns":4.0},{"damage":12.0,"enemies":"Giant Head","floor":40.0,"turns":4.0},{"damage":25.0,"enemies":"Reptomancer","floor":42.0,"turns":3.0},{"damage":10.0,"enemies":"2 Orb Walkers","floor":45.0,"turns":3.0},{"damage":0.0,"enemies":"Spire Growth","floor":47.0,"turns":3.0},{"damage":31.0,"enemies":"Mind Bloom Boss Battle","floor":48.0,"turns":3.0},{"damage":34.0,"enemies":"Awakened One","floor":50.0,"turns":6.0},{"damage":54,"enemies":"Shield and Spear","floor":54,"turns":4},{"damage":39,"enemies":"The Heart","floor":55,"turns":7}],"seed_played":"-2062421533170814280","potions_obtained":[{"floor":3.0,"key":"Fire Potion"},{"floor":8.0,"key":"AttackPotion"},{"floor":10.0,"key":"Dexterity Potion"},{"floor":13.0,"key":"SkillPotion"},{"floor":22.0,"key":"Swift Potion"},{"floor":28.0,"key":"ColorlessPotion"},{"floor":30.0,"key":"Regen Potion"},{"floor":30.0,"key":"Ancient Potion"},{"floor":31.0,"key":"Regen Potion"},{"floor":33.0,"key":"Strength Potion"},{"floor":37.0,"key":"SkillPotion"},{"floor":38.0,"key":"Strength Potion"},{"floor":42.0,"key":"DistilledChaos"},{"floor":48.0,"key":"HeartOfIron"}],"is_trial":false,"path_per_floor":["M","?","M","$","M","E","R","M","T","E","R","?","M","E","R","B",null,"M","?","T","$","M","R","E","R","T","E","M","?","?","M","R","B",null,"M","M","M","M","M","E","R","E","T","R","?","?","M","?","R","B",null,"R","$","E","B",null],"character_chosen":"IRONCLAD","items_purchased":["Dropkick","Madness"],"campfire_rested":1,"item_purchase_floors":[4,21],"current_hp_per_floor":[80,80,80,80,79,69,69,71,71,75,75,75,66,53,53,41,80,68,68,68,68,63,63,31,31,31,26,33,23,23,27,55,56,96,96,96,98,98,97,93,93,78,78,78,80,80,94,77,77,73,106,106,106,79,70],"gold":0,"neow_bonus":"TRANSFORM_TWO_CARDS","is_daily":false,"chose_seed":false,"campfire_upgraded":8,"win_rate":0.0,"timestamp":1609311944,"path_taken":["M","?","M","?","?","E","R","M","T","E","R","?","M","E","R","BOSS","M","?","?","$","?","R","E","R","T","E","M","?","?","?","R","BOSS","M","M","M","?","M","E","R","E","T","R","?","?","M","?","R","BOSS","R","$","E","BOSS"],"items_purchased_type":["Card","Card"],"build_version":"2020-12-22","purchased_purges":1,"victory":true,"max_hp_per_floor":[80,80,80,80,80,80,80,80,80,80,80,80,80,80,80,80,80,82,82,82,82,82,82,82,82,82,84,86,92,92,94,94,96,96,96,96,98,98,100,100,100,102,102,102,102,102,104,106,106,106,106,106,106,106,106],"card_choices":[{"not_picked":["Anger","Hemokinesis"],"picked":"Iron Wave","floor":1.0},{"not_picked":["Sword Boomerang","Flex"],"picked":"Armaments","floor":3.0},{"not_picked":["Hemokinesis","Perfected Strike"],"picked":"Seeing Red","floor":5.0},{"not_picked":["Power Through","Iron Wave"],"picked":"Burning Pact","floor":6.0},{"not_picked":["Offering","Perfected Strike","Body Slam"],"picked":"SKIP","floor":8.0},{"not_picked":["Clothesline","Sever Soul"],"picked":"Spot Weakness","floor":10.0},{"not_picked":["Seeing Red","Perfected Strike"],"picked":"Flex","floor":13.0},{"not_picked":["Juggernaut","Headbutt"],"picked":"Inflame","floor":14.0},{"not_picked":["Fiend Fire","Juggernaut"],"picked":"Double Tap","floor":16.0},{"not_picked":["Clash","Cleave","Headbutt+1"],"picked":"Singing Bowl","floor":18.0},{"not_picked":["Rampage+1","Feed"],"picked":"Thunderclap+1","floor":22.0},{"not_picked":["Disarm","True Grit"],"picked":"Cleave+1","floor":24.0},{"not_picked":["Anger+1","Headbutt+1","Corruption"],"picked":"Singing Bowl","floor":27.0},{"not_picked":["Sword Boomerang+1","Warcry","Armaments+1"],"picked":"Singing Bowl","floor":28.0},{"not_picked":["Cleave+1","Warcry","Body Slam+1"],"picked":"Singing Bowl","floor":31.0},{"not_picked":["Bludgeon+1","Exhume","Feed+1"],"picked":"Singing Bowl","floor":33.0},{"not_picked":["Clothesline+1","Reckless Charge+1"],"picked":"Heavy Blade+1","floor":35.0},{"not_picked":["Ghostly Armor+1","Flame Barrier+1"],"picked":"Pummel+1","floor":36.0},{"not_picked":["Armaments+1","Thunderclap+1","Iron Wave+1"],"picked":"Singing Bowl","floor":37.0},{"not_picked":["Body Slam+1","Twin Strike+1"],"picked":"Anger+1","floor":38.0},{"not_picked":["Perfected Strike+1","Rampage+1","Twin Strike+1"],"picked":"Singing Bowl","floor":39.0},{"not_picked":["Sentinel","Iron Wave+1"],"picked":"Demon Form","floor":40.0},{"not_picked":["Clothesline+1","Inflame","Whirlwind+1","Sentinel+1"],"picked":"Singing Bowl","floor":42.0},{"not_picked":["Bloodletting+1","Warcry","Clash+1"],"picked":"Infernal Blade+1","floor":45.0},{"not_picked":["Armaments","Hemokinesis+1","Brutality","Cleave+1"],"picked":"Singing Bowl","floor":47.0},{"not_picked":["Perfected Strike+1","Cleave+1","Armaments","Flex+1"],"picked":"Singing Bowl","floor":48.0},{"not_picked":["Thunderclap+1","Immolate+1","Combust+1"],"picked":"True Grit+1","floor":54}],"player_experience":44034,"relics_obtained":[{"floor":6.0,"key":"Self Forming Clay"},{"floor":9.0,"key":"Singing Bowl"},{"floor":10.0,"key":"Blood Vial"},{"floor":14.0,"key":"Vajra"},{"floor":24.0,"key":"Molten Egg 2"},{"floor":26.0,"key":"Darkstone Periapt"},{"floor":27.0,"key":"Whetstone"},{"floor":29.0,"key":"Necronomicon"},{"floor":40.0,"key":"Question Card"},{"floor":42.0,"key":"Meat on the Bone"},{"floor":43.0,"key":"Magic Flower"},{"floor":45.0,"key":"Charon\u0027s Ashes"},{"floor":48.0,"key":"CaptainsWheel"},{"floor":54,"key":"TungstenRod"}],"event_choices":[{"damage_healed":0.0,"max_hp_gain":0.0,"max_hp_loss":0.0,"gold_gain":0.0,"event_name":"Upgrade Shrine","player_choice":"Upgraded","floor":2.0,"gold_loss":0.0,"damage_taken":0.0,"cards_upgraded":["Uppercut"]},{"cards_removed":["Strike_R"],"damage_healed":0.0,"max_hp_gain":0.0,"max_hp_loss":0.0,"gold_gain":0.0,"event_name":"The Cleric","player_choice":"Card Removal","floor":12.0,"gold_loss":50.0,"damage_taken":0.0},{"damage_healed":0.0,"max_hp_gain":0.0,"max_hp_loss":0.0,"gold_gain":0.0,"event_name":"The Library","player_choice":"Read","floor":19.0,"gold_loss":0.0,"damage_taken":0.0,"cards_obtained":["Heavy Blade"]},{"damage_healed":0.0,"max_hp_gain":0.0,"max_hp_loss":0.0,"gold_gain":0.0,"event_name":"Cursed Tome","player_choice":"Obtained Book","floor":29.0,"gold_loss":0.0,"damage_taken":16.0},{"damage_healed":0.0,"max_hp_gain":0.0,"max_hp_loss":0.0,"gold_gain":0.0,"event_name":"Lab","player_choice":"Got Potions","floor":30.0,"gold_loss":0.0,"damage_taken":0.0},{"damage_healed":0.0,"max_hp_gain":0.0,"max_hp_loss":0.0,"gold_gain":0.0,"event_name":"Mysterious Sphere","player_choice":"Fight","floor":45.0,"gold_loss":0.0,"damage_taken":0.0},{"damage_healed":0.0,"max_hp_gain":0.0,"max_hp_loss":0.0,"gold_gain":0.0,"event_name":"Tomb of Lord Red Mask","player_choice":"Paid","floor":46.0,"gold_loss":0.0,"damage_taken":0.0,"relics_obtained":["Red Mask"]},{"damage_healed":0.0,"max_hp_gain":0.0,"max_hp_loss":0.0,"gold_gain":0.0,"event_name":"MindBloom","player_choice":"Fight","floor":48.0,"gold_loss":0.0,"damage_taken":0.0}],"is_beta":false,"boss_relics":[{"not_picked":["Pandora\u0027s Box","Runic Dome"],"picked":"Ectoplasm"},{"not_picked":["Coffee Dripper","Sozu"],"picked":"Runic Pyramid"}],"items_purged_floors":[21],"is_endless":false,"potions_floor_spawned":[3,8,10,13,22,28,31,33,37,38,39,42,48],"ascension_level":1}}