{"host":"hgkb2zpbo2dcws21","time":1609335663,"event":{"mods":["AchievementEnabler","BaseMod","Colored Map","Colored Powertips","Custom Start","DeckTracker","KOR Keyword Fix","Minty Spire (QoL Compilation)","Relic Stats","StSLib","SuperFastMode"],"gold_per_floor":[109,109,109,129,129,163,163,88,88,99,174,206,219,219,219,315,378,403,403,421,421,293,293,293],"floor_reached":23,"playtime":438,"items_purged":["Strike_R","Strike_R"],"score":394,"play_id":"214c026a-9aa2-490c-a552-b0c393681471","local_time":"20201230224103","is_ascension_mode":true,"campfire_choices":[{"data":"Wild Strike","floor":7,"key":"SMITH"},{"floor":15,"key":"REST"}],"circlet_count":0,"master_deck":["AscendersBane","Strike_R","Strike_R+1","Defend_R","Defend_R","Defend_R","Defend_R","Bash","Shrug It Off","Fire Breathing","Wild Strike+1","Pommel Strike","Immolate","Reaper","Shrug It Off"],"relics":["Burning Blood","Mercury Hourglass","FossilizedHelix","WingedGreaves","Ginger","Bloody Idol","Tiny House","Enchiridion"],"acts_visited":["Exordium","TheCity"],"potions_floor_usage":[6,16,21],"damage_taken":[{"damage":17,"enemies":"Cultist","floor":1,"turns":4},{"damage":6,"enemies":"Jaw Worm","floor":4,"turns":3},{"damage":35,"enemies":"Lagavulin","floor":6,"turns":6},{"damage":0,"enemies":"2 Louse","floor":10,"turns":2},{"damage":24,"enemies":"Gremlin Nob","floor":12,"turns":4},{"damage":13,"enemies":"Exordium Thugs","floor":13,"turns":4},{"damage":22,"enemies":"The Guardian","floor":16,"turns":10},{"damage":50,"enemies":"3 Byrds","floor":18,"turns":4},{"damage":13,"enemies":"Chosen","floor":20,"turns":4},{"damage":30,"enemies":"Slavers","floor":23,"turns":3}],"seed_played":"-221944176266509115","potions_obtained":[{"floor":1,"key":"BloodPotion"},{"floor":4,"key":"PowerPotion"},{"floor":6,"key":"PowerPotion"},{"floor":17,"key":"EntropicBrew"}],"is_trial":false,"path_per_floor":["M","T","?","M","?","E","R","$","T","M","?","E","M","?","R","B",null,"M","?","M","?","$","E"],"character_chosen":"IRONCLAD","items_purchased":["Shrug It Off"],"campfire_rested":1,"item_purchase_floors":[22],"current_hp_per_floor":[64,64,69,69,69,40,40,40,40,46,35,17,10,10,33,17,69,29,29,27,22,22,0,0],"gold":293,"neow_bonus":"TEN_PERCENT_HP_BONUS","is_daily":false,"chose_seed":false,"campfire_upgraded":1,"win_rate":0.0,"timestamp":1609335663,"path_taken":["M","?","?","M","?","E","R","$","T","?","?","E","M","?","R","BOSS","M","?","M","?","$","E"],"items_purchased_type":["Card"],"build_version":"2020-12-22","purchased_purges":2,"victory":false,"max_hp_per_floor":[82,82,87,87,87,87,87,87,87,87,87,87,87,79,79,79,84,84,84,84,84,84,84,84],"relic_stats":{"counters":[10,44],"Bloody Idol":5,"Ginger":[3],"obtain_stats":[{"Tiny House":17,"Golden Idol":14,"Bloody Idol":19,"Enchiridion":21,"WingedGreaves":9,"Ginger":12,"Burning Blood":0,"FossilizedHelix":6,"Mercury Hourglass":2},{"Tiny House":7,"Golden Idol":6,"Bloody Idol":8,"Enchiridion":9,"WingedGreaves":3,"Ginger":5,"Burning Blood":0,"FossilizedHelix":3,"Mercury Hourglass":1},{"Tiny House":33,"Golden Idol":23,"Bloody Idol":37,"Enchiridion":41,"WingedGreaves":13,"Ginger":19,"Burning Blood":0,"FossilizedHelix":13,"Mercury Hourglass":4}],"Burning Blood":54,"Mercury Hourglass":[155]},"card_choices":[{"not_picked":["Sever Soul","Twin Strike"],"picked":"Shrug It Off","floor":1},{"not_picked":["Entrench","Pommel Strike"],"picked":"Fire Breathing","floor":4},{"not_picked":["Fiend Fire","Armaments"],"picked":"Wild Strike","floor":6},{"not_picked":["Thunderclap","Sword Boomerang","Dropkick"],"picked":"SKIP","floor":10},{"not_picked":["Seeing Red","Heavy Blade"],"picked":"Pommel Strike","floor":12},{"not_picked":["Clash","Armaments"],"picked":"Immolate","floor":13},{"not_picked":["Double Tap","Immolate"],"picked":"Reaper","floor":16},{"not_picked":["Clothesline","Anger","Sever Soul"],"picked":"SKIP","floor":18},{"not_picked":["Uppercut","Clash","True Grit"],"picked":"SKIP","floor":20}],"player_experience":1120014,"relics_obtained":[{"floor":2,"key":"Mercury Hourglass"},{"floor":6,"key":"FossilizedHelix"},{"floor":9,"key":"WingedGreaves"},{"floor":12,"key":"Ginger"},{"floor":21,"key":"Enchiridion"}],"event_choices":[{"damage_healed":0,"gold_gain":0,"player_choice":"Donut","damage_taken":0,"max_hp_gain":5,"max_hp_loss":0,"event_name":"Big Fish","floor":3,"gold_loss":0},{"cards_removed":["Strike_R"],"damage_healed":0,"gold_gain":0,"player_choice":"Purged","damage_taken":0,"max_hp_gain":0,"max_hp_loss":0,"event_name":"Purifier","floor":5,"gold_loss":0},{"damage_healed":0,"gold_gain":75,"player_choice":"Gather Gold","damage_taken":11,"max_hp_gain":0,"max_hp_loss":0,"event_name":"World of Goop","floor":11,"gold_loss":0},{"damage_healed":0,"gold_gain":0,"player_choice":"Lose Max HP","damage_taken":0,"relics_obtained":["Golden Idol"],"max_hp_gain":0,"max_hp_loss":8,"event_name":"Golden Idol","floor":14,"gold_loss":0},{"damage_healed":0,"gold_gain":0,"player_choice":"Gave Idol","damage_taken":0,"relics_obtained":["Bloody Idol"],"max_hp_gain":0,"max_hp_loss":0,"event_name":"Forgotten Altar","floor":19,"relics_lost":["Golden Idol"],"gold_loss":0},{"damage_healed":0,"gold_gain":0,"player_choice":"Obtained Book","damage_taken":21,"max_hp_gain":0,"max_hp_loss":0,"event_name":"Cursed Tome","floor":21,"gold_loss":0}],"is_beta":false,"boss_relics":[{"not_picked":["Busted Crown","Runic Cube"],"picked":"Tiny House"}],"items_purged_floors":[8,22],"is_endless":false,"potions_floor_spawned":[1,4,6],"killed_by":"Slavers","ascension_level":20}}