{"host":"eydwxg59205c3vtl","time":1609340547,"event":{"mods":["2.2 Compatiblity","BaseMod","Colored Map","Colored Powertips","Hubris","Minty Spire (QoL Compilation)","StSLib","The Necromancer"],"gold_per_floor":[109,109,109,9,29,29,59,79,104,104,104,117,145,145,145,145,145],"floor_reached":16,"playtime":393,"items_purged":["Regret"],"score":173,"play_id":"fac0a3e3-02a4-4ae4-8441-8a72f388beac","local_time":"20201230100227","is_ascension_mode":true,"campfire_choices":[{"data":"Neutralize","floor":6,"key":"SMITH"},{"data":"Flying Knee","floor":10,"key":"SMITH"},{"data":"Backflip","floor":15,"key":"SMITH"}],"circlet_count":0,"master_deck":["AscendersBane","Strike_G","Strike_G","Strike_G","Strike_G","Strike_G","Defend_G+1","Defend_G","Defend_G","Defend_G","Defend_G","Survivor","Neutralize+1","Dagger Spray+1","Flying Knee+1","Heel Hook","Backflip+1","Backflip"],"relics":["Ring of the Snake","MealTicket","Boot","Blood Vial","Lantern","Happy Flower"],"acts_visited":["Exordium"],"potions_floor_usage":[7,13,16],"damage_taken":[{"damage":1,"enemies":"2 Louse","floor":1,"turns":3},{"damage":0,"enemies":"Jaw Worm","floor":5,"turns":3},{"damage":20,"enemies":"Lagavulin","floor":7,"turns":6},{"damage":0,"enemies":"Cultist","floor":8,"turns":3},{"damage":1,"enemies":"2 Fungi Beasts","floor":12,"turns":2},{"damage":19,"enemies":"Gremlin Nob","floor":13,"turns":5},{"damage":45,"enemies":"Slime Boss","floor":16,"turns":8}],"seed_played":"-4096439897996281671","potions_obtained":[{"floor":5,"key":"BlessingOfTheForge"},{"floor":7,"key":"LiquidBronze"},{"floor":8,"key":"Dexterity Potion"},{"floor":13,"key":"GhostInAJar"},{"floor":14,"key":"Energy Potion"}],"is_trial":false,"path_per_floor":["M","?","?","$","M","R","E","M","T","R","?","M","E","?","R","B"],"character_chosen":"THE_SILENT","items_purchased":["Flying Knee"],"campfire_rested":0,"item_purchase_floors":[4],"current_hp_per_floor":[62,62,62,70,70,70,50,52,52,52,52,53,36,36,36,0,0],"gold":145,"neow_bonus":"RANDOM_COMMON_RELIC","is_daily":false,"chose_seed":false,"campfire_upgraded":3,"win_rate":0.0,"timestamp":1609340547,"path_taken":["M","?","?","$","M","R","E","M","T","R","?","M","E","?","R","BOSS"],"items_purchased_type":["Card"],"build_version":"2020-12-22","purchased_purges":1,"victory":false,"max_hp_per_floor":[70,70,70,70,70,70,70,70,70,70,70,70,70,70,70,70,70],"card_choices":[{"not_picked":["Flechettes","Caltrops"],"picked":"Dagger Spray","floor":1},{"not_picked":["Sucker Punch","hubris:TrickCloak"],"picked":"Heel Hook","floor":5},{"not_picked":["Caltrops","Prepared","Poisoned Stab"],"picked":"SKIP","floor":7},{"not_picked":["Well Laid Plans","Choke"],"picked":"Backflip","floor":8},{"not_picked":["Blade Dance","Finisher","Bane"],"picked":"SKIP","floor":12},{"not_picked":["Escape Plan","hubris:Sniper"],"picked":"Backflip","floor":13}],"player_experience":574225,"relics_obtained":[{"floor":7,"key":"Blood Vial"},{"floor":9,"key":"Lantern"},{"floor":13,"key":"Happy Flower"}],"event_choices":[{"damage_healed":0,"gold_gain":0,"player_choice":"Box","damage_taken":0,"relics_obtained":["Boot"],"max_hp_gain":0,"max_hp_loss":0,"event_name":"Big Fish","floor":2,"gold_loss":0,"cards_obtained":["Regret"]},{"damage_healed":0,"gold_gain":0,"player_choice":"Grow","damage_taken":0,"max_hp_gain":0,"max_hp_loss":0,"event_name":"Living Wall","floor":11,"gold_loss":0,"cards_upgraded":["Defend_G"]},{"damage_healed":0,"gold_gain":0,"player_choice":"Got Potions","damage_taken":0,"max_hp_gain":0,"max_hp_loss":0,"event_name":"Lab","floor":14,"gold_loss":0}],"is_beta":false,"boss_relics":[],"items_purged_floors":[4],"is_endless":false,"potions_floor_spawned":[5,7,8,13],"killed_by":"Slime Boss","ascension_level":12}}