{"host":"a7n5dzefz0hsmd08","time":1609290287,"event":{"mods":["2.2 Compatiblity","AchievementEnabler","BaseMod","Colored Powertips","Minty Spire (QoL Compilation)","StSLib"],"gold_per_floor":[212,212,287,302,302,302,200,234,234,259,224,224,224,238,238,357,420,444,444,444],"floor_reached":19,"playtime":493,"items_purged":[],"score":165,"play_id":"c17fcbc0-2fc0-4394-867f-9b7400f0bd6d","local_time":"20201230020447","is_ascension_mode":false,"campfire_choices":[{"floor":6,"key":"REST"},{"data":"Loop","floor":12,"key":"SMITH"},{"data":"Consume","floor":15,"key":"SMITH"}],"circlet_count":0,"master_deck":["Strike_B+1","Strike_B+1","Strike_B+1","Strike_B+1","Defend_B+1","Defend_B+1","Defend_B+1","Defend_B+1","Zap","Dualcast","Hello World","Tempest+1","Redo","Sunder","Ball Lightning","Loop+1","Consume+1","Machine Learning","Rip and Tear","Fusion+1"],"relics":["Cracked Core","Golden Idol","Thread and Needle","Sundial","Tiny House"],"acts_visited":["Exordium","TheCity"],"potions_floor_usage":[16,18],"damage_taken":[{"damage":0,"enemies":"Small Slimes","floor":1,"turns":3},{"damage":0,"enemies":"2 Louse","floor":4,"turns":2},{"damage":31,"enemies":"Lagavulin","floor":8,"turns":6},{"damage":2,"enemies":"Jaw Worm","floor":10,"turns":2},{"damage":20,"enemies":"3 Louse","floor":14,"turns":3},{"damage":16,"enemies":"Hexaghost","floor":16,"turns":7},{"damage":6,"enemies":"Shell Parasite","floor":18,"turns":4}],"seed_played":"7312041914761851558","potions_obtained":[{"floor":8,"key":"SpeedPotion"},{"floor":10,"key":"ColorlessPotion"},{"floor":16,"key":"AttackPotion"},{"floor":17,"key":"EssenceOfDarkness"}],"is_trial":false,"path_per_floor":["M","?","?","M","?","R","$","E","T","M","?","R","?","M","R","B",null,"M","?"],"character_chosen":"DEFECT","items_purchased":["Redo","Sunder"],"campfire_rested":1,"item_purchase_floors":[7,7],"current_hp_per_floor":[75,57,46,46,31,53,53,22,22,20,38,38,63,43,43,27,80,74,74,74],"gold":444,"neow_bonus":"HUNDRED_GOLD","is_daily":false,"chose_seed":false,"campfire_upgraded":2,"win_rate":0.0,"timestamp":1609290287,"path_taken":["M","?","?","M","?","R","$","E","T","M","?","R","?","M","R","BOSS","M","?"],"items_purchased_type":["Card","Card"],"build_version":"2020-12-22","purchased_purges":0,"victory":false,"max_hp_per_floor":[75,75,75,75,75,75,75,75,75,75,75,75,75,75,75,75,80,80,80,80],"card_choices":[{"not_picked":["Hologram","Barrage"],"picked":"Hello World","floor":1},{"not_picked":["Storm","Reinforced Body"],"picked":"Tempest","floor":4},{"not_picked":["Fusion","Multi-Cast"],"picked":"Ball Lightning","floor":8},{"not_picked":["Sunder","Undo"],"picked":"Loop","floor":10},{"not_picked":["Double Energy","Steam"],"picked":"Consume","floor":14},{"not_picked":["Buffer","Hyperbeam"],"picked":"Machine Learning","floor":16},{"not_picked":["Cold Snap","Rebound"],"picked":"Rip and Tear","floor":17},{"not_picked":["Coolheaded","Streamline"],"picked":"Fusion+1","floor":18}],"player_experience":156338,"relics_obtained":[{"floor":8,"key":"Thread and Needle"},{"floor":9,"key":"Sundial"}],"event_choices":[{"damage_healed":0,"gold_gain":0,"player_choice":"Take Damage","damage_taken":18,"relics_obtained":["Golden Idol"],"max_hp_gain":0,"max_hp_loss":0,"event_name":"Golden Idol","floor":2,"gold_loss":0},{"damage_healed":0,"gold_gain":75,"player_choice":"Gather Gold","damage_taken":11,"max_hp_gain":0,"max_hp_loss":0,"event_name":"World of Goop","floor":3,"gold_loss":0},{"damage_healed":0,"gold_gain":0,"player_choice":"Entered Light","damage_taken":15,"max_hp_gain":0,"max_hp_loss":0,"event_name":"Shining Light","floor":5,"gold_loss":0,"cards_upgraded":["Defend_B","Tempest"]},{"damage_healed":18,"gold_gain":0,"player_choice":"Healed","damage_taken":0,"max_hp_gain":0,"max_hp_loss":0,"event_name":"The Cleric","floor":11,"gold_loss":35},{"damage_healed":25,"gold_gain":0,"player_choice":"Banana","damage_taken":0,"max_hp_gain":0,"max_hp_loss":0,"event_name":"Big Fish","floor":13,"gold_loss":0},{"damage_healed":0,"gold_gain":0,"player_choice":"Simplicity","damage_taken":0,"max_hp_gain":0,"max_hp_loss":0,"event_name":"Back to Basics","floor":19,"gold_loss":0,"cards_upgraded":["Strike_B","Strike_B","Strike_B","Strike_B","Defend_B","Defend_B"]}],"is_beta":false,"boss_relics":[{"not_picked":["Fusion Hammer","Snecko Eye"],"picked":"Tiny House"}],"items_purged_floors":[],"is_endless":false,"potions_floor_spawned":[8,10,16],"ascension_level":0}}