{"host":"6batr6d18k5ot4h1","time":1609345897,"event":{"mods":["BaseMod","Minty Spire (QoL Compilation)","The Servant 0.9.4"],"gold_per_floor":[114,129,144,159,174,174,196,196,196,211,211,241,241,241,241,341,341,356,92,107,107,107,107,122,122,122,152,0,0,15,30,30,130,130,145,160,96,111,126,126,141,141,141,156,171,186,186,201,201,201],"floor_reached":51,"playtime":3871,"items_purged":["Doppelganger"],"score":650,"play_id":"536f69c9-129c-417a-8b17-01b5fd583999","local_time":"20201231003137","daily_mods":["SealedDeck","ControlledChaos","Terminal"],"is_ascension_mode":false,"campfire_choices":[{"data":"Noxious Fumes","floor":6.0,"key":"SMITH"},{"data":"Crippling Poison","floor":8.0,"key":"SMITH"},{"data":"Crippling Poison","floor":11.0,"key":"SMITH"},{"data":"Catalyst","floor":13.0,"key":"SMITH"},{"floor":15,"key":"REST"},{"floor":23,"key":"REST"},{"data":"Noxious Fumes","floor":25,"key":"SMITH"},{"floor":29,"key":"REST"},{"floor":32,"key":"REST"},{"floor":40,"key":"REST"},{"floor":42,"key":"REST"},{"floor":49,"key":"REST"}],"circlet_count":0,"master_deck":["Deflect","Deflect","Crippling Poison+1","Poisoned Stab","Catalyst+1","Dodge and Roll+1","Crippling Poison+1","Noxious Fumes+1","Reflex","Bane","Deadly Poison","Concentrate+1","Noxious Fumes+1","Catalyst+1","Burst+1","Catalyst","Skewer"],"relics":["Ring of the Snake","Frozen Eye","Odd Mushroom","Incense Burner","Regal Pillow","Runic Pyramid","Chemical X","Dream Catcher","Singing Bowl","SacredBark","War Paint","Gremlin Horn"],"acts_visited":["TheCity","TheBeyond"],"potions_floor_usage":[16,31,31,33,50,50],"damage_taken":[{"damage":0.0,"enemies":"2 Louse","floor":1.0,"turns":2.0},{"damage":1.0,"enemies":"Small Slimes","floor":2.0,"turns":3.0},{"damage":0.0,"enemies":"Jaw Worm","floor":3.0,"turns":3.0},{"damage":0.0,"enemies":"2 Fungi Beasts","floor":4.0,"turns":3.0},{"damage":0.0,"enemies":"Exordium Thugs","floor":5.0,"turns":4.0},{"damage":1.0,"enemies":"The Mushroom Lair","floor":7.0,"turns":3.0},{"damage":0.0,"enemies":"Looter","floor":10.0,"turns":3.0},{"damage":3.0,"enemies":"3 Sentries","floor":12.0,"turns":5.0},{"damage":14,"enemies":"Hexaghost","floor":16,"turns":8},{"damage":9,"enemies":"Spheric Guardian","floor":18,"turns":4},{"damage":0,"enemies":"Chosen","floor":20,"turns":3},{"damage":11,"enemies":"3 Cultists","floor":24,"turns":4},{"damage":14,"enemies":"Slavers","floor":27,"turns":3},{"damage":0,"enemies":"Cultist and Chosen","floor":30,"turns":4},{"damage":16,"enemies":"Snake Plant","floor":31,"turns":3},{"damage":14,"enemies":"Collector","floor":33,"turns":3},{"damage":2,"enemies":"Orb Walker","floor":35,"turns":3},{"damage":3,"enemies":"3 Darklings","floor":36,"turns":4},{"damage":0,"enemies":"4 Shapes","floor":38,"turns":3},{"damage":13,"enemies":"Sphere and 2 Shapes","floor":39,"turns":3},{"damage":0,"enemies":"Jaw Worm Horde","floor":41,"turns":3},{"damage":2,"enemies":"3 Darklings","floor":44,"turns":3},{"damage":0,"enemies":"Sphere and 2 Shapes","floor":45,"turns":3},{"damage":15,"enemies":"Jaw Worm Horde","floor":46,"turns":4},{"damage":11,"enemies":"Transient","floor":48,"turns":3},{"damage":28,"enemies":"Time Eater","floor":50,"turns":3}],"seed_played":"-3359046213643952927","potions_obtained":[{"floor":3.0,"key":"ColorlessPotion"},{"floor":5.0,"key":"FearPotion"},{"floor":10.0,"key":"Swift Potion"},{"floor":20,"key":"Explosive Potion"},{"floor":35,"key":"Poison Potion"},{"floor":38,"key":"LiquidBronze"},{"floor":41,"key":"SpeedPotion"}],"is_trial":false,"path_per_floor":["M","M","M","M","M","R","?","R","T","M","R","E","R","?","R","B",null,"M","$","M","?","?","R","M","R","T","E","?","R","M","M","R","B",null,"M","M","?","M","M","R","M","R","T","M","M","M","?","M","R","B",null],"character_chosen":"THE_SILENT","items_purchased":["Noxious Fumes","Chemical X"],"campfire_rested":7,"item_purchase_floors":[19,19],"current_hp_per_floor":[68,67,66,65,64,63,62,61,60,59,58,55,55,48,54,40,52,43,43,43,43,36,51,40,40,40,28,28,49,48,34,50,36,48,48,47,47,49,38,50,51,52,51,51,53,40,40,31,55,27],"gold":201,"neow_bonus":"","is_daily":true,"chose_seed":false,"campfire_upgraded":5,"win_rate":0.0,"timestamp":1609345897,"path_taken":["M","M","M","M","M","R","?","R","T","M","R","E","R","?","R","BOSS","M","$","M","?","?","R","M","R","T","E","?","R","M","?","R","BOSS","M","M","?","M","M","R","M","R","T","M","?","M","?","?","R","BOSS"],"items_purchased_type":["Card","Relic"],"build_version":"2020-12-22","purchased_purges":1,"victory":true,"max_hp_per_floor":[68,67,66,65,64,63,62,61,60,59,58,57,56,55,54,53,52,51,50,49,48,52,51,50,49,48,49,48,49,48,49,50,49,48,49,50,49,50,51,50,51,52,51,52,53,54,53,54,55,54],"card_choices":[{"not_picked":["Quick Slash","Acrobatics"],"picked":"Reflex","floor":1.0},{"not_picked":["Riddle With Holes","Choke","Flying Knee"],"picked":"SKIP","floor":2.0},{"not_picked":["Finisher","Poisoned Stab","Underhanded Strike"],"picked":"SKIP","floor":3.0},{"not_picked":["Backflip","Storm of Steel"],"picked":"Blade Dance","floor":4.0},{"not_picked":["Underhanded Strike","All Out Attack","Dagger Spray"],"picked":"SKIP","floor":5.0},{"not_picked":["Slice","Deadly Poison"],"picked":"Bane","floor":10.0},{"not_picked":["Leg Sweep","Predator"],"picked":"Deadly Poison","floor":12.0},{"not_picked":["A Thousand Cuts","Malaise"],"picked":"Doppelganger","floor":16},{"not_picked":["Dash","Slice+1"],"picked":"Concentrate+1","floor":18},{"not_picked":["Heel Hook","Backflip","Eviscerate"],"picked":"SKIP","floor":20},{"not_picked":["Slice+1","Dagger Spray","Cloak And Dagger+1"],"picked":"SKIP","floor":24},{"not_picked":["Deadly Poison","Underhanded Strike","Doppelganger"],"picked":"Singing Bowl","floor":27},{"not_picked":["Poisoned Stab","Dagger Spray","Endless Agony+1"],"picked":"Singing Bowl","floor":29},{"not_picked":["Terror+1","Quick Slash"],"picked":"Catalyst+1","floor":30},{"not_picked":["Infinite Blades","PiercingWail","Underhanded Strike"],"picked":"Singing Bowl","floor":31},{"not_picked":["Acrobatics","Infinite Blades","Backflip"],"picked":"Singing Bowl","floor":32},{"not_picked":["Tools of the Trade","Bullet Time"],"picked":"Burst","floor":33},{"not_picked":["Flechettes+1","PiercingWail+1","Deflect"],"picked":"Singing Bowl","floor":35},{"not_picked":["Slice+1","Masterful Stab","Deflect"],"picked":"Singing Bowl","floor":36},{"not_picked":["Dodge and Roll+1","Deflect+1","Quick Slash"],"picked":"Singing Bowl","floor":38},{"not_picked":["Outmaneuver+1","Distraction","Infinite Blades+1"],"picked":"Singing Bowl","floor":39},{"not_picked":["Blade Dance+1","Poisoned Stab"],"picked":"Catalyst","floor":40},{"not_picked":["Underhanded Strike","Slice","Heel Hook+1"],"picked":"Singing Bowl","floor":41},{"not_picked":["Skewer+1","Storm of Steel","Heel Hook"],"picked":"Singing Bowl","floor":42},{"not_picked":["Blur+1","Dagger Throw","Predator"],"picked":"Singing Bowl","floor":44},{"not_picked":["Crippling Poison+1","Leg Sweep+1","Sucker Punch+1"],"picked":"Singing Bowl","floor":45},{"not_picked":["Dagger Throw","Dodge and Roll+1","Blade Dance+1"],"picked":"Singing Bowl","floor":46},{"not_picked":["Distraction+1","Cloak And Dagger+1","Acrobatics"],"picked":"Singing Bowl","floor":48},{"not_picked":["Distraction","Dagger Throw","Blade Dance"],"picked":"Singing Bowl","floor":49}],"player_experience":169285,"relics_obtained":[{"floor":7.0,"key":"Odd Mushroom"},{"floor":9.0,"key":"Incense Burner"},{"floor":12.0,"key":"Regal Pillow"},{"floor":26,"key":"Dream Catcher"},{"floor":27,"key":"Singing Bowl"},{"floor":43,"key":"Gremlin Horn"}],"event_choices":[{"damage_healed":0.0,"max_hp_gain":0.0,"max_hp_loss":0.0,"gold_gain":0.0,"event_name":"Mushrooms","player_choice":"Fought Mushrooms","floor":7.0,"gold_loss":0.0,"damage_taken":0.0},{"cards_removed":["Blade Dance"],"damage_healed":0.0,"max_hp_gain":0.0,"max_hp_loss":0.0,"gold_gain":0.0,"event_name":"Golden Wing","player_choice":"Card Removal","floor":14.0,"gold_loss":0.0,"damage_taken":7.0},{"cards_removed":["Acrobatics"],"damage_healed":0,"gold_gain":0,"player_choice":"Elegance","damage_taken":0,"max_hp_gain":0,"max_hp_loss":0,"event_name":"Back to Basics","floor":21,"gold_loss":0},{"damage_healed":0,"gold_gain":0,"player_choice":"Shed Blood","damage_taken":12,"max_hp_gain":5,"max_hp_loss":0,"event_name":"Forgotten Altar","floor":22,"gold_loss":0},{"damage_healed":0,"gold_gain":0,"player_choice":"Paid Fearfully","damage_taken":0,"max_hp_gain":0,"max_hp_loss":0,"event_name":"Masked Bandits","floor":28,"gold_loss":152},{"damage_healed":0,"gold_gain":0,"player_choice":"Paid Gold","damage_taken":0,"relics_obtained":["War Paint"],"max_hp_gain":0,"max_hp_loss":0,"event_name":"WeMeetAgain","floor":37,"gold_loss":64},{"damage_healed":0,"gold_gain":0,"cards_transformed":["Dodge and Roll"],"player_choice":"Transformed","damage_taken":0,"max_hp_gain":0,"max_hp_loss":0,"event_name":"Transmorgrifier","floor":47,"gold_loss":0,"cards_obtained":["Skewer"]}],"is_beta":false,"boss_relics":[{"not_picked":["Snecko Eye","Sozu"],"picked":"Runic Pyramid"},{"not_picked":["Runic Dome","Astrolabe"],"picked":"SacredBark"}],"items_purged_floors":[19],"is_endless":false,"potions_floor_spawned":[3,5,10,20,24,35,38,41,46,48],"ascension_level":0}}