{"host":"e5u7qs1emxzejr12","time":1609341329,"event":{"mods":["2.2 Compatiblity","Act Like it!","Arknights The Spire","BaseMod","Card Forge","Custom Start","Hermit","Highlight Path","Luminous","Minty Spire (QoL Compilation)","Quick Restart","Reimu£®≤©¿ˆ¡È√Œ£©","Replay The Spire","Shop Mod","StSLib","SuperFastMode","UnlockEverythingMod"],"gold_per_floor":[159,99,141,141,167,266,371,464,464,545,641,641,209,314,314,542,542,599,650,650,328,55,160,253,346,346,427,727,826,940,988,988,1228,1228,1288,1306,798,873,873,978,1020,692,716,821,821,953,977,1076,1076,1076,1076,1076,1076,419,536,536],"floor_reached":57,"playtime":2863,"items_purged":[],"score":3198,"play_id":"5caee5f4-6634-4665-8cc0-86018d99fcf6","local_time":"20201230231529","daily_mods":["Specialized","Heirloom","Flight","DeadlyEvents","Elite Swarm","Midas"],"is_ascension_mode":true,"campfire_choices":[{"floor":12.0,"key":"REST"},{"floor":32,"key":"RECALL"},{"data":"ats:Ambush+1","floor":45,"key":"PURGE"},{"floor":49,"key":"DIG"},{"floor":53,"key":"DIG"}],"circlet_count":0,"master_deck":["AscendersBane","ats:Emotion Absorption+1","ats:Thorns+1","ats:Thorns+1","ats:Thorns+1","ats:Thorns+1","ats:Rat Pack+1","ats:Fractured Body+1","ats:Healing Drone+1","ats:Rat Pack+1","ats:Hook Shot+1","Madness+1","ats:Composite Medical Shells+1","ats:Calcification+1","ats:Charging Defense+1","Survey Options+1","ats:Calcification+1","ats:Calcification+1","ats:Dogmatic Field+1","ats:Rat Pack+1","Thinking Ahead+1","Secret Technique+1","ReplayUltimateDefense+1","ats:Rat Pack+1"],"relics":["ats:Sanity","Hammer of Thor","Seething Fire","Anvil of the Gods","Lizard Tail","PaintedHorse:ReiMu","ats:Rhine Circuitry","ats:Originium","Iron Hammer","Mastiff:ReiMu","War Paint","Mummified Hand","Pondfish Scales","Replay:Kaleidoscope","Matryoshka","ats:Emergency Defibrillator","Fusion Hammer","BargainBundle","CrazyTorch:ReiMu","Molten Egg 2","CeramicFish","Toy Ornithopter","White Beast Statue","Incense Burner","Replay:Multitool","Bottled Tornado","Sundial","Divine Protection","Philosopher\u0027s Stone","Ginger","Art of War","Counterbalance","Du-Vu Doll","ClockworkSouvenir","Pen Nib","ats:Gyao","Calipers","Omamori","ats:Spiritual Recovery","Golden Egg","FossilizedHelix","Centennial Puzzle","Orrery","ats:Ability Aura"],"acts_visited":["Exordium","TheCity","TheBeyond","TheEnding"],"potions_floor_usage":[],"damage_taken":[{"damage":2.0,"enemies":"Jaw Worm","floor":1.0,"turns":4.0},{"damage":8.0,"enemies":"Small Slimes","floor":3.0,"turns":4.0},{"damage":16.0,"enemies":"3 Sentries","floor":6.0,"turns":6.0},{"damage":8.0,"enemies":"Gremlin Nob","floor":7.0,"turns":5.0},{"damage":18.0,"enemies":"3 Sentries","floor":8.0,"turns":6.0},{"damage":0.0,"enemies":"Lagavulin","floor":10.0,"turns":6.0},{"damage":0.0,"enemies":"3 Sentries","floor":11.0,"turns":6.0},{"damage":0.0,"enemies":"Gremlin Nob","floor":14.0,"turns":5.0},{"damage":15.0,"enemies":"Fading Forest","floor":16.0,"turns":13.0},{"damage":12.0,"enemies":"2 Thieves","floor":18.0,"turns":5.0},{"damage":0.0,"enemies":"Shell Parasite","floor":19.0,"turns":5.0},{"damage":29.0,"enemies":"Gremlin Leader","floor":23.0,"turns":6.0},{"damage":38,"enemies":"Slavers","floor":24,"turns":4},{"damage":4,"enemies":"Book of Stabbing","floor":25,"turns":5},{"damage":0,"enemies":"Gremlin Leader","floor":27,"turns":8},{"damage":11,"enemies":"Colosseum Slavers","floor":28,"turns":3},{"damage":0,"enemies":"Colosseum Nobs","floor":28,"turns":5},{"damage":17,"enemies":"Book of Stabbing","floor":29,"turns":5},{"damage":6,"enemies":"Replay:Snechameleon","floor":30,"turns":5},{"damage":0,"enemies":"Snake Plant","floor":31,"turns":3},{"damage":0,"enemies":"Collector","floor":33,"turns":8},{"damage":0,"enemies":"Orb Walker","floor":35,"turns":2},{"damage":0,"enemies":"Mind Bloom Boss Battle","floor":38,"turns":3},{"damage":0,"enemies":"R_Hoarder","floor":40,"turns":5},{"damage":0,"enemies":"3 Darklings","floor":41,"turns":1},{"damage":14,"enemies":"Nemesis","floor":44,"turns":3},{"damage":0,"enemies":"R_Hoarder","floor":46,"turns":4},{"damage":0,"enemies":"Reptomancer","floor":48,"turns":3},{"damage":14,"enemies":"Donu and Deca","floor":50,"turns":3},{"damage":0,"enemies":"Replay:Hell Engine","floor":51,"turns":3},{"damage":44,"enemies":"Shield and Spear","floor":55,"turns":3},{"damage":0,"enemies":"The Heart","floor":56,"turns":5}],"seed_played":"2957408196561484835","potions_obtained":[{"floor":3.0,"key":"PowerPotion"},{"floor":8.0,"key":"Elixir"}],"is_trial":true,"path_per_floor":["M","?","M","?","T","E","E","E","T","E","E","R","$","E","R","B",null,"M","M","?","$","$","E","E","E","T","E","?","E","E","M","R","B",null,"M","?","$","?","$","E","M","$","T","E","R","E","R","E","R","B","B",null,"R","$","E","B",null],"character_chosen":"DOCTOR_CLASS","items_purchased":["ats:Healing Drone","ats:Composite Medical Shells","Matryoshka","Violence","Madness","BargainBundle","ats:Composite Medical Shells","ats:Calcification","ats:Charging Defense","Survey Options","Ginger","Art of War","ClockworkSouvenir","ReplayUltimateDefense","FossilizedHelix","Centennial Puzzle","Orrery"],"campfire_rested":1,"item_purchase_floors":[13,13,13,21,21,22,22,22,22,22,37,37,42,42,54,54,54],"current_hp_per_floor":[63,63,55,55,55,39,31,13,13,13,13,34,34,42,42,72,72,72,72,52,52,52,46,30,53,53,77,77,76,77,77,77,77,77,77,67,67,77,77,77,77,77,77,77,77,77,77,77,77,77,77,77,77,77,77,77],"gold":536,"neow_bonus":"","is_daily":false,"chose_seed":false,"campfire_upgraded":0,"win_rate":0.0,"timestamp":1609341329,"path_taken":["M","?","M","?","?","E","E","?","T","E","E","R","$","E","R","BOSS","M","M","?","$","$","E","E","E","T","E","?","E","?","M","R","BOSS","M","?","$","?","$","E","?","$","T","E","R","E","R","E","R","BOSS","BOSS","R","$","E","BOSS"],"items_purchased_type":["Card","Card","Relic","Card","Card","Relic","Card","Card","Card","Card","Relic","Relic","Relic","Card","Relic","Relic","Relic"],"build_version":"2020-12-22","purchased_purges":0,"victory":true,"max_hp_per_floor":[72,72,72,72,72,72,72,72,72,72,72,72,72,72,72,72,72,72,72,77,77,77,77,77,77,77,77,77,77,77,77,77,77,77,77,77,77,77,77,77,77,77,77,77,77,77,77,77,77,77,77,77,77,77,77,77],"card_choices":[{"not_picked":["ats:Consecutive Shot Auto","ats:Soul Absorption","ats:Flame Of Heaven"],"picked":"SKIP","floor":1.0},{"not_picked":["ats:Curse Doll","ats:Soul Absorption"],"picked":"ats:Explosion Area Strengthen","floor":3.0},{"not_picked":["ats:True Silver Slash","ats:Disruption Kick"],"picked":"ats:Ambush","floor":6.0},{"not_picked":["ats:Volcano","ats:True Silver Slash","ats:Durian"],"picked":"SKIP","floor":7.0},{"not_picked":["ats:Shadow Assault","ats:Fractured Body"],"picked":"ats:Rat Pack","floor":8.0},{"not_picked":["ats:Ambush","ats:True Silver Slash"],"picked":"ats:Fractured Body","floor":10.0},{"not_picked":["ats:Volcano","ats:Roar Of Ursus"],"picked":"ats:Wolf Pack","floor":11.0},{"not_picked":["ats:Durian","ats:True Silver Slash"],"picked":"ats:Rat Pack","floor":14.0},{"not_picked":["ats:Curse Doll","ats:Childhood Dance"],"picked":"ats:Apocalypse","floor":18.0},{"not_picked":["ats:Cat Scratch","ats:Leaping Hammer+1"],"picked":"ats:Hook Shot","floor":19.0},{"not_picked":["ats:True Silver Slash","ats:Disruption Kick","ats:Shadow Assault"],"picked":"SKIP","floor":23.0},{"not_picked":["ats:Rat Pack","ats:Disruption Kick+1","ats:Volcano+1"],"picked":"SKIP","floor":24},{"not_picked":["ats:Echo Reverb","ats:True Silver Slash+1"],"picked":"ats:Calcification","floor":25},{"not_picked":["ats:Rat Pack","ats:Durian","ats:Nebulous Foxfire"],"picked":"SKIP","floor":27},{"not_picked":["ats:Volcano+1","ats:Echo Reverb"],"picked":"ats:Calcification","floor":29},{"not_picked":["ats:Rat Pack","ats:Calcification"],"picked":"ats:Dogmatic Field","floor":30},{"not_picked":["ats:Leaping Hammer+1","ats:Cat Scratch+1","ats:Closed Bolt Burst Fire+1"],"picked":"SKIP","floor":31},{"not_picked":["ats:Durian","ats:Echo Reverb"],"picked":"ats:Rat Pack","floor":33},{"not_picked":["ats:Apocalypse","ats:Shell Defense","ats:Cat Scratch+1"],"picked":"SKIP","floor":35},{"not_picked":["ReplayTheSpireMod:Private Reserves","Panache"],"picked":"Thinking Ahead","floor":36},{"not_picked":["Bandage Up","Enlightenment"],"picked":"Secret Technique","floor":36},{"not_picked":["ats:Volcano+1","ats:Echo Reverb","ats:Fractured Body"],"picked":"SKIP","floor":40},{"not_picked":["ats:Shell Defense","ats:Ignite+1","ats:Revitalization+1"],"picked":"SKIP","floor":41},{"not_picked":["ats:Fractured Body","ats:Rat Pack","ats:Roar Of Ursus"],"picked":"SKIP","floor":44},{"not_picked":["ats:Fractured Body","ats:Wolf Pack+1"],"picked":"ats:Rat Pack","floor":46},{"not_picked":["ats:Wolf Pack+1","ats:Ambush","ats:Calcification"],"picked":"SKIP","floor":48},{"not_picked":["ats:Nebulous Foxfire","ats:Roar Of Ursus","ats:Disruption Kick+1"],"picked":"SKIP","floor":55}],"player_experience":38043,"relics_obtained":[{"floor":5.0,"key":"ats:Rhine Circuitry"},{"floor":6.0,"key":"ats:Originium"},{"floor":6.0,"key":"Iron Hammer"},{"floor":7.0,"key":"ats:Originium"},{"floor":7.0,"key":"Mastiff:ReiMu"},{"floor":8.0,"key":"ats:Originium"},{"floor":8.0,"key":"War Paint"},{"floor":9.0,"key":"Mummified Hand"},{"floor":10.0,"key":"Pondfish Scales"},{"floor":11.0,"key":"Replay:Kaleidoscope"},{"floor":14.0,"key":"ats:Emergency Defibrillator"},{"floor":23.0,"key":"CrazyTorch:ReiMu"},{"floor":24,"key":"Molten Egg 2"},{"floor":25,"key":"CeramicFish"},{"floor":26,"key":"Toy Ornithopter"},{"floor":26,"key":"White Beast Statue"},{"floor":27,"key":"Incense Burner"},{"floor":28,"key":"Replay:Multitool"},{"floor":28,"key":"Bottled Tornado"},{"floor":29,"key":"Sundial"},{"floor":30,"key":"Divine Protection"},{"floor":38,"key":"Counterbalance"},{"floor":40,"key":"Du-Vu Doll"},{"floor":43,"key":"Pen Nib"},{"floor":44,"key":"ats:Gyao"},{"floor":46,"key":"Calipers"},{"floor":48,"key":"Omamori"},{"floor":49,"key":"ats:Spiritual Recovery"},{"floor":53,"key":"Golden Egg"},{"floor":55,"key":"ats:Ability Aura"}],"event_choices":[{"damage_healed":0.0,"max_hp_gain":0.0,"max_hp_loss":0.0,"gold_gain":0.0,"event_name":"yidonshenshe","player_choice":"»˚«Æ","floor":2.0,"gold_loss":60.0,"damage_taken":0.0,"relics_obtained":["PaintedHorse:ReiMu"]},{"damage_healed":0.0,"max_hp_gain":0.0,"max_hp_loss":0.0,"gold_gain":0.0,"cards_transformed":["ats:Strike G"],"event_name":"Living Wall","player_choice":"Change","floor":4.0,"gold_loss":0.0,"damage_taken":0.0,"cards_obtained":["ats:Ambush"]},{"damage_healed":0.0,"max_hp_gain":5.0,"max_hp_loss":0.0,"gold_gain":0.0,"event_name":"Forgotten Altar","player_choice":"Shed Blood","floor":20.0,"gold_loss":0.0,"damage_taken":25.0},{"damage_healed":0,"gold_gain":0,"player_choice":"Fight","damage_taken":0,"max_hp_gain":0,"max_hp_loss":0,"event_name":"Colosseum","floor":28,"gold_loss":0},{"damage_healed":0,"gold_gain":0,"player_choice":"Fought Nobs","damage_taken":0,"max_hp_gain":0,"max_hp_loss":0,"event_name":"Colosseum","floor":28,"gold_loss":0},{"damage_healed":0,"gold_gain":0,"player_choice":"Memory 3","damage_taken":10,"max_hp_gain":0,"max_hp_loss":0,"event_name":"SensoryStone","floor":36,"gold_loss":0},{"damage_healed":0,"gold_gain":0,"player_choice":"Fight","damage_taken":0,"max_hp_gain":0,"max_hp_loss":0,"event_name":"MindBloom","floor":38,"gold_loss":0}],"is_beta":false,"boss_relics":[{"not_picked":["Sozu","Black Star"],"picked":"Fusion Hammer"},{"not_picked":["Honey Jar","Ring of Chaos"],"picked":"Philosopher\u0027s Stone"}],"items_purged_floors":[],"is_endless":false,"potions_floor_spawned":[3,8,16,18,19,23,25,27,28,28,29,30,31,33,35,38,40,41,44,46,48,55],"ascension_level":20}}