{"host":"2461dio7vetlq1z3","time":1609336727,"event":{"mods":["2.2 Compatiblity","AchievementEnabler","Aspiration","BaseMod","Better Third Choice","Friendly Minions","Hermit","Minty Spire (QoL Compilation)","Relic Stats","Spicy Shops","StSLib","The Hierophant","Waifu the Spire"],"gold_per_floor":[109,109,109,129,147,162,162,174,201,239,250,291,291,344,344,446,446,446,7,7,0,0,0,0,0,0,0,0,0,0],"floor_reached":29,"playtime":1429,"items_purged":["Strike_P"],"score":526,"play_id":"c22bc78f-018a-4039-882e-334c2c1a8b8f","local_time":"20201230145847","is_ascension_mode":true,"campfire_choices":[{"data":"Wallop","floor":7,"key":"SMITH"},{"data":"WaveOfTheHand","floor":15,"key":"SMITH"},{"floor":23,"key":"REST"}],"circlet_count":0,"master_deck":["AscendersBane","Strike_P","Strike_P","Strike_P","Defend_P+1","Defend_P+1","Defend_P","Defend_P","Eruption","Vigilance","CutThroughFate","Wallop+1","WheelKick","EmptyBody","DevaForm","EmptyFist","WaveOfTheHand+1","ThirdEye","Brilliance","MentalFortress","EmptyMind","The Bomb","FlurryOfBlows","Wallop+1","Protect","Shame","WheelKick","Ghostly","Ghostly","Ghostly"],"relics":["PureWater","Blood Vial","CeramicFish","Question Card","Lantern","Golden Idol","Boot","Ectoplasm","aspiration:RitualStick","Bag of Preparation","CaptainsWheel"],"acts_visited":["Exordium","TheCity"],"potions_floor_usage":[10,12,16,24,29,29],"damage_taken":[{"damage":12,"enemies":"Small Slimes","floor":1,"turns":3},{"damage":0,"enemies":"Jaw Worm","floor":4,"turns":3},{"damage":0,"enemies":"Cultist","floor":5,"turns":2},{"damage":0,"enemies":"Blue Slaver","floor":6,"turns":5},{"damage":0,"enemies":"Looter","floor":8,"turns":3},{"damage":12,"enemies":"3 Sentries","floor":10,"turns":6},{"damage":0,"enemies":"2 Fungi Beasts","floor":11,"turns":3},{"damage":20,"enemies":"Gremlin Nob","floor":12,"turns":4},{"damage":15,"enemies":"3 Sentries","floor":14,"turns":11},{"damage":4,"enemies":"The Guardian","floor":16,"turns":13},{"damage":20,"enemies":"Shell Parasite","floor":18,"turns":5},{"damage":1,"enemies":"2 Thieves","floor":21,"turns":3},{"damage":19,"enemies":"Book of Stabbing","floor":24,"turns":6},{"damage":5,"enemies":"Snake Plant","floor":27,"turns":5},{"damage":20,"enemies":"Gremlin Leader","floor":29,"turns":7}],"seed_played":"-4247931811939228830","potions_obtained":[{"floor":1,"key":"Strength Potion"},{"floor":4,"key":"SpeedPotion"},{"floor":5,"key":"Fire Potion"},{"floor":14,"key":"BottledMiracle"},{"floor":16,"key":"Strength Potion"},{"floor":21,"key":"SteroidPotion"},{"floor":24,"key":"Explosive Potion"}],"is_trial":false,"path_per_floor":["M","?","?","M","M","M","R","M","T","E","M","E","?","E","R","B",null,"M","$","?","M","?","R","E","?","T","M","?","E"],"character_chosen":"WATCHER","items_purchased":["EmptyMind","The Bomb","FlurryOfBlows"],"campfire_rested":1,"item_purchase_floors":[19,19,19],"current_hp_per_floor":[51,31,53,55,57,59,59,61,61,51,53,35,35,22,22,20,52,34,34,34,35,19,37,20,20,20,17,17,0,0],"gold":0,"neow_bonus":"RANDOM_COMMON_RELIC","is_daily":false,"chose_seed":false,"campfire_upgraded":2,"win_rate":0.0,"timestamp":1609336727,"path_taken":["M","?","?","M","M","M","R","M","T","E","M","E","?","E","R","BOSS","M","$","?","?","?","R","E","?","T","M","?","E"],"items_purchased_type":["Card","Card","Card"],"build_version":"2020-12-22","purchased_purges":1,"victory":false,"max_hp_per_floor":[68,68,68,68,68,68,68,68,68,68,68,68,62,62,62,62,62,62,62,62,62,62,62,62,62,62,62,31,31,31],"relic_stats":{"Blood Vial":30,"counters":[15,79],"Golden Idol":45,"CeramicFish":36,"Ectoplasm":189,"Bag of Preparation":[4],"Question Card":8,"Boot":[14],"obtain_stats":[{"Blood Vial":0,"Lantern":12,"CaptainsWheel":26,"Golden Idol":13,"CeramicFish":9,"Ectoplasm":17,"Bag of Preparation":24,"PureWater":0,"Question Card":10,"Boot":14,"aspiration:RitualStick":22},{"Blood Vial":0,"Lantern":8,"CaptainsWheel":13,"Golden Idol":8,"CeramicFish":5,"Ectoplasm":10,"Bag of Preparation":13,"PureWater":0,"Question Card":6,"Boot":9,"aspiration:RitualStick":12},{"Blood Vial":0,"Lantern":29,"CaptainsWheel":67,"Golden Idol":29,"CeramicFish":16,"Ectoplasm":53,"Bag of Preparation":67,"PureWater":0,"Question Card":22,"Boot":40,"aspiration:RitualStick":61}],"aspiration:RitualStick":[0]},"card_choices":[{"not_picked":["Worship","SashWhip"],"picked":"CutThroughFate","floor":1},{"not_picked":["Vengeance","CrushJoints"],"picked":"Wallop","floor":4},{"not_picked":["Pray","Worship"],"picked":"WheelKick","floor":5},{"not_picked":["Crescendo","SashWhip"],"picked":"EmptyBody","floor":6},{"not_picked":["ClearTheMind","WheelKick"],"picked":"DevaForm","floor":8},{"not_picked":["JustLucky","FollowUp"],"picked":"EmptyFist","floor":10},{"not_picked":["JustLucky","Evaluate","PathToVictory","Collect"],"picked":"SKIP","floor":11},{"not_picked":["ThirdEye","FollowUp","ReachHeaven"],"picked":"WaveOfTheHand","floor":12},{"not_picked":["Evaluate","Adaptation","JustLucky"],"picked":"ThirdEye","floor":14},{"not_picked":["Devotion","SpiritShield","Establishment"],"picked":"Brilliance","floor":16},{"not_picked":["FollowUp","Protect","ClearTheMind+1"],"picked":"MentalFortress","floor":18},{"not_picked":["SashWhip","EmptyBody","Prostrate+1"],"picked":"Protect","floor":21},{"not_picked":["Consecrate","ThirdEye","EmptyFist","FollowUp"],"picked":"SKIP","floor":24},{"not_picked":["SashWhip","Consecrate","Conclude"],"picked":"WheelKick","floor":27}],"player_experience":1000400,"relics_obtained":[{"floor":9,"key":"CeramicFish"},{"floor":10,"key":"Question Card"},{"floor":12,"key":"Lantern"},{"floor":14,"key":"Boot"},{"floor":24,"key":"Bag of Preparation"},{"floor":26,"key":"CaptainsWheel"}],"event_choices":[{"damage_healed":51,"gold_gain":0,"player_choice":"Upgrade","damage_taken":20,"max_hp_gain":0,"max_hp_loss":68,"event_name":"betterThird:BetterShining","floor":2,"gold_loss":0,"cards_upgraded":["Defend_P","Defend_P"]},{"damage_healed":22,"gold_gain":0,"player_choice":"Banana","damage_taken":0,"max_hp_gain":0,"max_hp_loss":0,"event_name":"Big Fish","floor":3,"gold_loss":0},{"damage_healed":0,"gold_gain":0,"player_choice":"Lose Max HP","damage_taken":0,"relics_obtained":["Golden Idol"],"max_hp_gain":0,"max_hp_loss":6,"event_name":"Golden Idol","floor":13,"gold_loss":0},{"damage_healed":0,"gold_gain":0,"player_choice":"Copied","damage_taken":0,"max_hp_gain":0,"max_hp_loss":0,"event_name":"Duplicator","floor":20,"gold_loss":0,"cards_obtained":["Wallop"]},{"damage_healed":0,"gold_gain":0,"player_choice":"Became a Ghost","damage_taken":0,"max_hp_gain":0,"max_hp_loss":31,"event_name":"Ghosts","floor":28,"gold_loss":0,"cards_obtained":["Ghostly","Ghostly","Ghostly"]}],"is_beta":false,"boss_relics":[{"not_picked":["aspiration:PoetsPen_weak","Velvet Choker"],"picked":"Ectoplasm"}],"items_purged_floors":[19],"is_endless":false,"potions_floor_spawned":[1,4,5,6,14,16,21,24],"killed_by":"Gremlin Leader","ascension_level":20}}