{"host":"2461dio7vetlq1z3","time":1609356888,"event":{"mods":["2.2 Compatiblity","AchievementEnabler","Aspiration","BaseMod","Better Third Choice","Friendly Minions","Hermit","Minty Spire (QoL Compilation)","Relic Stats","Spicy Shops","StSLib","The Hierophant","Waifu the Spire"],"gold_per_floor":[116,116,116,116,126,160,160,190,190,18,18,48,62,62,62,135,185,224,224,240,82,124,124,153,202,202,213,213,224,47,80,80,156,156,205,42,42,85,140,140,170,170,170,170,242,252,306,398,398,398,398,398,398,100,135,135,135],"floor_reached":56,"playtime":3339,"items_purged":["Defend_P","Defend_P+1","Consecrate+1"],"score":2172,"play_id":"130472aa-f14e-4169-882c-649a6094a449","local_time":"20201230203448","is_ascension_mode":true,"campfire_choices":[{"data":"Vigilance","floor":7,"key":"SMITH"},{"data":"Conclude","floor":11,"key":"SMITH"},{"floor":15,"key":"RECALL"},{"data":"Wish","floor":23,"key":"SMITH"},{"floor":28,"key":"REST"},{"data":"LikeWater","floor":32,"key":"SMITH"},{"data":"DeusExMachina","floor":40,"key":"SMITH"},{"data":"Wish","floor":42,"key":"SMITH"},{"data":"Master of Strategy","floor":44,"key":"SMITH"},{"floor":49,"key":"REST"},{"floor":53,"key":"REST"}],"circlet_count":0,"master_deck":["AscendersBane","Defend_P+1","Eruption+1","Vigilance+1","FlurryOfBlows+1","Conclude+1","aspiration:Lunge+1","Endless Agony+1","Heel Hook+1","EmptyFist+1","CutThroughFate+1","EmptyFist+1","LessonLearned+1","ClearTheMind+1","ThirdEye+1","Wish+1","LikeWater+1","FearNoEvil+1","Tantrum+1","CutThroughFate+1","LikeWater+1","Halt+1","FlurryOfBlows+1","WaveOfTheHand+1","Wallop+1","LikeWater+1","DeusExMachina+1","Wallop+1","Master of Strategy+1","Madness+1","EmptyBody+1","Wish+1","Protect+1","Scrawl+1","Wallop+1"],"relics":["PureWater","Molten Egg 2","Whetstone","Gremlin Horn","Toy Ornithopter","Gambling Chip","Tiny House","Pantograph","aspiration:FetidBarrel","Strawberry","Sozu","DollysMirror","FossilizedHelix","Bag of Preparation","Torii","Juzu Bracelet","Frozen Eye","Bronze Scales"],"acts_visited":["Exordium","TheCity","TheBeyond","TheEnding"],"potions_floor_usage":[6,22,24,31,33,56],"damage_taken":[{"damage":0,"enemies":"Jaw Worm","floor":1,"turns":3},{"damage":0,"enemies":"2 Louse","floor":5,"turns":3},{"damage":0,"enemies":"3 Sentries","floor":6,"turns":1},{"damage":0,"enemies":"Lagavulin","floor":8,"turns":3},{"damage":0,"enemies":"3 Sentries","floor":12,"turns":2},{"damage":0,"enemies":"Small Slimes","floor":13,"turns":1},{"damage":27,"enemies":"Hexaghost","floor":16,"turns":4},{"damage":4,"enemies":"Chosen","floor":18,"turns":5},{"damage":1,"enemies":"2 Thieves","floor":20,"turns":3},{"damage":20,"enemies":"Shelled Parasite and Fungi","floor":22,"turns":3},{"damage":0,"enemies":"Slavers","floor":24,"turns":1},{"damage":28,"enemies":"Snecko","floor":25,"turns":6},{"damage":6,"enemies":"Centurion and Healer","floor":27,"turns":3},{"damage":0,"enemies":"Chosen and Byrds","floor":29,"turns":2},{"damage":7,"enemies":"Book of Stabbing","floor":31,"turns":3},{"damage":14,"enemies":"Automaton","floor":33,"turns":6},{"damage":0,"enemies":"3 Shapes","floor":35,"turns":3},{"damage":0,"enemies":"3 Darklings","floor":38,"turns":3},{"damage":18,"enemies":"Mind Bloom Boss Battle","floor":39,"turns":7},{"damage":0,"enemies":"Reptomancer","floor":41,"turns":3},{"damage":15,"enemies":"Transient","floor":45,"turns":6},{"damage":0,"enemies":"Sphere and 2 Shapes","floor":46,"turns":3},{"damage":0,"enemies":"2 Orb Walkers","floor":47,"turns":1},{"damage":25,"enemies":"Giant Head","floor":48,"turns":12},{"damage":15,"enemies":"Time Eater","floor":50,"turns":11},{"damage":51,"enemies":"Awakened One","floor":51,"turns":11},{"damage":31,"enemies":"Shield and Spear","floor":55,"turns":4},{"damage":84,"enemies":"The Heart","floor":56,"turns":8}],"seed_played":"-1187496413151055800","potions_obtained":[{"floor":1,"key":"Energy Potion"},{"floor":5,"key":"SteroidPotion"},{"floor":8,"key":"Fire Potion"},{"floor":16,"key":"SteroidPotion"},{"floor":25,"key":"FearPotion"},{"floor":29,"key":"Ambrosia"},{"floor":31,"key":"Fire Potion"},{"floor":33,"key":"StancePotion"}],"is_trial":false,"path_per_floor":["M","?","?","?","M","E","R","E","T","$","R","E","M","?","R","B",null,"M","?","M","$","M","R","E","M","T","M","R","M","$","E","R","B",null,"M","$","?","M","?","R","E","R","T","R","M","M","?","E","R","B","B",null,"R","$","E","B"],"character_chosen":"WATCHER","items_purchased":["LessonLearned+1","LikeWater","LikeWater","DollysMirror","Frozen Eye"],"campfire_rested":3,"item_purchase_floors":[10,21,30,36,54],"current_hp_per_floor":[61,61,61,61,61,61,61,61,61,61,61,61,61,61,61,34,65,61,61,60,60,45,45,50,22,22,16,37,37,37,42,42,58,75,75,75,65,65,62,62,62,62,62,62,47,47,47,22,46,56,29,67,80,80,49,0,0],"gold":135,"neow_bonus":"TRANSFORM_CARD","is_daily":false,"chose_seed":false,"campfire_upgraded":7,"win_rate":0.0,"timestamp":1609356888,"path_taken":["M","?","?","?","?","E","R","E","T","$","R","E","M","?","R","BOSS","M","?","M","$","M","R","E","M","T","M","R","M","$","E","R","BOSS","M","$","?","M","?","R","E","R","T","R","?","M","?","E","R","BOSS","BOSS","R","$","E","BOSS"],"items_purchased_type":["Card","Card","Card","Relic","Relic"],"build_version":"2020-12-22","purchased_purges":3,"victory":false,"max_hp_per_floor":[68,68,68,68,68,68,68,68,68,68,68,68,68,68,68,68,73,73,73,73,73,73,73,73,73,73,73,73,73,73,80,80,80,80,80,80,80,80,80,80,80,80,80,80,80,80,80,80,80,80,80,80,80,80,80,80,80],"relic_stats":{"Sozu":3,"Gremlin Horn":[21,20],"Torii":54,"counters":[28,121],"Gambling Chip":[76],"Pantograph":114,"Bronze Scales":[96],"Bag of Preparation":[17],"Juzu Bracelet":0,"Whetstone":["FlurryOfBlows","Eruption"],"obtain_stats":[{"Tiny House":17,"Gremlin Horn":8,"Torii":47,"aspiration:FetidBarrel":26,"Bag of Preparation":41,"Juzu Bracelet":48,"Whetstone":6,"Sozu":34,"Frozen Eye":54,"DollysMirror":36,"Gambling Chip":12,"Pantograph":24,"Strawberry":31,"Bronze Scales":55,"Molten Egg 2":2,"PureWater":0,"Toy Ornithopter":9,"FossilizedHelix":39},{"Tiny House":7,"Gremlin Horn":4,"Torii":23,"aspiration:FetidBarrel":12,"Bag of Preparation":20,"Juzu Bracelet":24,"Whetstone":3,"Sozu":16,"Frozen Eye":26,"DollysMirror":17,"Gambling Chip":5,"Pantograph":11,"Strawberry":15,"Bronze Scales":27,"Molten Egg 2":1,"PureWater":0,"Toy Ornithopter":4,"FossilizedHelix":19},{"Tiny House":17,"Gremlin Horn":10,"Torii":75,"aspiration:FetidBarrel":35,"Bag of Preparation":65,"Juzu Bracelet":87,"Whetstone":7,"Sozu":49,"Frozen Eye":109,"DollysMirror":52,"Gambling Chip":12,"Pantograph":29,"Strawberry":43,"Bronze Scales":113,"Molten Egg 2":3,"PureWater":0,"Toy Ornithopter":10,"FossilizedHelix":62}],"Toy Ornithopter":25},"card_choices":[{"not_picked":["Wireheading","EmptyMind"],"picked":"Conclude","floor":1},{"not_picked":["Meditate","FlyingSleeves+1"],"picked":"CutThroughFate+1","floor":5},{"not_picked":["EmptyBody","PathToVictory"],"picked":"EmptyFist+1","floor":6},{"not_picked":["ThirdEye","Conclude+1"],"picked":"Consecrate+1","floor":8},{"not_picked":["Evaluate","ThirdEye"],"picked":"ClearTheMind","floor":12},{"not_picked":["ClearTheMind","Evaluate"],"picked":"ThirdEye","floor":13},{"not_picked":["Brilliance+1","DevaForm"],"picked":"Wish","floor":16},{"not_picked":["Protect","FollowUp+1"],"picked":"LikeWater","floor":17},{"not_picked":["ClearTheMind","Sanctity"],"picked":"FearNoEvil+1","floor":18},{"not_picked":["EmptyBody","FearNoEvil+1"],"picked":"CutThroughFate+1","floor":20},{"not_picked":["Crescendo","JustLucky+1"],"picked":"Halt","floor":22},{"not_picked":["ReachHeaven+1","CutThroughFate+1"],"picked":"FlurryOfBlows+1","floor":24},{"not_picked":["Conclude+1","Sanctity+1"],"picked":"WaveOfTheHand","floor":25},{"not_picked":["Wish","EmptyFist+1"],"picked":"Wallop+1","floor":27},{"not_picked":["WreathOfFlame","Swivel","Worship"],"picked":"SKIP","floor":29},{"not_picked":["ClearTheMind","CrushJoints+1","JustLucky+1"],"picked":"SKIP","floor":31},{"not_picked":["Scrawl","ConjureBlade"],"picked":"DeusExMachina","floor":33},{"not_picked":["ThirdEye","Consecrate+1","CrushJoints+1"],"picked":"SKIP","floor":35},{"not_picked":["Blind","Good Instincts"],"picked":"Master of Strategy","floor":37},{"not_picked":["HandOfGreed+1","Mind Blast+1"],"picked":"Madness","floor":37},{"not_picked":["WaveOfTheHand","SashWhip+1"],"picked":"EmptyBody+1","floor":38},{"not_picked":["ReachHeaven+1","EmptyMind+1"],"picked":"Wish","floor":41},{"not_picked":["Swivel","CutThroughFate+1","Pray"],"picked":"SKIP","floor":45},{"not_picked":["Worship","ThirdEye"],"picked":"Protect+1","floor":46},{"not_picked":["ThirdEye","WindmillStrike+1"],"picked":"Scrawl","floor":48},{"not_picked":["Sanctity","FearNoEvil+1"],"picked":"Wallop+1","floor":55}],"player_experience":1018113,"relics_obtained":[{"floor":6,"key":"Whetstone"},{"floor":8,"key":"Gremlin Horn"},{"floor":9,"key":"Toy Ornithopter"},{"floor":12,"key":"Gambling Chip"},{"floor":24,"key":"Pantograph"},{"floor":26,"key":"aspiration:FetidBarrel"},{"floor":31,"key":"Strawberry"},{"floor":39,"key":"FossilizedHelix"},{"floor":41,"key":"Bag of Preparation"},{"floor":47,"key":"Torii"},{"floor":48,"key":"Juzu Bracelet"},{"floor":55,"key":"Bronze Scales"}],"event_choices":[{"damage_healed":0,"gold_gain":0,"cards_transformed":["Defend_P"],"player_choice":"Transformed","damage_taken":0,"max_hp_gain":0,"max_hp_loss":0,"event_name":"Transmorgrifier","floor":4,"gold_loss":0,"cards_obtained":["EmptyFist"]},{"cards_removed":["Injury"],"damage_healed":0,"gold_gain":0,"player_choice":"Card Removal","damage_taken":0,"max_hp_gain":0,"max_hp_loss":0,"event_name":"Wheel of Change","floor":14,"gold_loss":0},{"damage_healed":0,"gold_gain":0,"player_choice":"Read","damage_taken":0,"max_hp_gain":0,"max_hp_loss":0,"event_name":"The Library","floor":19,"gold_loss":0,"cards_obtained":["Tantrum"]},{"damage_healed":0,"gold_gain":0,"player_choice":"Memory 3","damage_taken":10,"max_hp_gain":0,"max_hp_loss":0,"event_name":"SensoryStone","floor":37,"gold_loss":0},{"damage_healed":0,"gold_gain":0,"player_choice":"Fight","damage_taken":0,"max_hp_gain":0,"max_hp_loss":0,"event_name":"MindBloom","floor":39,"gold_loss":0},{"damage_healed":0,"gold_gain":0,"player_choice":"Fight","damage_taken":0,"max_hp_gain":0,"max_hp_loss":0,"event_name":"Mysterious Sphere","floor":47,"gold_loss":0}],"is_beta":false,"boss_relics":[{"not_picked":["aspiration:DefectSkillbook","aspiration:SecretTechniqueScroll"],"picked":"Tiny House"},{"not_picked":["aspiration:RitualDagger","aspiration:PoetsPen_weak"],"picked":"Sozu"}],"items_purged_floors":[21,30,54],"is_endless":false,"potions_floor_spawned":[1,5,8,16,25,29,31,33,41,45,46,55],"killed_by":"The Heart","ascension_level":20}}