{"host":"i0avyit1s6jb1siw","time":1609348109,"event":{"mods":["BaseMod","DeckTracker","Dota2Spire","Highlight Path","Minty Spire (QoL Compilation)","Quick Restart","Replay The Spire","StSLib","SuperFastMode"],"gold_per_floor":[17,17,17,68,79,79,113,113,138,152,152,152,152],"floor_reached":12,"playtime":294,"items_purged":[],"score":152,"play_id":"24463b67-e4dc-4a40-b4ea-ca7abcd518eb","local_time":"20201230180829","is_ascension_mode":true,"campfire_choices":[{"data":"Noxious Fumes","floor":6,"key":"SMITH"},{"floor":8,"key":"REST"}],"circlet_count":0,"master_deck":["AscendersBane","Strike_G","Strike_G","Strike_G","Strike_G","Defend_G","Defend_G","Defend_G","Defend_G","Defend_G","Survivor","Neutralize","Pot Of Greed","Pot Of Greed","Noxious Fumes+1","Poisoned Stab","Bane"],"relics":["Ring of the Snake","Replay:Towering Pillar of Hats","Grinning Jar","Replay:Wax Seal","ReplayTheSpireMod:Lightbulb","Dota2Spire:UrnOfShadows"],"acts_visited":["Exordium"],"potions_floor_usage":[12],"damage_taken":[{"damage":17,"enemies":"Cultist","floor":1,"turns":6},{"damage":2,"enemies":"Jaw Worm","floor":5,"turns":5},{"damage":24,"enemies":"3 Sentries","floor":7,"turns":7},{"damage":0,"enemies":"2 Louse","floor":10,"turns":3},{"damage":48,"enemies":"Gremlin Nob","floor":12,"turns":4}],"seed_played":"-3457297212019299681","potions_obtained":[{"floor":7,"key":"Block Potion"},{"floor":10,"key":"ColorlessPotion"}],"is_trial":false,"path_per_floor":["M","?","?","T","M","R","E","R","T","M","?","E"],"character_chosen":"THE_SILENT","items_purchased":[],"campfire_rested":1,"item_purchase_floors":[],"current_hp_per_floor":[42,35,40,40,38,38,14,35,35,35,35,0,0],"gold":152,"neow_bonus":"ONE_RARE_RELIC","is_daily":false,"chose_seed":false,"campfire_upgraded":1,"win_rate":0.0,"timestamp":1609348109,"path_taken":["M","?","?","?","M","R","E","R","T","M","?","E"],"items_purchased_type":[],"build_version":"2020-12-22","purchased_purges":0,"victory":false,"max_hp_per_floor":[66,66,71,71,71,71,71,71,71,71,71,71,71],"card_choices":[{"not_picked":["Backflip","Catalyst","Prepared"],"picked":"SKIP","floor":1},{"not_picked":["Dagger Spray","ReplayTheSpireMod:The Works"],"picked":"Noxious Fumes","floor":5},{"not_picked":["Quick Slash","Sneak Up"],"picked":"Poisoned Stab","floor":7},{"not_picked":["Toxin Wave","Prepared"],"picked":"Bane","floor":10}],"player_experience":2144491,"relics_obtained":[{"floor":4,"key":"Grinning Jar"},{"floor":7,"key":"Replay:Wax Seal"},{"floor":9,"key":"ReplayTheSpireMod:Lightbulb"}],"event_choices":[{"cards_removed":["Strike_G"],"damage_healed":0,"gold_gain":0,"player_choice":"Card Removal","damage_taken":7,"max_hp_gain":0,"max_hp_loss":0,"event_name":"Golden Wing","floor":2,"gold_loss":0},{"damage_healed":0,"gold_gain":0,"player_choice":"Donut","damage_taken":0,"max_hp_gain":5,"max_hp_loss":0,"event_name":"Big Fish","floor":3,"gold_loss":0},{"damage_healed":0,"gold_gain":0,"player_choice":"Gave Potion","damage_taken":0,"relics_obtained":["Dota2Spire:UrnOfShadows"],"max_hp_gain":0,"max_hp_loss":0,"event_name":"WeMeetAgain","floor":11,"gold_loss":0}],"is_beta":false,"boss_relics":[],"items_purged_floors":[],"is_endless":false,"potions_floor_spawned":[7,10],"killed_by":"Gremlin Nob","ascension_level":20}}