{"host":"fve2mjc52c1d2twu","time":1609340484,"event":{"mods":["AchievementEnabler","BaseMod","Colored Map","Colored Powertips","DeckTracker","Highlight Path","Minty Spire (QoL Compilation)","Quick Restart","Relic Stats","Slay-I"],"gold_per_floor":[115,128,7,7,0,34,34,0,26,41,69,81,81,81,81,177,177,196,111,44,55,154,154,183,183,207,132,167,186,197,20,20,117,117,130,147,164,177,15,46,46,59,59,91,108,108,108,31,31,31,31,31,31,57,57],"floor_reached":56,"playtime":11281,"items_purged":["Pain","Strike_G"],"score":1406,"play_id":"d7e30d33-8c58-409b-9055-e58539532224","local_time":"20201230160124","is_ascension_mode":true,"campfire_choices":[{"floor":7.0,"key":"RECALL"},{"data":"Catalyst","floor":15.0,"key":"SMITH"},{"data":"Malaise","floor":23.0,"key":"SMITH"},{"data":"Bane","floor":25.0,"key":"SMITH"},{"data":"Envenom","floor":32.0,"key":"SMITH"},{"data":"Night Terror","floor":41.0,"key":"SMITH"},{"data":"Burst","floor":46,"key":"SMITH"},{"data":"Leg Sweep","floor":49,"key":"SMITH"},{"data":"Survivor","floor":52,"key":"SMITH"}],"circlet_count":0,"master_deck":["Strike_G+1","Strike_G","Strike_G","Defend_G","Defend_G","Defend_G","Defend_G","Survivor+1","Neutralize","PiercingWail","Deadly Poison","Quick Slash+1","Dagger Throw","Deadly Poison","Crippling Poison","Catalyst+1","Leg Sweep+1","PiercingWail","Malaise+1","Crippling Poison+1","Noxious Fumes","Footwork+1","Bane+1","Envenom+1","Bane+1","Skewer","Tools of the Trade","Poisoned Stab","Bouncing Flask","Night Terror+1","Burst+1","Dash+1","Poisoned Stab+1","Tactician+1","Blur"],"relics":["Ring of the Snake","Ancient Tea Set","Thread and Needle","Mango","HoveringKite","InkBottle","Lizard Tail","Bag of Preparation","Snake Skull","Coffee Dripper","Ginger","Gremlin Horn","Boot","Anchor"],"acts_visited":["Exordium","TheCity","TheBeyond","TheEnding"],"potions_floor_usage":[50,54,54,55],"damage_taken":[{"damage":3.0,"enemies":"Cultist","floor":1.0,"turns":5.0},{"damage":1.0,"enemies":"Small Slimes","floor":2.0,"turns":4.0},{"damage":23.0,"enemies":"Lagavulin","floor":6.0,"turns":10.0},{"damage":0.0,"enemies":"2 Louse","floor":10.0,"turns":2.0},{"damage":9.0,"enemies":"3 Sentries","floor":11.0,"turns":10.0},{"damage":8.0,"enemies":"Large Slime","floor":12.0,"turns":8.0},{"damage":13.0,"enemies":"The Guardian","floor":16.0,"turns":8.0},{"damage":0.0,"enemies":"Spheric Guardian","floor":18.0,"turns":5.0},{"damage":5.0,"enemies":"3 Byrds","floor":21.0,"turns":6.0},{"damage":0.0,"enemies":"Gremlin Leader","floor":24.0,"turns":5.0},{"damage":0.0,"enemies":"Book of Stabbing","floor":28.0,"turns":6.0},{"damage":0.0,"enemies":"Snake Plant","floor":29.0,"turns":4.0},{"damage":0.0,"enemies":"Sentry and Sphere","floor":30.0,"turns":4.0},{"damage":19.0,"enemies":"Automaton","floor":33.0,"turns":8.0},{"damage":0.0,"enemies":"Orb Walker","floor":35.0,"turns":4.0},{"damage":1.0,"enemies":"3 Darklings","floor":36.0,"turns":4.0},{"damage":1.0,"enemies":"Writhing Mass","floor":37.0,"turns":5.0},{"damage":24.0,"enemies":"Spire Growth","floor":38.0,"turns":5.0},{"damage":0.0,"enemies":"Giant Head","floor":40.0,"turns":6.0},{"damage":1.0,"enemies":"4 Shapes","floor":42.0,"turns":5.0},{"damage":0.0,"enemies":"Nemesis","floor":44.0,"turns":5.0},{"damage":15,"enemies":"3 Darklings","floor":45,"turns":4},{"damage":39,"enemies":"Awakened One","floor":50,"turns":8},{"damage":2,"enemies":"Shield and Spear","floor":54,"turns":10},{"damage":85,"enemies":"The Heart","floor":55,"turns":10}],"seed_played":"6224457043058061997","potions_obtained":[{"floor":11.0,"key":"AttackPotion"},{"floor":12.0,"key":"Regen Potion"},{"floor":16.0,"key":"Dexterity Potion"},{"floor":21.0,"key":"SteroidPotion"},{"floor":24.0,"key":"FearPotion"},{"floor":33.0,"key":"Strength Potion"},{"floor":35.0,"key":"Strength Potion"},{"floor":37.0,"key":"GhostInAJar"},{"floor":38.0,"key":"ColorlessPotion"},{"floor":40.0,"key":"AttackPotion"},{"floor":45,"key":"ColorlessPotion"},{"floor":47,"key":"GhostInAJar"},{"floor":54,"key":"CunningPotion"}],"is_trial":false,"path_per_floor":["M","M","$","?","?","E","R","$","T","M","E","M","?","?","R","B",null,"M","?","$","M","?","R","E","R","T","?","E","M","M","$","R","B",null,"M","M","M","M","$","E","R","M","T","E","M","R","?","$","R","B",null,"R","$","E","B",null],"character_chosen":"THE_SILENT","items_purchased":["Dagger Throw","Crippling Poison","Noxious Fumes","LiquidMemories","Night Terror","Blur"],"campfire_rested":0,"item_purchase_floors":[3,8,20,31,39,48],"current_hp_per_floor":[67,66,66,63,63,40,40,40,40,40,45,37,42,24,24,26,89,89,89,89,84,84,84,84,84,84,84,84,84,84,84,84,65,89,89,88,87,63,63,63,63,62,62,62,47,47,47,47,47,8,89,89,89,87,2],"gold":57,"neow_bonus":"TRANSFORM_TWO_CARDS","is_daily":false,"chose_seed":false,"campfire_upgraded":8,"win_rate":0.0,"timestamp":1609340484,"path_taken":["M","?","?","?","?","E","R","$","T","M","E","M","?","?","R","BOSS","M","?","$","M","?","R","E","R","T","?","E","M","M","$","R","BOSS","M","M","M","M","$","E","R","M","T","E","M","R","?","$","R","BOSS","R","$","E","BOSS"],"items_purchased_type":["Card","Card","Card","Potion","Card","Card"],"build_version":"2020-12-22","purchased_purges":2,"victory":true,"max_hp_per_floor":[70,70,70,70,70,70,70,70,70,70,84,84,89,89,89,89,89,89,89,89,89,89,89,89,89,89,89,89,89,89,89,89,89,89,89,89,89,89,89,89,89,89,89,89,89,89,89,89,89,89,89,89,89,89,89],"relic_stats":{"Lizard Tail":0,"Gremlin Horn":[4,4],"counters":[25,151],"HoveringKite":[60],"Snake Skull":[254],"Bag of Preparation":[30],"Ginger":[2],"Boot":[16],"obtain_stats":[{"Gremlin Horn":43,"HoveringKite":17,"Thread and Needle":6,"Mango":11,"Snake Skull":28,"Bag of Preparation":26,"Ginger":40,"Ancient Tea Set":4,"Boot":44,"Lizard Tail":24,"Anchor":54,"Coffee Dripper":34,"InkBottle":19,"Ring of the Snake":0},{"Gremlin Horn":20,"HoveringKite":7,"Thread and Needle":3,"Mango":5,"Snake Skull":11,"Bag of Preparation":10,"Ginger":19,"Ancient Tea Set":2,"Boot":21,"Lizard Tail":10,"Anchor":24,"Coffee Dripper":14,"InkBottle":8,"Ring of the Snake":0},{"Gremlin Horn":114,"HoveringKite":47,"Thread and Needle":19,"Mango":31,"Snake Skull":69,"Bag of Preparation":63,"Ginger":109,"Ancient Tea Set":9,"Boot":119,"Lizard Tail":63,"Anchor":141,"Coffee Dripper":85,"InkBottle":52,"Ring of the Snake":0}],"InkBottle":[36],"Ring of the Snake":[50]},"card_choices":[{"not_picked":["Underhanded Strike","Outmaneuver"],"picked":"Quick Slash","floor":1.0},{"not_picked":["Slice","Backflip"],"picked":"Riddle With Holes","floor":2.0},{"not_picked":["Quick Slash","Backstab"],"picked":"Deadly Poison","floor":6.0},{"not_picked":["Heel Hook","Unload"],"picked":"Catalyst","floor":10.0},{"not_picked":["Backflip","Flying Knee"],"picked":"Leg Sweep","floor":11.0},{"not_picked":["Acrobatics","Sucker Punch"],"picked":"PiercingWail","floor":12.0},{"not_picked":["Glass Knife","Die Die Die"],"picked":"Malaise","floor":16.0},{"not_picked":["Endless Agony","Predator"],"picked":"Crippling Poison+1","floor":18.0},{"not_picked":["Well Laid Plans","Riddle With Holes+1"],"picked":"Footwork+1","floor":21.0},{"not_picked":["Flechettes","Expertise+1"],"picked":"Bane","floor":24.0},{"not_picked":["PiercingWail","Endless Agony+1"],"picked":"Envenom","floor":28.0},{"not_picked":["All Out Attack","Leg Sweep+1"],"picked":"Bane+1","floor":29.0},{"not_picked":["PiercingWail","Outmaneuver"],"picked":"Skewer","floor":30.0},{"not_picked":["Venomology","Unload"],"picked":"Tools of the Trade","floor":33.0},{"not_picked":["Deadly Poison","PiercingWail+1"],"picked":"Poisoned Stab","floor":35.0},{"not_picked":["Choke","Dagger Spray","Flying Knee"],"picked":"SKIP","floor":36.0},{"not_picked":["Choke+1","Sucker Punch"],"picked":"Bouncing Flask","floor":37.0},{"not_picked":["Quick Slash","Infinite Blades+1","Acrobatics"],"picked":"SKIP","floor":38.0},{"not_picked":["Deadly Poison+1","Bouncing Flask"],"picked":"Burst","floor":40.0},{"not_picked":["Backflip+1","Escape Plan"],"picked":"Dash+1","floor":42.0},{"not_picked":["Finisher+1","Slice"],"picked":"Poisoned Stab+1","floor":44},{"not_picked":["Masterful Stab+1","Dagger Throw"],"picked":"Tactician+1","floor":45},{"not_picked":["Bane","A Thousand Cuts","All Out Attack+1"],"picked":"SKIP","floor":54}],"player_experience":101517,"relics_obtained":[{"floor":6.0,"key":"Thread and Needle"},{"floor":11.0,"key":"Mango"},{"floor":24.0,"key":"Lizard Tail"},{"floor":26.0,"key":"Bag of Preparation"},{"floor":28.0,"key":"Snake Skull"},{"floor":40.0,"key":"Ginger"},{"floor":43.0,"key":"Gremlin Horn"},{"floor":44,"key":"Boot"},{"floor":54,"key":"Anchor"}],"event_choices":[{"damage_healed":0.0,"max_hp_gain":0.0,"max_hp_loss":0.0,"gold_gain":0.0,"event_name":"Scrap Ooze","player_choice":"Success","floor":4.0,"gold_loss":0.0,"damage_taken":3.0,"relics_obtained":["Ancient Tea Set"]},{"damage_healed":0.0,"max_hp_gain":0.0,"max_hp_loss":0.0,"gold_gain":0.0,"event_name":"World of Goop","player_choice":"Left Gold","floor":5.0,"gold_loss":7.0,"damage_taken":0.0},{"damage_healed":0.0,"max_hp_gain":5.0,"max_hp_loss":0.0,"gold_gain":0.0,"event_name":"Big Fish","player_choice":"Donut","floor":13.0,"gold_loss":0.0,"damage_taken":0.0},{"damage_healed":0.0,"max_hp_gain":0.0,"max_hp_loss":0.0,"gold_gain":0.0,"event_name":"Shining Light","player_choice":"Entered Light","floor":14.0,"gold_loss":0.0,"damage_taken":18.0,"cards_upgraded":["Quick Slash","Strike_G"]},{"damage_healed":0.0,"max_hp_gain":0.0,"max_hp_loss":0.0,"gold_gain":0.0,"event_name":"Addict","player_choice":"Obtained Relic","floor":19.0,"gold_loss":85.0,"damage_taken":0.0,"relics_obtained":["InkBottle"]},{"damage_healed":0.0,"max_hp_gain":0.0,"max_hp_loss":0.0,"gold_gain":99.0,"event_name":"Nest","player_choice":"Stole From Cult","floor":22.0,"gold_loss":0.0,"damage_taken":0.0},{"cards_removed":["Riddle With Holes"],"damage_healed":0.0,"max_hp_gain":0.0,"max_hp_loss":0.0,"gold_gain":0.0,"event_name":"Beggar","player_choice":"Gave Gold","floor":27.0,"gold_loss":75.0,"damage_taken":0.0},{"damage_healed":0,"gold_gain":0,"player_choice":"Got Potions","damage_taken":0,"max_hp_gain":0,"max_hp_loss":0,"event_name":"Lab","floor":47,"gold_loss":0}],"is_beta":false,"boss_relics":[{"not_picked":["Snecko Eye","Busted Crown"],"picked":"HoveringKite"},{"not_picked":["WristBlade","Philosopher\u0027s Stone"],"picked":"Coffee Dripper"}],"items_purged_floors":[3,31],"is_endless":false,"potions_floor_spawned":[11,12,16,21,24,33,35,37,38,40,45,54],"ascension_level":1}}