{"host":"j3h0p3l2xgzxhnx7","time":1609302622,"event":{"mods":["BaseMod","Luminous","Marisa????????","Minty Spire (QoL Compilation)","Remilia??????","StSLib","The Bug Knight","The Cursed","The Servant 0.9.4"],"gold_per_floor":[110,110,128,128,128,128,162,179,260,275,275,297,297,35,35,131,131,151,151,151,151,7,7,7,25,25,25,25,42,42,52,52,148,148,159,177,177,194,194,228,228,246,269,289,289,308,328,328,328,328],"floor_reached":51,"playtime":1898,"items_purged":[],"score":725,"play_id":"b9ce256b-6319-416c-8dc4-80131e1003dc","local_time":"20201230123022","is_ascension_mode":false,"campfire_choices":[{"data":"Luminous:Balance_Death_Scythe","floor":6,"key":"SMITH"},{"data":"Luminous:Photic_Meditation_Luminous","floor":11,"key":"SMITH"},{"floor":13,"key":"REST"},{"data":"Luminous:Light_Reflection","floor":15,"key":"SMITH"},{"data":"Luminous:Light_Gather","floor":23,"key":"SMITH"},{"data":"Luminous:Concentrate_Luminous","floor":28,"key":"SMITH"},{"data":"Luminous:Accumulation_Luminous","floor":32,"key":"SMITH"},{"data":"Luminous:Lania_Blessing_Luminous","floor":41,"key":"SMITH"},{"data":"Luminous:Light_Flash_Shower","floor":49,"key":"SMITH"}],"circlet_count":0,"master_deck":["Luminous:Light_Flash_Shower","Luminous:Light_Flash_Shower","Luminous:Light_Flash_Shower+1","Luminous:Dark_Abyssal_Drop","Luminous:Dark_Abyssal_Drop","Luminous:Dark_Abyssal_Drop","Luminous:Defend_Luminous","Luminous:Defend_Luminous","Luminous:Defend_Luminous","Luminous:Defend_Luminous","Luminous:Light_Gather+1","Luminous:Balance_Death_Scythe+1","Luminous:Concentrate_Luminous+1","Luminous:Photic_Meditation_Luminous+1","Luminous:Light_Reflection+1","Luminous:Light_Glare+1","Luminous:Light_Spectral_Light+1","Luminous:Tune_Luminous+1","Luminous:Balance_Ender+1","Luminous:Accumulation_Luminous+1","Luminous:Lania_Blessing_Luminous+1","Luminous:Dark_Moonlight_Spear+1","Luminous:Light_Track+1","Luminous:Light_Disperse+1","Panache","Luminous:Balance_Death_Scythe","Luminous:Hero_Will_Luminous+1","Luminous:Concentrate_Luminous+1","Luminous:Flash_Blink_Luminous+1","Luminous:Magic_Accelerate_Luminous+1"],"relics":["Luminous:MirrorRelic","NeowsBlessing","HollowMod:PaleOreRelic","Shuriken","Odd Mushroom","Bottled Tornado","Snecko Eye","Burning Blood","Darkstone Periapt","Medical Kit","Bottled Flame","Philosopher\u0027s Stone","FossilizedHelix","Bag of Preparation"],"acts_visited":["Exordium","TheCity","TheBeyond"],"potions_floor_usage":[16,16,18,33,40,40,50],"damage_taken":[{"damage":0,"enemies":"Jaw Worm","floor":1,"turns":1},{"damage":0,"enemies":"Cultist","floor":3,"turns":1},{"damage":0,"enemies":"3 Sentries","floor":7,"turns":1},{"damage":3,"enemies":"2 Louse","floor":8,"turns":2},{"damage":10,"enemies":"Looter","floor":10,"turns":3},{"damage":6,"enemies":"The Mushroom Lair","floor":12,"turns":2},{"damage":49,"enemies":"Hexaghost","floor":16,"turns":8},{"damage":5,"enemies":"3 Byrds","floor":18,"turns":2},{"damage":24,"enemies":"Spheric Guardian","floor":25,"turns":4},{"damage":10,"enemies":"Cultist and Chosen","floor":29,"turns":3},{"damage":2,"enemies":"3 Cultists","floor":31,"turns":4},{"damage":69,"enemies":"Automaton","floor":33,"turns":7},{"damage":25,"enemies":"3 Shapes","floor":35,"turns":2},{"damage":11,"enemies":"Orb Walker","floor":36,"turns":2},{"damage":1,"enemies":"Writhing Mass","floor":38,"turns":7},{"damage":4,"enemies":"Giant Head","floor":40,"turns":7},{"damage":0,"enemies":"Transient","floor":42,"turns":5},{"damage":23,"enemies":"Spire Growth","floor":44,"turns":3},{"damage":0,"enemies":"Maw","floor":46,"turns":7},{"damage":0,"enemies":"Jaw Worm Horde","floor":47,"turns":2},{"damage":54,"enemies":"Time Eater","floor":50,"turns":14}],"seed_played":"323097743926644980","potions_obtained":[{"floor":3,"key":"Ancient Potion"},{"floor":8,"key":"AttackPotion"},{"floor":12,"key":"Explosive Potion"},{"floor":16,"key":"Fire Potion"},{"floor":24,"key":"SteroidPotion"},{"floor":24,"key":"SpeedPotion"},{"floor":33,"key":"SteroidPotion"},{"floor":36,"key":"AttackPotion"},{"floor":44,"key":"Weak Potion"},{"floor":46,"key":"GamblersBrew"}],"is_trial":false,"path_per_floor":["M","?","M","?","?","R","E","M","T","M","R","?","R","$","R","B",null,"M","?","?","?","$","R","?","M","T","$","R","M","?","M","R","B",null,"M","M","?","M","?","E","R","M","T","M","?","M","M","?","R","B",null],"character_chosen":"LuminousClass","items_purchased":["Bottled Tornado","Medical Kit"],"campfire_rested":1,"item_purchase_floors":[14,22],"current_hp_per_floor":[75,75,75,75,80,80,80,77,77,67,67,64,80,80,80,32,80,75,75,75,75,75,75,75,63,63,63,63,59,59,69,69,12,80,61,59,59,80,80,80,80,80,80,68,68,80,80,76,76,46],"gold":328,"neow_bonus":"THREE_ENEMY_KILL","is_daily":false,"chose_seed":false,"campfire_upgraded":8,"win_rate":0.0,"timestamp":1609302622,"path_taken":["M","?","?","?","?","R","E","M","T","M","R","?","R","?","R","BOSS","M","?","?","?","$","R","?","?","T","$","R","M","?","M","R","BOSS","M","M","?","M","?","E","R","M","T","M","?","?","M","?","R","BOSS"],"items_purchased_type":["Relic","Relic"],"build_version":"2020-12-22","purchased_purges":0,"victory":true,"max_hp_per_floor":[75,75,75,75,80,80,80,80,80,80,80,80,80,80,80,80,80,80,80,80,80,80,80,80,80,80,80,80,80,80,80,80,80,80,80,80,80,80,80,80,80,80,80,80,80,80,80,76,76,76],"card_choices":[{"not_picked":["Luminous:Blinding_Pillar_Luminous","Luminous:Dark_Dim_Erosion"],"picked":"Luminous:Light_Gather","floor":1},{"not_picked":["Luminous:Dark_Dim_Erosion","Luminous:Dark_Pressure_Void"],"picked":"Luminous:Balance_Death_Scythe","floor":3},{"not_picked":["Luminous:Light_Sylvan_Lance","Luminous:Magic_Boost_Luminous"],"picked":"Luminous:Concentrate_Luminous","floor":7},{"not_picked":["Luminous:Light_Sylvan_Lance","Luminous:Light_Wash_Luminous"],"picked":"Luminous:Photic_Meditation_Luminous","floor":8},{"not_picked":["Luminous:Light_Sylvan_Lance","Luminous:Dark_Extract"],"picked":"Luminous:Light_Reflection","floor":10},{"not_picked":["Luminous:Light_Sylvan_Lance","Luminous:Dark_Apocalypse"],"picked":"Luminous:Light_Glare","floor":12},{"not_picked":["Luminous:Balance_Baptism","Luminous:Equalize_Luminous"],"picked":"Luminous:Date_of_Light_Luminous","floor":16},{"not_picked":["Luminous:Abyss_Heart_Luminous","Luminous:Light_Wash_Luminous"],"picked":"Luminous:Light_Spectral_Light+1","floor":18},{"not_picked":["Luminous:Accumulation_Luminous","Luminous:Darkness_Mastery_Luminous"],"picked":"Luminous:Tune_Luminous+1","floor":25},{"not_picked":["Luminous:Light_Reflection+1","Luminous:Light_Wash_Luminous"],"picked":"Luminous:Balance_Ender+1","floor":29},{"not_picked":["Luminous:Tune_Luminous","Luminous:Light_Disperse"],"picked":"Luminous:Accumulation_Luminous","floor":31},{"not_picked":["Luminous:Ethereal_Form_Luminous","Luminous:Freud_Wisdom1_Luminous"],"picked":"Luminous:Lania_Blessing_Luminous","floor":33},{"not_picked":["Luminous:Light_Wash_Luminous","Luminous:Concentrate_Luminous"],"picked":"Luminous:Dark_Moonlight_Spear+1","floor":35},{"not_picked":["Luminous:Lights_Protection_Luminous","Luminous:Dark_Extract+1"],"picked":"Luminous:Light_Track+1","floor":36},{"not_picked":["Luminous:Dark_Pressure_Void","Luminous:Light_Sylvan_Lance+1"],"picked":"Luminous:Light_Disperse+1","floor":38},{"not_picked":["Flash of Steel","Violence"],"picked":"Panache","floor":39},{"not_picked":["Luminous:Concentrate_Luminous","Luminous:Equalize_Luminous"],"picked":"Luminous:Balance_Death_Scythe","floor":40},{"not_picked":["Luminous:Light_Disperse","Luminous:Light_Sylvan_Lance+1"],"picked":"Luminous:Hero_Will_Luminous+1","floor":42},{"not_picked":["Luminous:Magic_Guard_Luminous","Luminous:Accumulation_Luminous"],"picked":"Luminous:Concentrate_Luminous+1","floor":44},{"not_picked":["Luminous:Magic_Guard_Luminous","Luminous:Light_Wash_Luminous+1"],"picked":"Luminous:Flash_Blink_Luminous+1","floor":46},{"not_picked":["Luminous:Dark_Pressure_Void","Luminous:Light_Gather+1"],"picked":"Luminous:Magic_Accelerate_Luminous+1","floor":47}],"player_experience":66161,"relics_obtained":[{"floor":7,"key":"HollowMod:PaleOreRelic"},{"floor":9,"key":"Shuriken"},{"floor":12,"key":"Odd Mushroom"},{"floor":26,"key":"Bottled Flame"},{"floor":40,"key":"FossilizedHelix"},{"floor":43,"key":"Bag of Preparation"}],"event_choices":[{"cards_removed":["Luminous:Switch_Luminous"],"damage_healed":0,"gold_gain":0,"player_choice":"Offered Basic","damage_taken":0,"max_hp_gain":0,"max_hp_loss":0,"event_name":"Bonfire Elementals","floor":2,"gold_loss":0},{"damage_healed":0,"gold_gain":0,"player_choice":"Ignored","damage_taken":0,"max_hp_gain":0,"max_hp_loss":0,"event_name":"Golden Wing","floor":4,"gold_loss":0},{"damage_healed":0,"gold_gain":0,"player_choice":"Donut","damage_taken":0,"max_hp_gain":5,"max_hp_loss":0,"event_name":"Big Fish","floor":5,"gold_loss":0},{"damage_healed":0,"gold_gain":0,"player_choice":"Fought Mushrooms","damage_taken":0,"max_hp_gain":0,"max_hp_loss":0,"event_name":"Mushrooms","floor":12,"gold_loss":0},{"damage_healed":0,"gold_gain":0,"player_choice":"Opened","damage_taken":0,"relics_obtained":["Darkstone Periapt"],"max_hp_gain":0,"max_hp_loss":0,"event_name":"The Mausoleum","floor":21,"gold_loss":0},{"damage_healed":0,"gold_gain":0,"player_choice":"Got Potions","damage_taken":0,"max_hp_gain":0,"max_hp_loss":0,"event_name":"Lab","floor":24,"gold_loss":0},{"cards_removed":["Lust_TH"],"damage_healed":0,"gold_gain":0,"player_choice":"Purged","damage_taken":0,"max_hp_gain":0,"max_hp_loss":0,"event_name":"Purifier","floor":30,"gold_loss":0},{"cards_removed":["Luminous:Date_of_Light_Luminous"],"damage_healed":0,"gold_gain":0,"player_choice":"Removed Skill","damage_taken":0,"max_hp_gain":0,"max_hp_loss":0,"event_name":"Falling","floor":37,"gold_loss":0},{"damage_healed":0,"gold_gain":0,"player_choice":"Memory 1","damage_taken":0,"max_hp_gain":0,"max_hp_loss":0,"event_name":"SensoryStone","floor":39,"gold_loss":0},{"damage_healed":0,"gold_gain":0,"player_choice":"Ignored","damage_taken":0,"max_hp_gain":0,"max_hp_loss":0,"event_name":"SecretPortal","floor":45,"gold_loss":0},{"damage_healed":0,"gold_gain":0,"player_choice":"Max HP","damage_taken":0,"max_hp_gain":0,"max_hp_loss":4,"event_name":"Winding Halls","floor":48,"gold_loss":0}],"is_beta":false,"boss_relics":[{"not_picked":["Ectoplasm","Sozu"],"picked":"Snecko Eye"},{"not_picked":["Busted Crown","Fusion Hammer"],"picked":"Philosopher\u0027s Stone"}],"items_purged_floors":[],"is_endless":false,"potions_floor_spawned":[3,8,12,16,33,36,38,44,46],"ascension_level":0}}