{"host":"wjw2tk2y2rycscg9","time":1609315950,"event":{"mods":["2.2 Compatiblity","Act Like it!","Aspiration","BaseMod","Colored Map","Dota2Spire","Downfall","Hallownest","Hubris","Infinite Spire","Marisa????????","Minty Spire (QoL Compilation)","Relic Stats","Replay The Spire","Shade Mod","StSLib","The Alterego","The Servant 0.9.4","TheSwordswoman","Unceasing Turn Reminder","Yakumo Yukari mod"],"gold_per_floor":[136,136,136,156,170,202,202,220,243,243,40,51,71,71,71,199,199,218,218,232,232,232],"floor_reached":21,"playtime":1072,"items_purged":[],"score":181,"play_id":"3b479104-cbf6-4973-a11a-9f4c0d31784b","local_time":"20201230011230","is_ascension_mode":false,"campfire_choices":[{"data":"Mirror_FourBoundary_purple","floor":7,"key":"SMITH"},{"floor":10,"key":"REST"},{"data":"CommonSense_AntiCommonSense_purple","floor":15,"key":"SMITH"}],"circlet_count":0,"master_deck":["AT_purpleEX","AT_purpleEX","AT_purpleEX","AT_purpleEX","Defend_purpleEX","Defend_purpleEX","Defend_purpleEX","Defend_purpleEX","Observe_purple_1","Observe_purple_2","Nest_LightFlightworm_purple","Worldmountain_purple+1","CommonSense_AntiCommonSense_purple+1","Mirror_FourBoundary_purple+1","Umbrella_purple","Mirror_FourBoundary_purple+1","MNeedle_purple","Fantasy_PerpetualMotionMachine_purple","Injury","Worldmountain_purple","SfantasyHide_purple"],"relics":["Boundary_crack","Memoryfragments_purpleEX","Dota2Spire:ArcaneBoots","Dota2Spire:LinkenSphere","Pen Nib","Blue Doll","Golden Idol","sneckomod:SneckoTalon"],"acts_visited":["Exordium","Exordium"],"potions_floor_usage":[5,6,6,6,6,16,16],"damage_taken":[{"damage":0,"enemies":"Cultist","floor":1,"turns":4},{"damage":0,"enemies":"Small Slimes","floor":4,"turns":3},{"damage":3,"enemies":"infinitespire:Voidling","floor":5,"turns":3},{"damage":31,"enemies":"Lagavulin","floor":6,"turns":7},{"damage":10,"enemies":"Exordium Wildlife","floor":8,"turns":5},{"damage":0,"enemies":"Lots of Slimes","floor":12,"turns":3},{"damage":0,"enemies":"2 Fungi Beasts","floor":13,"turns":2},{"damage":17,"enemies":"Hexaghost","floor":16,"turns":10},{"damage":20,"enemies":"Hallownest:Flukemon_and_Top","floor":18,"turns":6},{"damage":14,"enemies":"Hallownest:2_Mistakes","floor":20,"turns":7},{"damage":47,"enemies":"Hallownest:Master_and_Novice","floor":21,"turns":2}],"seed_played":"7861019842132635174","potions_obtained":[{"floor":3,"key":"infinitespire:BlackPotion"},{"floor":3,"key":"Languid Potion"},{"floor":3,"key":"Energy Potion"},{"floor":4,"key":"Block Potion"},{"floor":5,"key":"SkillPotion"},{"floor":12,"key":"Adrenaline Potion"},{"floor":13,"key":"Block Potion"},{"floor":18,"key":"Adrenaline Potion"}],"is_trial":true,"path_per_floor":["M","?","?","M","M","E","R","M","T","R","$","M","M","?","R","B",null,"M","?","M","M"],"character_chosen":"Youkari","items_purchased":["Mirror_FourBoundary_purple+1","Blue Doll"],"campfire_rested":1,"item_purchase_floors":[11,11],"current_hp_per_floor":[70,67,67,68,66,40,40,35,35,56,56,57,57,57,57,45,70,55,55,46,0,0],"gold":232,"neow_bonus":"","is_daily":false,"chose_seed":false,"campfire_upgraded":2,"win_rate":0.0,"timestamp":1609315950,"path_taken":["M","?","?","M","M","E","R","M","T","R","$","M","?","?","R","BOSS","M","?","?","M"],"items_purchased_type":["Card","Relic"],"build_version":"2020-12-22","purchased_purges":0,"victory":false,"max_hp_per_floor":[70,70,70,70,70,70,70,70,70,70,70,70,70,70,70,70,70,70,70,70,70,70],"relic_stats":{"counters":[11,52],"Golden Idol":33,"Pen Nib":[6],"obtain_stats":[{"Golden Idol":14,"Blue Doll":11,"Dota2Spire:LinkenSphere":6,"Pen Nib":9,"Boundary_crack":0,"Dota2Spire:ArcaneBoots":2,"sneckomod:SneckoTalon":17,"Memoryfragments_purpleEX":0},{"Golden Idol":7,"Blue Doll":5,"Dota2Spire:LinkenSphere":4,"Pen Nib":5,"Boundary_crack":0,"Dota2Spire:ArcaneBoots":1,"sneckomod:SneckoTalon":8,"Memoryfragments_purpleEX":0},{"Golden Idol":27,"Blue Doll":22,"Dota2Spire:LinkenSphere":17,"Pen Nib":22,"Boundary_crack":0,"Dota2Spire:ArcaneBoots":4,"sneckomod:SneckoTalon":37,"Memoryfragments_purpleEX":0}]},"card_choices":[{"not_picked":["WorldDissolvedintheRealm_purple","StretchesForeverDream_purple"],"picked":"Nest_LightFlightworm_purple","floor":1},{"not_picked":["Realm_recovery_purpleEX","StateDuplicate_purple"],"picked":"Worldmountain_purple","floor":4},{"not_picked":["Realm_recovery_purpleEX","DimensionStaggered_purple"],"picked":"CommonSense_AntiCommonSense_purple","floor":5},{"not_picked":["RuleDissolution_purple","Shallow_ocean_purpleEX"],"picked":"Mirror_FourBoundary_purple","floor":6},{"not_picked":["Worldmountain_purple","Mirror_FormAndEmptin_purple"],"picked":"Umbrella_purple","floor":8},{"not_picked":["Erosivefilter_purple","Photoelasticity_Doppler_Effect_purple"],"picked":"MNeedle_purple","floor":12},{"not_picked":["Realm_recovery_purpleEX","Charmbait_purple"],"picked":"Fantasy_PerpetualMotionMachine_purple","floor":13},{"not_picked":["Boundary_DynamicStaticEquilibrium_purple","Shallow_ocean_purpleEX"],"picked":"Worldmountain_purple","floor":18},{"not_picked":["StateDuplicate_purple+1","Boundary_LightAndDark_purple"],"picked":"SfantasyHide_purple","floor":20}],"player_experience":1161004,"relics_obtained":[{"floor":6,"key":"Dota2Spire:LinkenSphere"},{"floor":9,"key":"Pen Nib"}],"event_choices":[{"damage_healed":0,"gold_gain":0,"player_choice":"Success","damage_taken":3,"relics_obtained":["Dota2Spire:ArcaneBoots"],"max_hp_gain":0,"max_hp_loss":0,"event_name":"Scrap Ooze","floor":2,"gold_loss":0},{"damage_healed":0,"gold_gain":0,"player_choice":"Got Potions","damage_taken":0,"max_hp_gain":0,"max_hp_loss":0,"event_name":"Lab","floor":3,"gold_loss":0},{"damage_healed":0,"gold_gain":0,"player_choice":"Take Wound","damage_taken":0,"relics_obtained":["Golden Idol"],"max_hp_gain":0,"max_hp_loss":0,"event_name":"Golden Idol","floor":14,"gold_loss":0,"cards_obtained":["Injury"]}],"is_beta":false,"boss_relics":[{"not_picked":["Runic Dome","Philosopher\u0027s Stone"],"picked":"sneckomod:SneckoTalon"}],"items_purged_floors":[],"is_endless":false,"potions_floor_spawned":[4,5,12,13,18],"killed_by":"Hallownest:Master_and_Novice","ascension_level":0}}