{"host":"9vk21r6l9dtkpvh9","time":1609364381,"event":{"mods":["2.2 Compatiblity","AchievementEnabler","Act Like it!","Astrologer","Bard","Bartender","BaseMod","Better Altar","Better Match","Better Note","Better Sensory Stone","Better Skull","Better Third Choice","BetterRewards","CapriCore","CatGirl Mod","Colored Map","Colored Powertips","Conspire","DeckTracker","Downfall","Energized Spire","Fiend Mod","Gensokyo","GifTheSpireLib","Hermit","Hubris","Infinite Spire","Jorbs\u0027s Wanderer Trilogy","Koishi","LagranYue(???·?)","Luminous","Mad Scientist","Marisa????????","Mimic Mod","Minty Spire (QoL Compilation)","Potionbrewer","Rare Cards Sparkle","Relic Stats","Replay The Spire","SOS???????","Shade Mod","Spicy Shops","StSLib","SuperFastMode","Td1madao Mod","The Animator","The Construct","The Forsaken","The Gatherer","The Hayseed","The Hierophant","The Immortal","The Jungle","The Mystic","The Necromancer","The Runesmith","The Senshi","The Servant 0.9.4","The Trickster","The Valiant","The Wild Card","TheBandit","TheSwordswoman","TheWitcher","WarShipGirlsR/????R mod","vexMod","???Mod??????Boss"],"gold_per_floor":[117,117,117,129,31,63,63,63,63,63,73,84,84,118,118,320,320,286,286,298,298,298,330,330,348,386,386,386,411,411,411,411],"floor_reached":31,"playtime":2532,"items_purged":[],"score":404,"play_id":"2bde6e06-1c5e-4a53-9c34-837c23d13703","local_time":"20201230163941","is_ascension_mode":false,"campfire_choices":[{"data":"MadScienceMod:RecyclingStation","floor":7,"key":"SMITH"},{"data":"MadScienceMod:FragmentationGrenade","floor":13,"key":"SMITH"},{"data":"MadScienceMod:Tinker","floor":15,"key":"SMITH"},{"data":"MadScienceMod:Tinker","floor":24,"key":"SMITH"},{"data":"MadScienceMod:Retarget","floor":27,"key":"SMITH"},{"floor":30,"key":"REST"}],"circlet_count":0,"master_deck":["MadScienceMod:Strike_MadScience","MadScienceMod:Strike_MadScience","MadScienceMod:Strike_MadScience","MadScienceMod:Defend_MadScience","MadScienceMod:Defend_MadScience","MadScienceMod:Defend_MadScience+1","MadScienceMod:Defend_MadScience","MadScienceMod:PoweredStrike","MadScienceMod:HideBehindJunk+1","MadScienceMod:Sprocket","MadScienceMod:RecyclingStation+1","MadScienceMod:TimeDilationField","theWildCard:Scathach","MadScienceMod:NowOrNever","expansioncontent:LastStand","MadScienceMod:Strafe","MadScienceMod:JunkLaser","MadScienceMod:Refine","MadScienceMod:FragmentationGrenade+1","MadScienceMod:Tinker+1","MadScienceMod:Tinker+1","MadScienceMod:Refuel","MadScienceMod:ShrinkRay","stsjorbsmod:Prestidigitation+1","MadScienceMod:ClockworkAssistant","MadScienceMod:Retarget+1","MadScienceMod:MinatureWeapons","MadScienceMod:Automate","MadScienceMod:MechanicalClaw"],"relics":["MadScienceMod:FuelTank","LagranYue:RandomDrawCardRelic","War Paint","hubris:Icosahedron","Nunchaku","theForsaken:Gavel","SacredBark","vexMod:HeadHunter","Potion Belt","hubris:Zylophone","infinitespire:PuzzleCube","Replay:Towering Pillar of Hats"],"acts_visited":["Exordium","TheCity"],"potions_floor_usage":[6,16,23,25,29],"damage_taken":[{"damage":0,"enemies":"conspire:RoseBush","floor":1,"turns":4},{"damage":3,"enemies":"2 Louse","floor":4,"turns":4},{"damage":1,"enemies":"Lagavulin","floor":6,"turns":11},{"damage":0,"enemies":"Small Slimes","floor":11,"turns":3},{"damage":0,"enemies":"2 Fungi Beasts","floor":12,"turns":4},{"damage":1,"enemies":"Replay:BlueRogue","floor":14,"turns":7},{"damage":42,"enemies":"Hexaghost","floor":16,"turns":7},{"damage":4,"enemies":"3 Byrds","floor":18,"turns":6},{"damage":2,"enemies":"Shell Parasite","floor":20,"turns":5},{"damage":0,"enemies":"Replay:Snechameleon","floor":23,"turns":5},{"damage":0,"enemies":"Centurion and Healer","floor":25,"turns":7},{"damage":9,"enemies":"Snecko","floor":26,"turns":7},{"damage":68,"enemies":"Slavers","floor":29,"turns":8},{"damage":9,"enemies":"Snecko","floor":31,"turns":3}],"seed_played":"8719412681077105025","potions_obtained":[{"floor":1,"key":"Fruit Juice"},{"floor":11,"key":"Elixir"},{"floor":14,"key":"potionbrewer:DiscountPotion"},{"floor":16,"key":"potionbrewer:NoxiousPotion"},{"floor":20,"key":"potionbrewer:ToxicPotion"},{"floor":21,"key":"LifebloodPotion"},{"floor":21,"key":"ColorlessPotion"},{"floor":29,"key":"Elixir"}],"is_trial":false,"path_per_floor":["M","?","?","M","$","E","R","?","T","?","M","M","R","E","R","B",null,"M","T","M","?","?","E","R","M","MIM","R","AVR","E","R","M"],"character_chosen":"MAD_SCIENTIST","items_purchased":["War Paint","MadScienceMod:Sprocket","MadScienceMod:RecyclingStation","expansioncontent:LastStand"],"campfire_rested":1,"item_purchase_floors":[0,0,0,5],"current_hp_per_floor":[69,69,69,66,66,70,70,75,75,75,75,75,75,74,74,32,85,81,81,79,79,79,79,79,79,70,70,70,10,35,26,26],"gold":411,"neow_bonus":"","is_daily":false,"chose_seed":false,"campfire_upgraded":5,"win_rate":0.0,"timestamp":1609364381,"path_taken":["M","?","?","M","$","E","R","?","T","?","M","M","R","E","R","BOSS","M","?","M","?","?","E","R","?","MIM","R","AVR","E","R","M"],"items_purchased_type":["Relic","Card","Card","Card"],"build_version":"2020-12-22","purchased_purges":0,"victory":false,"max_hp_per_floor":[75,75,75,75,75,80,80,85,85,85,85,85,85,85,85,85,85,85,85,85,85,85,85,85,85,85,85,85,85,85,85,85],"relic_stats":{"Nunchaku":[7],"counters":[28,168],"War Paint":["MadScienceMod:HideBehindJunk","MadScienceMod:Defend_MadScience"],"obtain_stats":[{"MadScienceMod:FuelTank":0,"Potion Belt":23,"Bromod:ArcaneNullifier":25,"Replay:Towering Pillar of Hats":29,"SacredBark":17,"War Paint":0,"energizedSpire:DeadBattery":17,"theForsaken:Gavel":14,"hubris:Zylophone":26,"Nunchaku":6,"hubris:Icosahedron":3,"vexMod:HeadHunter":19,"ReplayTheSpireMod:Lightbulb":13,"Bromod:ArcaneGuardian":21,"infinitespire:PuzzleCube":28,"Meat on the Bone":26},{"MadScienceMod:FuelTank":0,"Potion Belt":24,"Bromod:ArcaneNullifier":11,"Replay:Towering Pillar of Hats":27,"SacredBark":21,"War Paint":14,"energizedSpire:DeadBattery":7,"theForsaken:Gavel":20,"hubris:Zylophone":26,"Nunchaku":17,"hubris:Icosahedron":1,"vexMod:HeadHunter":22,"ReplayTheSpireMod:Lightbulb":6,"Bromod:ArcaneGuardian":9,"infinitespire:PuzzleCube":26,"Meat on the Bone":11},{"MadScienceMod:FuelTank":0,"Potion Belt":143,"Bromod:ArcaneNullifier":71,"Replay:Towering Pillar of Hats":165,"SacredBark":127,"War Paint":87,"energizedSpire:DeadBattery":47,"theForsaken:Gavel":120,"hubris:Zylophone":157,"Nunchaku":106,"hubris:Icosahedron":6,"vexMod:HeadHunter":133,"ReplayTheSpireMod:Lightbulb":36,"Bromod:ArcaneGuardian":59,"infinitespire:PuzzleCube":157,"Meat on the Bone":71}]},"card_choices":[{"not_picked":["MadScienceMod:Bayonet","MadScienceMod:Refuel"],"picked":"MadScienceMod:TimeDilationField","floor":1},{"not_picked":["MadScienceMod:AutoStrike","MadScienceMod:ExploreOptions"],"picked":"MadScienceMod:NowOrNever","floor":4},{"not_picked":["MadScienceMod:AntimatterBomb","MadScienceMod:TimeDilationField"],"picked":"MadScienceMod:Strafe","floor":6},{"not_picked":["MadScienceMod:SoftenUp","MadScienceMod:CaptureMomentum"],"picked":"MadScienceMod:Refine","floor":11},{"not_picked":["MadScienceMod:BoxOfScraps","MadScienceMod:EnergyBarrier"],"picked":"MadScienceMod:FragmentationGrenade","floor":12},{"not_picked":["MadScienceMod:ShrinkRay","MadScienceMod:Redesign"],"picked":"MadScienceMod:Tinker","floor":14},{"not_picked":["MadScienceMod:Jetpack","MadScienceMod:Mechanize"],"picked":"MadScienceMod:Tinker","floor":16},{"not_picked":["MadScienceMod:AcidSpray","MadScienceMod:MechanicalClaw+1"],"picked":"MadScienceMod:Refuel","floor":18},{"not_picked":["MadScienceMod:ExtractOil","MadScienceMod:FlameCannon"],"picked":"MadScienceMod:ShrinkRay","floor":20},{"not_picked":["MadScienceMod:LabAccident","MadScienceMod:Generator"],"picked":"MadScienceMod:ClockworkAssistant","floor":23},{"not_picked":["MadScienceMod:PowerArmor","MadScienceMod:Poke"],"picked":"MadScienceMod:Retarget","floor":23},{"not_picked":["MadScienceMod:GattlingGun+1","MadScienceMod:FumeBlast","MadScienceMod:FragmentationGrenade"],"picked":"SKIP","floor":25},{"not_picked":["MadScienceMod:Refuel","MadScienceMod:Tune"],"picked":"MadScienceMod:MinatureWeapons","floor":26},{"not_picked":["MadScienceMod:MechanicalSnecko","MadScienceMod:Generator"],"picked":"MadScienceMod:Automate","floor":29},{"not_picked":["MadScienceMod:LightOnFire","MadScienceMod:Refuel"],"picked":"MadScienceMod:MechanicalClaw","floor":29}],"player_experience":625071,"relics_obtained":[{"floor":6,"key":"Nunchaku"},{"floor":14,"key":"theForsaken:Gavel"},{"floor":19,"key":"vexMod:HeadHunter"},{"floor":23,"key":"Potion Belt"},{"floor":26,"key":"hubris:Zylophone"},{"floor":29,"key":"Replay:Towering Pillar of Hats"}],"event_choices":[{"damage_healed":0,"gold_gain":0,"player_choice":"Donut","damage_taken":0,"max_hp_gain":5,"max_hp_loss":0,"event_name":"Big Fish","floor":8,"gold_loss":0},{"damage_healed":0,"gold_gain":0,"cards_transformed":["MadScienceMod:Strike_MadScience"],"player_choice":"Transformed","damage_taken":0,"max_hp_gain":0,"max_hp_loss":0,"event_name":"Transmorgrifier","floor":10,"gold_loss":0,"cards_obtained":["MadScienceMod:JunkLaser"]},{"damage_healed":0,"gold_gain":0,"player_choice":"Got Potions","damage_taken":0,"max_hp_gain":0,"max_hp_loss":0,"event_name":"Lab","floor":21,"gold_loss":0},{"cards_removed":["expansioncontent:LastStand"],"damage_healed":0,"gold_gain":0,"player_choice":"Take \u0026 Give","damage_taken":0,"max_hp_gain":0,"max_hp_loss":0,"event_name":"betterNote:BetterNote","floor":22,"gold_loss":0,"cards_obtained":["stsjorbsmod:Prestidigitation"]}],"is_beta":false,"boss_relics":[{"not_picked":["conspire:RunicOctahedron","Ectoplasm"],"picked":"SacredBark"}],"items_purged_floors":[],"is_endless":false,"potions_floor_spawned":[1,11,14,16,20,29],"killed_by":"Snecko","ascension_level":0}}