{"host":"9c5kazgg71l3jb6l","time":1609319876,"event":{"mods":["Arknights The Spire","BaseMod","Minty Spire (QoL Compilation)","StSLib","Waifu the Spire"],"gold_per_floor":[112,129,129,129,150,185,185,210,210,231,264,288,288,311,311,434,434,453,453,488,47,47,47,67,108,108,108,132,159,172,215,215,336,336,349,60,60,75,75,111,111,126,126,126,126,142,158,197,197,197,197,197,19,52,52],"floor_reached":56,"playtime":4072,"items_purged":[],"score":1282,"play_id":"f10af37d-10df-4561-9d95-b3ddff35da25","local_time":"20201230171756","is_ascension_mode":false,"campfire_choices":[{"floor":7.0,"key":"REST"},{"floor":15.0,"key":"DIG"},{"data":"ats:Magnetic Hammer","floor":23.0,"key":"SMITH"},{"floor":27.0,"key":"DIG"},{"data":"ats:Burning Ground","floor":32.0,"key":"SMITH"},{"floor":41.0,"key":"DIG"},{"floor":44.0,"key":"DIG"},{"floor":49,"key":"RECALL"},{"floor":52,"key":"DIG"}],"circlet_count":0,"master_deck":["ats:Strike C","ats:Strike G","ats:Strike S","ats:Strike V","ats:Armor Crushing Shot","ats:Defend","ats:Defend","ats:Defend","ats:Defend","ats:Emotion Absorption","ats:Shell Defense","ats:Mental Burst","ats:Flame Of Heaven","ats:Soul Absorption","ats:Thorns","ats:Shadow Raid","ats:Poison Spread","ats:Poison Spread","ats:Disruption Kick","ats:Explosion Area Strengthen+1","ats:Beaten Up","ats:Burning Ground+1","ats:Magnetic Hammer+1","ats:Flame Of Heaven","ats:Hammer On+1","ats:Ambush","ats:Curse Doll+1","ats:Mental Burst","ats:Burning Ground","ats:Charging Defense"],"relics":["ats:Sanity","Oddly Smooth Stone","Golden Idol","Strawberry","ats:Originium","StrikeDummy","ats:Ability Aura","Shovel","Lizard Tail","Busted Crown","Red Mask","Torii","MutagenicStrength","Bottled Flame","Matryoshka","ats:Bonebreaker","Happy Flower","ats:Rhine Circuitry","Ginger","Fusion Hammer","Thread and Needle","Vajra","HornCleat","CaptainsWheel","Singing Bowl","Meat on the Bone","Pocketwatch","Blood Vial","Pear","Sundial"],"acts_visited":["Exordium","TheCity","TheBeyond","TheEnding"],"potions_floor_usage":[50,55,55,55,55,55,55],"damage_taken":[{"damage":0.0,"enemies":"Small Slimes","floor":1.0,"turns":4.0},{"damage":0.0,"enemies":"2 Louse","floor":2.0,"turns":3.0},{"damage":0.0,"enemies":"Cultist","floor":5.0,"turns":3.0},{"damage":36.0,"enemies":"3 Sentries","floor":6.0,"turns":13.0},{"damage":21.0,"enemies":"Exordium Wildlife","floor":8.0,"turns":6.0},{"damage":4.0,"enemies":"Blue Slaver","floor":10.0,"turns":3.0},{"damage":6.0,"enemies":"Lagavulin","floor":11.0,"turns":8.0},{"damage":1.0,"enemies":"2 Fungi Beasts","floor":12.0,"turns":3.0},{"damage":1.0,"enemies":"Looter","floor":14.0,"turns":4.0},{"damage":3.0,"enemies":"Slime Boss","floor":16.0,"turns":7.0},{"damage":2.0,"enemies":"Chosen","floor":18.0,"turns":4.0},{"damage":0.0,"enemies":"Masked Bandits","floor":20.0,"turns":2.0},{"damage":0.0,"enemies":"3 Byrds","floor":24.0,"turns":3.0},{"damage":11.0,"enemies":"Book of Stabbing","floor":25.0,"turns":5.0},{"damage":6.0,"enemies":"Sentry and Sphere","floor":28.0,"turns":3.0},{"damage":2.0,"enemies":"Chosen and Byrds","floor":30.0,"turns":3.0},{"damage":6.0,"enemies":"Gremlin Leader","floor":31.0,"turns":7.0},{"damage":37.0,"enemies":"Automaton","floor":33.0,"turns":10.0},{"damage":5.0,"enemies":"3 Shapes","floor":35.0,"turns":4.0},{"damage":0.0,"enemies":"3 Darklings","floor":38.0,"turns":4.0},{"damage":7.0,"enemies":"Reptomancer","floor":40.0,"turns":6.0},{"damage":6.0,"enemies":"Spire Growth","floor":42.0,"turns":5.0},{"damage":0.0,"enemies":"Maw","floor":46.0,"turns":7.0},{"damage":0.0,"enemies":"3 Darklings","floor":47.0,"turns":4.0},{"damage":11,"enemies":"Nemesis","floor":48,"turns":7},{"damage":32,"enemies":"Donu and Deca","floor":50,"turns":10},{"damage":33,"enemies":"Shield and Spear","floor":54,"turns":8},{"damage":101,"enemies":"The Heart","floor":55,"turns":11}],"seed_played":"3220638433734401746","potions_obtained":[{"floor":2.0,"key":"CultistPotion"},{"floor":8.0,"key":"SkillPotion"},{"floor":12.0,"key":"GamblersBrew"},{"floor":14.0,"key":"SteroidPotion"},{"floor":20.0,"key":"Fruit Juice"},{"floor":24.0,"key":"SneckoOil"},{"floor":30.0,"key":"DistilledChaos"},{"floor":31.0,"key":"AttackPotion"},{"floor":42.0,"key":"EntropicBrew"},{"floor":47.0,"key":"Strength Potion"},{"floor":48,"key":"Block Potion"},{"floor":54,"key":"Dexterity Potion"}],"is_trial":false,"path_per_floor":["M","M","?","?","M","E","R","M","T","M","E","M","?","M","R","B",null,"M","?","?","$","?","R","M","E","T","R","M","T","M","E","R","B",null,"M","$","T","M","T","E","R","M","T","R","?","M","M","E","R","B",null,"R","$","E","B",null],"character_chosen":"DOCTOR_CLASS","items_purchased":["Torii","ats:Burning Ground","ats:Magnetic Hammer","Thread and Needle","ats:Mental Burst","ats:Burning Ground","ats:Charging Defense"],"campfire_rested":1,"item_purchase_floors":[21,21,21,36,53,53,53],"current_hp_per_floor":[72,72,54,54,57,29,52,37,37,36,36,37,37,38,38,35,79,78,78,84,84,84,84,84,78,78,78,72,72,70,64,64,33,84,79,79,79,82,82,80,80,79,79,79,79,82,87,81,81,54,92,102,102,73,49],"gold":52,"neow_bonus":"RANDOM_COMMON_RELIC","is_daily":false,"chose_seed":false,"campfire_upgraded":2,"win_rate":0.0,"timestamp":1609319876,"path_taken":["M","M","?","?","M","E","R","M","T","M","E","M","?","?","R","BOSS","M","?","?","$","?","R","M","E","T","R","M","?","?","E","R","BOSS","M","$","?","?","?","E","R","M","T","R","?","?","M","E","R","BOSS","R","$","E","BOSS"],"items_purchased_type":["Relic","Card","Card","Relic","Card","Card","Card"],"build_version":"2020-12-22","purchased_purges":0,"victory":true,"max_hp_per_floor":[72,72,72,79,79,79,79,79,79,79,79,79,79,79,79,79,79,79,79,84,84,84,84,84,84,84,84,84,84,84,84,84,84,84,84,84,84,84,84,86,86,88,88,88,88,88,90,92,92,92,92,102,102,104,104],"card_choices":[{"not_picked":["ats:Flexible Camouflage","ats:Apocalypse"],"picked":"ats:Shell Defense","floor":1.0},{"not_picked":["ats:Leaping Hammer","ats:Cat Scratch"],"picked":"ats:Mental Burst","floor":2.0},{"not_picked":["ats:Powerful Strike","ats:Revitalization"],"picked":"ats:Flame Of Heaven","floor":5.0},{"not_picked":["ats:Powerful Strike","ats:Defend Order"],"picked":"ats:Soul Absorption","floor":6.0},{"not_picked":["ats:Cat Scratch","ats:Healing Drone"],"picked":"ats:Thorns","floor":8.0},{"not_picked":["ats:Soul Rend","ats:LN2 Cannon"],"picked":"ats:Shadow Raid","floor":10.0},{"not_picked":["ats:Shell Defense","ats:Song Of Battle"],"picked":"ats:Poison Spread","floor":11.0},{"not_picked":["ats:Apocalypse","ats:Childhood Dance","ats:Encircling Forest"],"picked":"SKIP","floor":12.0},{"not_picked":["ats:Ignite","ats:Apocalypse"],"picked":"ats:Poison Spread","floor":14.0},{"not_picked":["ats:Dogmatic Field","ats:Durian"],"picked":"ats:Disruption Kick","floor":16.0},{"not_picked":[],"picked":"ats:Explosion Area Strengthen+1","floor":18.0},{"not_picked":["ats:Childhood Dance+1"],"picked":"SKIP","floor":24.0},{"not_picked":["ats:Apocalypse"],"picked":"SKIP","floor":25.0},{"not_picked":[],"picked":"ats:Flame Of Heaven","floor":28.0},{"not_picked":["ats:Defend Order"],"picked":"SKIP","floor":30.0},{"not_picked":["ats:Explosion Area Strengthen"],"picked":"SKIP","floor":31.0},{"not_picked":["ats:Leaping Hammer+1"],"picked":"SKIP","floor":35.0},{"not_picked":[],"picked":"ats:Hammer On+1","floor":38.0},{"not_picked":["ats:Childhood Dance+1"],"picked":"Singing Bowl","floor":40.0},{"not_picked":["ats:Shell Defense"],"picked":"Singing Bowl","floor":42.0},{"not_picked":[],"picked":"ats:Curse Doll+1","floor":46.0},{"not_picked":["ats:Healing Strengthening"],"picked":"Singing Bowl","floor":47.0},{"not_picked":["ats:Revitalization+1"],"picked":"Singing Bowl","floor":48},{"not_picked":["ats:True Silver Slash"],"picked":"Singing Bowl","floor":54}],"player_experience":1291068,"relics_obtained":[{"floor":6.0,"key":"ats:Originium"},{"floor":6.0,"key":"StrikeDummy"},{"floor":9.0,"key":"ats:Ability Aura"},{"floor":11.0,"key":"ats:Originium"},{"floor":11.0,"key":"Shovel"},{"floor":15.0,"key":"Lizard Tail"},{"floor":20.0,"key":"Red Mask"},{"floor":25.0,"key":"ats:Originium"},{"floor":25.0,"key":"Bottled Flame"},{"floor":26.0,"key":"Matryoshka"},{"floor":27.0,"key":"ats:Bonebreaker"},{"floor":29.0,"key":"Happy Flower"},{"floor":29.0,"key":"ats:Rhine Circuitry"},{"floor":31.0,"key":"Ginger"},{"floor":37.0,"key":"Vajra"},{"floor":37.0,"key":"HornCleat"},{"floor":39.0,"key":"CaptainsWheel"},{"floor":40.0,"key":"Singing Bowl"},{"floor":41.0,"key":"Meat on the Bone"},{"floor":44.0,"key":"Pocketwatch"},{"floor":48,"key":"Blood Vial"},{"floor":52,"key":"Pear"},{"floor":54,"key":"Sundial"}],"event_choices":[{"damage_healed":0.0,"max_hp_gain":0.0,"max_hp_loss":0.0,"gold_gain":0.0,"event_name":"Golden Idol","player_choice":"Take Damage","floor":3.0,"gold_loss":0.0,"damage_taken":18.0,"relics_obtained":["Golden Idol"]},{"damage_healed":0.0,"max_hp_gain":0.0,"max_hp_loss":0.0,"gold_gain":0.0,"event_name":"Scrap Ooze","player_choice":"Success","floor":4.0,"gold_loss":0.0,"damage_taken":7.0,"relics_obtained":["Strawberry"]},{"damage_healed":0.0,"max_hp_gain":0.0,"max_hp_loss":0.0,"gold_gain":0.0,"event_name":"NoteForYourself","player_choice":"Ignored","floor":13.0,"gold_loss":0.0,"damage_taken":0.0},{"damage_healed":0.0,"max_hp_gain":0.0,"max_hp_loss":0.0,"gold_gain":0.0,"event_name":"The Library","player_choice":"Read","floor":19.0,"gold_loss":0.0,"damage_taken":0.0,"cards_obtained":["ats:Beaten Up"]},{"damage_healed":0.0,"max_hp_gain":0.0,"max_hp_loss":0.0,"gold_gain":0.0,"event_name":"Masked Bandits","player_choice":"Fought Bandits","floor":20.0,"gold_loss":0.0,"damage_taken":0.0},{"damage_healed":0.0,"max_hp_gain":0.0,"max_hp_loss":0.0,"gold_gain":0.0,"event_name":"Drug Dealer","player_choice":"Inject Mutagens","floor":22.0,"gold_loss":0.0,"damage_taken":0.0,"relics_obtained":["MutagenicStrength"]},{"damage_healed":0.0,"max_hp_gain":0.0,"max_hp_loss":0.0,"gold_gain":0.0,"event_name":"Match and Keep!","player_choice":"1 cards matched","floor":45.0,"gold_loss":0.0,"damage_taken":0.0,"cards_obtained":["ats:Ambush"]}],"is_beta":false,"boss_relics":[{"not_picked":["Astrolabe","Tiny House"],"picked":"Busted Crown"},{"not_picked":["Runic Dome","Pandora\u0027s Box"],"picked":"Fusion Hammer"}],"items_purged_floors":[],"is_endless":false,"potions_floor_spawned":[2,8,12,14,20,24,30,31,42,47,48,54],"ascension_level":0}}