{"host":"5jzx1090woovszu4","time":1609299052,"event":{"mods":["BaseMod","Minty Spire (QoL Compilation)","Shade Mod","Spicy Shops","StSLib","The Bug Knight"],"gold_per_floor":[111,37,37,56,67,402,402,414,414,434,434,482,502,520,520,617,617,628,328,328,1,19,19,33,33,57,57,57,57],"floor_reached":28,"playtime":1640,"items_purged":["HollowMod:NailStrikeStart"],"score":220,"play_id":"6a937255-22d1-4e02-b763-17b02b67f146","local_time":"20201230043052","is_ascension_mode":false,"campfire_choices":[{"floor":7,"key":"REST"},{"floor":15,"key":"REST"},{"floor":23,"key":"REST"},{"floor":27,"key":"REST"}],"circlet_count":0,"master_deck":["HollowMod:NailStrikeStart","HollowMod:NailStrikeStart","HollowMod:NailStrikeStart","HollowMod:QuickDashStart","HollowMod:QuickDashStart","HollowMod:QuickDashStart","HollowMod:QuickDashStart","HollowMod:FocusHealStart","HollowMod:PogoStrike","HollowMod:MothsMistake","HollowMod:InfectedCysts","HollowMod:InfectedAttack","HollowMod:MothsMistake","HollowMod:PerfectDash","HollowMod:NewJinnsSoul","HollowMod:theNailsmith","HollowMod:NewLastStag+1","HandOfGreed","HollowMod:LifebloodCocoon"],"relics":["Velvet Choker","HollowMod:MillibellesNoteRelic","Old Coin","Gambling Chip","Eternal Feather","Toy Ornithopter","Black Star","HollowMod:KingsBrand"],"acts_visited":["Exordium","TheCity"],"potions_floor_usage":[6,14,14,22,28],"damage_taken":[{"damage":0,"enemies":"Small Slimes","floor":1,"turns":4},{"damage":0,"enemies":"2 Louse","floor":4,"turns":3},{"damage":8,"enemies":"Jaw Worm","floor":5,"turns":3},{"damage":37,"enemies":"Lagavulin","floor":6,"turns":5},{"damage":13,"enemies":"Red Slaver","floor":8,"turns":3},{"damage":4,"enemies":"Looter","floor":10,"turns":3},{"damage":9,"enemies":"Gremlin Gang","floor":13,"turns":2},{"damage":2,"enemies":"Red Slaver","floor":14,"turns":2},{"damage":27,"enemies":"Hexaghost","floor":16,"turns":8},{"damage":38,"enemies":"Shell Parasite","floor":18,"turns":6},{"damage":27,"enemies":"Chosen","floor":22,"turns":5},{"damage":34,"enemies":"Shelled Parasite and Fungi","floor":24,"turns":6},{"damage":57,"enemies":"Centurion and Healer","floor":28,"turns":7}],"seed_played":"7126862030633741446","potions_obtained":[{"floor":1,"key":"ColorlessPotion"},{"floor":4,"key":"SpeedPotion"},{"floor":10,"key":"FearPotion"},{"floor":13,"key":"Strength Potion"},{"floor":24,"key":"Energy Potion"}],"is_trial":false,"path_per_floor":["M","$","?","M","M","E","R","M","T","M","?","T","M","M","R","B",null,"M","?","?","$","M","R","M","$","T","R","M"],"character_chosen":"THE_BUGKNIGHT","items_purchased":["HollowMod:MillibellesNoteRelic","HandOfGreed","HollowMod:LifebloodCocoon"],"campfire_rested":4,"item_purchase_floors":[2,21,21],"current_hp_per_floor":[75,75,75,75,67,30,52,39,39,35,17,17,8,16,47,20,75,37,37,37,37,15,46,12,12,12,43,0,0],"gold":57,"neow_bonus":"BOSS_RELIC","is_daily":false,"chose_seed":false,"campfire_upgraded":0,"win_rate":0.0,"timestamp":1609299052,"path_taken":["M","$","?","M","M","E","R","M","T","M","?","?","?","M","R","BOSS","M","?","?","$","M","R","M","$","T","R","?"],"items_purchased_type":["Relic","Card","Card"],"build_version":"2020-12-22","purchased_purges":1,"victory":false,"max_hp_per_floor":[75,75,75,75,75,75,75,75,75,75,75,75,75,75,75,75,75,75,75,75,75,75,75,75,75,75,75,75,75],"card_choices":[{"not_picked":["HollowMod:HeavyBlow","HollowMod:QuirrelsAssistance"],"picked":"HollowMod:MothsMistake","floor":1},{"not_picked":["HollowMod:DesolateDive","HollowMod:MantisMark"],"picked":"HollowMod:InfectedCysts","floor":4},{"not_picked":["HollowMod:CloakDash","HollowMod:GrimmsGift"],"picked":"HollowMod:InfectedAttack","floor":5},{"not_picked":["HollowMod:TaintedHusks","HollowMod:CycloneSlash"],"picked":"HollowMod:MothsMistake","floor":6},{"not_picked":["HollowMod:InfectedAttack","HollowMod:GoodIntentions","HollowMod:MantisMark"],"picked":"SKIP","floor":8},{"not_picked":["HollowMod:CrystalDash","HollowMod:GoodIntentions"],"picked":"HollowMod:PerfectDash","floor":10},{"not_picked":["HollowMod:DashSlash","HollowMod:BaldurShell"],"picked":"HollowMod:NewJinnsSoul","floor":13},{"not_picked":["HollowMod:QuirrelsAssistance","HollowMod:VengefulVoid","HollowMod:DoubleDash"],"picked":"SKIP","floor":14},{"not_picked":["HollowMod:AwokenDreamNail","HollowMod:VoidDash"],"picked":"HollowMod:theNailsmith","floor":16},{"not_picked":["HollowMod:AbyssShriek","HollowMod:SoulVessel","HollowMod:SoulSplash"],"picked":"SKIP","floor":18},{"not_picked":["HollowMod:SiblingsShadow+1","HollowMod:DescendingDark+1","HollowMod:ChannelNail"],"picked":"SKIP","floor":22},{"not_picked":["HollowMod:DescendingDark","HollowMod:InfectedAttack","HollowMod:CoiledNail+1"],"picked":"SKIP","floor":24}],"player_experience":636860,"relics_obtained":[{"floor":6,"key":"Old Coin"},{"floor":9,"key":"Gambling Chip"},{"floor":12,"key":"Toy Ornithopter"},{"floor":26,"key":"HollowMod:KingsBrand"}],"event_choices":[{"damage_healed":0,"gold_gain":0,"player_choice":"Leave","damage_taken":0,"max_hp_gain":0,"max_hp_loss":0,"event_name":"The Cleric","floor":3,"gold_loss":0},{"damage_healed":0,"gold_gain":0,"player_choice":"Success","damage_taken":18,"relics_obtained":["Eternal Feather"],"max_hp_gain":0,"max_hp_loss":0,"event_name":"Scrap Ooze","floor":11,"gold_loss":0},{"damage_healed":0,"gold_gain":0,"player_choice":"Upgraded","damage_taken":0,"max_hp_gain":0,"max_hp_loss":0,"event_name":"Upgrade Shrine","floor":20,"gold_loss":0,"cards_upgraded":["HollowMod:NewLastStag"]}],"is_beta":false,"boss_relics":[{"not_picked":["Fusion Hammer","Empty Cage"],"picked":"Black Star"}],"items_purged_floors":[21],"is_endless":false,"potions_floor_spawned":[1,4,10,13,24],"killed_by":"Centurion and Healer","ascension_level":0}}