{"host":"htqwg582tjjtn9p7","time":1609331553,"event":{"mods":["2.2 Compatiblity","AchievementEnabler","Act Like it!","Aspiration","BaseMod","Better Third Choice","Colored Map","Conspire","Curses Come First","Displayed Cursed Tome","Energized Spire","Force Act Four","GifTheSpireLib","Hermit","Highlight Path","JesterMod","Mad Scientist","Minty Spire (QoL Compilation)","Pale of the Ancients","Permanent Neow","Random Character Button","Relic Stats","Replay The Spire","Robot Space Explorer","Somnambulant","Spicy Shops","Spikes Relics","StSLib","Stuff the Spire","The Blue Laboratory","The Disciple","The Dragon Tamer","The Forsaken","The Gatherer","The Judge","The Jungle","The Marked","The Runesmith","The Servant 0.9.4"],"gold_per_floor":[13,0,0,0,0,0,26,36,89,101,101,127,127,147,147,221,221,121,121,121,139,67,67,93,93,93],"floor_reached":25,"playtime":1465,"items_purged":[],"score":416,"play_id":"8de51667-948a-462f-b2b7-e2e3d3e58cdb","local_time":"20201230133233","is_ascension_mode":true,"campfire_choices":[{"data":"theForsaken:Smite","floor":6,"key":"SMITH"},{"data":"theForsaken:ShieldBash","floor":11,"key":"SMITH"},{"data":"theForsaken:StoreUp","floor":15,"key":"SMITH"},{"data":"theForsaken:HymnOfPatience","floor":23,"key":"SMITH"}],"circlet_count":0,"master_deck":["AscendersBane","theForsaken:TheForsaken_Defend","theForsaken:TheForsaken_Defend","theForsaken:TheForsaken_Defend","theForsaken:Smite+1","theForsaken:Penitence","theForsaken:DivineGuidance","TalkToTheHand","theForsaken:FuryStrikes","theForsaken:Devotion","theForsaken:ShieldBash+1","theForsaken:ShieldBash","theForsaken:StoreUp+1","theForsaken:SpreadingPlague","theForsaken:DarkRift+1","theForsaken:CleansingLight+1","theForsaken:FatRoll+1","theForsaken:CorruptDeck","theForsaken:HymnOfPatience+1"],"relics":["theForsaken:JudgementScales","betterThird:SlimedRelic","theForsaken:Lifeblossom","Anchor","Oddly Smooth Stone","Astrolabe","aspiration:Stabinomicon"],"acts_visited":["Exordium","TheCity"],"potions_floor_usage":[7,16,16,21],"damage_taken":[{"damage":18,"enemies":"2 Louse","floor":1,"turns":10},{"damage":37,"enemies":"Lagavulin","floor":7,"turns":14},{"damage":4,"enemies":"Small Slimes","floor":8,"turns":11},{"damage":0,"enemies":"conspire:RoseBush","floor":10,"turns":4},{"damage":44,"enemies":"3 Sentries","floor":12,"turns":15},{"damage":0,"enemies":"3 Louse","floor":14,"turns":5},{"damage":54,"enemies":"Fading Forest","floor":16,"turns":11},{"damage":20,"enemies":"2 Thieves","floor":18,"turns":5},{"damage":13,"enemies":"conspire:FuzzyDice","floor":21,"turns":14},{"damage":44,"enemies":"Book of Stabbing","floor":24,"turns":9},{"damage":115,"enemies":"Cultist and Chosen","floor":25,"turns":11}],"seed_played":"-6284171525988789226","potions_obtained":[{"floor":1,"key":"EssenceOfSteel"},{"floor":8,"key":"blueLaboratory:HeartbeatPotion"},{"floor":12,"key":"SpeedPotion"},{"floor":16,"key":"PowerPotion"}],"is_trial":false,"path_per_floor":["M","?","?","?","$","R","E","M","T","M","R","E","?","M","R","B",null,"M","?","?","M","$","R","E","M"],"character_chosen":"THE_FORSAKEN","items_purchased":["theForsaken:HymnOfPatience"],"campfire_rested":0,"item_purchase_floors":[22],"current_hp_per_floor":[45,34,16,16,16,16,18,63,63,63,63,52,45,57,57,20,52,63,63,63,63,63,63,62,0,0],"gold":93,"neow_bonus":"THREE_RARE_CARDS","is_daily":false,"chose_seed":false,"campfire_upgraded":4,"win_rate":0.0,"timestamp":1609331553,"path_taken":["M","?","?","?","$","R","E","M","T","M","R","E","?","M","R","BOSS","M","?","?","M","$","R","E","M"],"items_purchased_type":["Card"],"build_version":"2020-12-22","purchased_purges":0,"victory":false,"max_hp_per_floor":[63,63,63,63,63,63,63,63,63,63,63,63,63,63,63,63,63,63,63,63,63,63,63,63,63,63],"relic_stats":{"counters":[11,109],"Astrolabe":["theForsaken:DarkRift","theForsaken:CleansingLight","theForsaken:FatRoll"],"obtain_stats":[{"Anchor":9,"betterThird:SlimedRelic":2,"Astrolabe":17,"Oddly Smooth Stone":12,"theForsaken:Lifeblossom":7,"aspiration:Stabinomicon":24,"theForsaken:JudgementScales":0},{"Anchor":3,"betterThird:SlimedRelic":1,"Astrolabe":7,"Oddly Smooth Stone":5,"theForsaken:Lifeblossom":2,"aspiration:Stabinomicon":10,"theForsaken:JudgementScales":0},{"Anchor":35,"betterThird:SlimedRelic":10,"Astrolabe":70,"Oddly Smooth Stone":54,"theForsaken:Lifeblossom":24,"aspiration:Stabinomicon":98,"theForsaken:JudgementScales":0}]},"card_choices":[{"not_picked":["theForsaken:CorruptDeck","theForsaken:Retribution"],"picked":"theForsaken:DivineGuidance","floor":0},{"not_picked":["theForsaken:HymnOfRest","theForsaken:Parry","theForsaken:CorruptedWord"],"picked":"SKIP","floor":1},{"not_picked":["theForsaken:FatRoll","theForsaken:HealingLight"],"picked":"theForsaken:FuryStrikes","floor":7},{"not_picked":["theForsaken:SiphonStrike","theForsaken:SolarFlare"],"picked":"theForsaken:Devotion","floor":8},{"not_picked":["theForsaken:LightRoll","theForsaken:Preservation"],"picked":"theForsaken:ShieldBash","floor":10},{"not_picked":["theForsaken:DarkBargain","theForsaken:DefensiveStance"],"picked":"theForsaken:ShieldBash","floor":12},{"not_picked":["theForsaken:InspiringBlow","theForsaken:SolarFlare"],"picked":"theForsaken:StoreUp","floor":14},{"not_picked":["theForsaken:Confusion","theForsaken:Purification"],"picked":"theForsaken:SpreadingPlague","floor":16},{"not_picked":["theForsaken:SpinAttack","theForsaken:BottledPlague","theForsaken:CleansingLight"],"picked":"SKIP","floor":18},{"not_picked":["theForsaken:LightRoll","theForsaken:FuryStrikes","theForsaken:RainingSunlight+1"],"picked":"SKIP","floor":21},{"not_picked":["theForsaken:BountifulSunlight","theForsaken:ShieldCharge+1","theForsaken:BlessedWeapon"],"picked":"SKIP","floor":24}],"player_experience":1826913,"relics_obtained":[{"floor":7,"key":"theForsaken:Lifeblossom"},{"floor":9,"key":"Anchor"},{"floor":12,"key":"Oddly Smooth Stone"},{"floor":24,"key":"aspiration:Stabinomicon"}],"event_choices":[{"damage_healed":0,"gold_gain":0,"player_choice":"Slimed","damage_taken":11,"max_hp_gain":0,"max_hp_loss":0,"event_name":"betterThird:BetterGoop","floor":2,"gold_loss":13},{"damage_healed":0,"gold_gain":1,"player_choice":"Card ","damage_taken":18,"max_hp_gain":0,"max_hp_loss":0,"event_name":"betterThird:BetterScrap","floor":3,"gold_loss":0,"cards_obtained":["TalkToTheHand","StuffTheSpire:LaunchingStrike"]},{"cards_removed":["theForsaken:TheForsaken_Strike"],"damage_healed":0,"gold_gain":0,"player_choice":"Card Removal","damage_taken":7,"max_hp_gain":0,"max_hp_loss":0,"event_name":"Golden Wing","floor":13,"gold_loss":0},{"damage_healed":0,"gold_gain":0,"cards_transformed":["theForsaken:TheForsaken_Defend"],"player_choice":"Transformed","damage_taken":0,"max_hp_gain":0,"max_hp_loss":0,"event_name":"Transmorgrifier","floor":20,"gold_loss":0,"cards_obtained":["theForsaken:CorruptDeck"]}],"is_beta":false,"boss_relics":[{"not_picked":["aspiration:RunesmithSkillbook","Snecko Heart"],"picked":"Astrolabe"}],"items_purged_floors":[],"is_endless":false,"potions_floor_spawned":[1,8,12,16],"killed_by":"Cultist and Chosen","ascension_level":17}}