{"host":"a1u4jo6xlg3w0wsm","time":1609317748,"event":{"mods":["BaseMod","Better Third Choice","DeckTracker","Downfall","Hermit","Hubris","Minty Spire (QoL Compilation)","Rare Cards Sparkle","Replay The Spire","StSLib"],"gold_per_floor":[109,109,177,4,28,72,91,91,91,15,29,29,63,338,338,469,469,493,518,531,531,531,531,531,531],"floor_reached":24,"playtime":1622,"items_purged":[],"score":264,"play_id":"bbbee014-1b9b-4541-b4fd-c4adc46f4f32","local_time":"20201230214228","is_ascension_mode":true,"campfire_choices":[{"data":"hermit:Maintenance","floor":8.0,"key":"SMITH"},{"floor":12.0,"key":"REST"},{"data":"hermit:Maintenance","floor":15.0,"key":"SMITH"},{"data":"hermit:Maintenance","floor":23.0,"key":"SMITH"}],"circlet_count":0,"master_deck":["hermit:Strike_Hermit","hermit:Strike_Hermit","hermit:Strike_Hermit","hermit:Strike_Hermit","hermit:Defend_Hermit+1","hermit:Defend_Hermit+1","hermit:Defend_Hermit","hermit:Defend_Hermit","hermit:Snapshot","hermit:Covet","Normality","hermit:Roughhouse","hermit:Headshot","Injury","hermit:TrackingShot","hermit:Maintenance+1","hermit:LowProfile","hermit:Spite","hermit:Glare","hermit:Roulette","hermit:Maintenance+1","hermit:Shortfuse","hermit:Malice","Regret","hermit:Adapt","hermit:Dive","hermit:Maintenance+1","hermit:TakeAim+1"],"relics":["hermit:Momento","Golden Idol","Replay:Ringing Soul","Simple Rune","Oddly Smooth Stone","hubris:ToyBattleship","WingedGreaves","hermit:BartenderGlass","betterThird:NestCultRelic"],"acts_visited":["Exordium","TheCity"],"potions_floor_usage":[],"damage_taken":[{"damage":6.0,"enemies":"Jaw Worm","floor":1.0,"turns":2.0},{"damage":5.0,"enemies":"2 Louse","floor":5.0,"turns":2.0},{"damage":8.0,"enemies":"Replay:BlueRogue","floor":6.0,"turns":9.0},{"damage":0.0,"enemies":"Cultist","floor":7.0,"turns":5.0},{"damage":3.0,"enemies":"2 Fungi Beasts","floor":11.0,"turns":4.0},{"damage":9.0,"enemies":"3 Sentries","floor":13.0,"turns":5.0},{"damage":33.0,"enemies":"The Guardian","floor":16.0,"turns":10.0},{"damage":25.0,"enemies":"2 Thieves","floor":18.0,"turns":5.0},{"damage":49.0,"enemies":"3 Byrds","floor":19.0,"turns":10.0},{"damage":13.0,"enemies":"3 Cultists","floor":20.0,"turns":6.0},{"damage":0,"enemies":"Slavers","floor":24,"turns":1}],"seed_played":"-6008243210349755181","potions_obtained":[{"floor":6.0,"key":"hermit:Tonic"},{"floor":7.0,"key":"ColorlessPotion"},{"floor":16.0,"key":"Regen Potion"},{"floor":18.0,"key":"Block Potion"},{"floor":19.0,"key":"hexamod:EctoCoolerPotion"}],"is_trial":false,"path_per_floor":["M","?","?","$","M","E","M","R","T","$","M","R","E","?","R","B",null,"M","M","M","?","?","R","E"],"character_chosen":"HERMIT","items_purchased":["Simple Rune","hermit:LowProfile","hermit:Maintenance"],"campfire_rested":1,"item_purchase_floors":[4,4,10],"current_hp_per_floor":[69,69,42,45,43,38,41,41,41,44,44,72,66,69,69,39,105,83,52,42,42,80,80,80,80],"gold":531,"neow_bonus":"THREE_RARE_CARDS","is_daily":false,"chose_seed":false,"campfire_upgraded":3,"win_rate":0.0,"timestamp":1609317748,"path_taken":["M","?","?","$","M","E","?","R","T","$","M","R","E","?","R","BOSS","M","?","?","?","?","R","E"],"items_purchased_type":["Relic","Card","Card"],"build_version":"2020-12-13","purchased_purges":0,"victory":false,"max_hp_per_floor":[75,75,78,81,84,87,90,90,90,93,96,96,99,102,102,105,105,108,111,114,114,114,114,114,114],"card_choices":[{"not_picked":["hermit:OverwhelmingPower","hermit:Purgatory"],"picked":"hermit:Roughhouse","floor":0.0},{"not_picked":["hermit:Desperado","hermit:LowProfile"],"picked":"hermit:Headshot","floor":1.0},{"not_picked":["hermit:DeadMansHand","hermit:BigShot"],"picked":"hermit:TrackingShot","floor":3.0},{"not_picked":["hermit:Showdown","hermit:Vantage"],"picked":"hermit:Maintenance","floor":3.0},{"not_picked":["hermit:LuckOfTheDraw","hermit:Dive"],"picked":"hermit:Spite","floor":5.0},{"not_picked":["hermit:WideOpen","hermit:Misfire"],"picked":"hermit:Glare","floor":6.0},{"not_picked":["hermit:Glare","hermit:Vantage"],"picked":"hermit:Roulette","floor":7.0},{"not_picked":["hermit:BodyArmor","hermit:Deadeye"],"picked":"hermit:Shortfuse","floor":11.0},{"not_picked":["hermit:PistolWhip","hermit:Feint"],"picked":"hermit:Malice","floor":13.0},{"not_picked":["hermit:Dissolve","hermit:HeroicBravado"],"picked":"hermit:Adapt","floor":16.0},{"not_picked":["hermit:Coalescence","hermit:BodyArmor"],"picked":"hermit:Dive","floor":18.0},{"not_picked":["hermit:Desperado+1","hermit:SprayPray"],"picked":"hermit:Maintenance","floor":19.0},{"not_picked":["hermit:PistolWhip","hermit:Coalescence"],"picked":"hermit:TakeAim+1","floor":20.0}],"player_experience":235234,"relics_obtained":[{"floor":3.0,"key":"Replay:Ringing Soul"},{"floor":6.0,"key":"Oddly Smooth Stone"},{"floor":9.0,"key":"hubris:ToyBattleship"},{"floor":13.0,"key":"WingedGreaves"}],"event_choices":[{"damage_healed":0.0,"max_hp_gain":0.0,"max_hp_loss":0.0,"gold_gain":0.0,"event_name":"Golden Idol","player_choice":"Take Wound","floor":2.0,"gold_loss":0.0,"damage_taken":0.0,"relics_obtained":["Golden Idol"],"cards_obtained":["Injury"]},{"damage_healed":0.0,"max_hp_gain":0.0,"max_hp_loss":0.0,"gold_gain":275.0,"event_name":"Golden Shrine","player_choice":"Desecrate","floor":14.0,"gold_loss":0.0,"damage_taken":0.0,"cards_obtained":["Regret"]},{"damage_healed":0.0,"max_hp_gain":0.0,"max_hp_loss":0.0,"gold_gain":0.0,"event_name":"betterThird:BetterNest","player_choice":"Madness","floor":21.0,"gold_loss":0.0,"damage_taken":0.0,"relics_obtained":["betterThird:NestCultRelic"]},{"damage_healed":38.0,"max_hp_gain":0.0,"max_hp_loss":0.0,"gold_gain":0.0,"event_name":"The Library","player_choice":"Heal","floor":22.0,"gold_loss":0.0,"damage_taken":0.0}],"is_beta":false,"boss_relics":[{"not_picked":["hubris:BlackHole","Snecko Eye"],"picked":"hermit:BartenderGlass"}],"items_purged_floors":[],"is_endless":false,"potions_floor_spawned":[6,7,16,18,19],"killed_by":"Slavers","ascension_level":1}}