{"host":"xgnmnr8f8w1a0eo3","time":1609305186,"event":{"mods":["BaseMod","Downfall","Highlight Path","Minty Spire (QoL Compilation)","Permanent Neow","Relic Stats","StSLib","everything is the same but u backflip on backflip"],"gold_per_floor":[0,19,194,294,294,294,294,294,322,422,439,465,465,70,83,184,184,184,203,203,303,320,320,372,390,416,433,126,70,70,104,120,120,120],"floor_reached":33,"playtime":2567,"items_purged":["Doubt","Writhe","sneckomod:Strike"],"score":406,"play_id":"46004be9-ee76-499f-b857-75f29988b4f5","local_time":"20201230001306","is_ascension_mode":true,"campfire_choices":[{"data":"sneckomod:SerpentMind","floor":1.0,"key":"SMITH"},{"data":"sneckomod:SnekBite","floor":6.0,"key":"SMITH"},{"data":"sneckomod:UnknownStrike","floor":8.0,"key":"SMITH"},{"data":"sneckomod:DefensiveFlair","floor":13.0,"key":"SMITH"},{"data":"sneckomod:UnknownWeak","floor":18.0,"key":"SMITH"},{"floor":23.0,"key":"REST"}],"circlet_count":0,"master_deck":["sneckomod:Strike","sneckomod:Strike","sneckomod:Defend","sneckomod:Defend","sneckomod:Defend","sneckomod:TailWhip","sneckomod:SnekBite+1","sneckomod:Unknown","sneckomod:Unknown","sneckomod:SerpentMind+1","sneckomod:UnknownStrike+1","sneckomod:UnknownRarePower","sneckomod:UnknownWeak+1","sneckomod:DefensiveFlair+1","sneckomod:UnknownStrike+1","sneckomod:UnknownStrike+1","sneckomod:Nope","sneckomod:UnknownClassSLIMEBOUND","sneckomod:QuickBite+1","sneckomod:UnknownColorless","sneckomod:UnknownCommonSkill","sneckomod:SoulRoll","sneckomod:UnknownCommonAttack+1","sneckomod:SoulDraw","sneckomod:UnknownBlock","sneckomod:UnknownWeak","sneckomod:TrashToTreasure","sneckomod:Unknown1Cost","sneckomod:UnknownUncommonPower","sneckomod:SnakeSap+1","sneckomod:UnknownStrike+1","sneckomod:UnknownDexterity","sneckomod:UnknownWeak","sneckomod:CheapStock","sneckomod:UnknownRareAttack+1","sneckomod:QuickMove"],"relics":["sneckomod:SneckoSoul","StrikeDummy","Molten Egg 2","Happy Flower","Smiling Mask","Regal Pillow","Black Star","Bag of Preparation","White Beast Statue","Potion Belt","PreservedInsect","Eternal Feather","sneckomod:LoadedDie","Ginger","Kunai"],"acts_visited":["Exordium","TheCity"],"potions_floor_usage":[29,31,31,33],"damage_taken":[{"damage":19.0,"enemies":"Cultist","floor":2.0,"turns":3.0},{"damage":31.0,"enemies":"Lagavulin","floor":9.0,"turns":7.0},{"damage":0.0,"enemies":"Small Slimes","floor":11.0,"turns":3.0},{"damage":3.0,"enemies":"Gremlin Nob","floor":12.0,"turns":3.0},{"damage":0.0,"enemies":"downfall:FleeingMerchant","floor":14.0,"turns":4.0},{"damage":11.0,"enemies":"Jaw Worm","floor":15.0,"turns":2.0},{"damage":40.0,"enemies":"downfall:Ironclad","floor":16.0,"turns":6.0},{"damage":21.0,"enemies":"Shell Parasite","floor":19.0,"turns":3.0},{"damage":30.0,"enemies":"downfall:LadyInBlue","floor":21.0,"turns":7.0},{"damage":14.0,"enemies":"Spheric Guardian","floor":22.0,"turns":4.0},{"damage":30.0,"enemies":"Snake Plant","floor":25.0,"turns":3.0},{"damage":10.0,"enemies":"Gremlin Leader","floor":26.0,"turns":6.0},{"damage":38.0,"enemies":"Centurion and Healer","floor":27.0,"turns":5.0},{"damage":15.0,"enemies":"downfall:FleeingMerchant","floor":28.0,"turns":4.0},{"damage":9,"enemies":"downfall:FleeingMerchant","floor":29,"turns":4},{"damage":18,"enemies":"Slavers","floor":31,"turns":4},{"damage":9,"enemies":"Snecko","floor":32,"turns":3},{"damage":58,"enemies":"downfall:Silent","floor":33,"turns":6}],"seed_played":"-6398564036280320773","potions_obtained":[{"floor":12.0,"key":"EssenceOfSteel"},{"floor":15.0,"key":"PowerPotion"},{"floor":16.0,"key":"Strength Potion"},{"floor":25.0,"key":"Regen Potion"},{"floor":26.0,"key":"Regen Potion"},{"floor":27.0,"key":"ColorlessPotion"},{"floor":28.0,"key":"EssenceOfSteel"},{"floor":29,"key":"BlessingOfTheForge"},{"floor":31,"key":"SneckoOil"},{"floor":32,"key":"Ancient Potion"}],"is_trial":false,"path_per_floor":["R","M","?","?","T","R","T","R","E","?","M","E","R","$","M","B",null,"R","M","?","?","M","R","T","M","E","M","$","$","T","E","M","B"],"character_chosen":"THE_SNECKO","items_purchased":["sneckomod:UnknownStrike+1","sneckomod:Nope","Regal Pillow","sneckomod:UnknownClassSLIMEBOUND","sneckomod:TrashToTreasure","sneckomod:Unknown1Cost","sneckomod:UnknownUncommonPower","sneckomod:SnakeSap+1","sneckomod:LoadedDie","sneckomod:UnknownDexterity","sneckomod:UnknownWeak","sneckomod:CheapStock"],"campfire_rested":1,"item_purchase_floors":[14,14,14,14,28,28,28,28,29,29,29,29],"current_hp_per_floor":[90,87,87,87,87,87,87,87,61,61,62,59,59,62,51,12,97,97,77,77,51,40,84,84,69,94,57,45,39,39,66,57,0,0],"gold":120,"neow_bonus":"THREE_RARE_CARDS","is_daily":false,"chose_seed":false,"campfire_upgraded":5,"win_rate":0.0,"timestamp":1609305186,"path_taken":["R","M","?","?","?","R","T","R","E","?","M","E","R","$","M","BOSS","R","M","?","?","M","R","T","?","E","M","?","$","?","E","M","BOSS"],"items_purchased_type":["Card","Card","Relic","Card","Card","Card","Card","Card","Relic","Card","Card","Card"],"build_version":"2020-12-22","purchased_purges":3,"victory":false,"max_hp_per_floor":[90,91,91,91,91,91,91,91,92,92,93,93,93,96,96,97,97,97,98,98,98,99,99,99,99,99,100,103,106,106,107,107,107,107],"relic_stats":{"Regal Pillow":15,"Happy Flower":[22],"counters":[18,77],"Eternal Feather":0,"PreservedInsect":116,"Black Star":2,"Bag of Preparation":[20],"Ginger":[2],"Kunai":[5],"Smiling Mask":150,"obtain_stats":[{"Potion Belt":24,"Regal Pillow":14,"Happy Flower":9,"sneckomod:LoadedDie":29,"Eternal Feather":26,"PreservedInsect":26,"Bag of Preparation":20,"Ginger":31,"sneckomod:SneckoSoul":0,"Smiling Mask":12,"White Beast Statue":21,"Molten Egg 2":7,"Black Star":17,"Kunai":31,"StrikeDummy":5},{"Potion Belt":10,"Regal Pillow":5,"Happy Flower":2,"sneckomod:LoadedDie":15,"Eternal Feather":12,"PreservedInsect":12,"Bag of Preparation":8,"Ginger":16,"sneckomod:SneckoSoul":0,"Smiling Mask":4,"White Beast Statue":9,"Molten Egg 2":1,"Black Star":7,"Kunai":16,"StrikeDummy":1},{"Potion Belt":42,"Regal Pillow":20,"Happy Flower":10,"sneckomod:LoadedDie":64,"Eternal Feather":51,"PreservedInsect":51,"Bag of Preparation":31,"Ginger":68,"sneckomod:SneckoSoul":0,"Smiling Mask":16,"White Beast Statue":38,"Molten Egg 2":3,"Black Star":28,"Kunai":68,"StrikeDummy":3}]},"card_choices":[{"not_picked":["sneckomod:UnknownRarePower","sneckomod:Mudshield"],"picked":"sneckomod:SerpentMind","floor":0.0},{"not_picked":["sneckomod:UnknownCommonAttack","sneckomod:RainOfDice"],"picked":"sneckomod:UnknownStrike","floor":2.0},{"not_picked":["sneckomod:SerpentMind","sneckomod:IronFang+1"],"picked":"sneckomod:UnknownRarePower","floor":9.0},{"not_picked":["sneckomod:Unknown2Cost","sneckomod:UnknownUncommonPower"],"picked":"sneckomod:UnknownWeak","floor":11.0},{"not_picked":["sneckomod:DiceBlock","sneckomod:UnknownClassTHE_CHAMP_GRAY"],"picked":"sneckomod:DefensiveFlair","floor":12.0},{"not_picked":["sneckomod:UnknownCommonAttack+1","sneckomod:DiceBlock"],"picked":"sneckomod:UnknownStrike+1","floor":14.0},{"not_picked":["sneckomod:DiceCrush+1","sneckomod:DiceBlock"],"picked":"sneckomod:QuickBite+1","floor":15.0},{"not_picked":["sneckomod:Cheat","sneckomod:Unknown3Cost"],"picked":"sneckomod:UnknownColorless","floor":16.0},{"not_picked":["sneckomod:UnknownClassSLIMEBOUND","sneckomod:UnknownBlock"],"picked":"sneckomod:UnknownCommonSkill","floor":19.0},{"not_picked":["sneckomod:UnknownUncommonSkill","sneckomod:IronFang+1"],"picked":"sneckomod:SoulRoll","floor":21.0},{"not_picked":["sneckomod:CheapStock","sneckomod:UnknownBlock+1"],"picked":"sneckomod:UnknownCommonAttack+1","floor":22.0},{"not_picked":["sneckomod:DiceCrush+1","sneckomod:UnknownUncommonPower+1"],"picked":"sneckomod:SoulDraw","floor":25.0},{"not_picked":["sneckomod:SoulDraw","sneckomod:GlitteringGambit","sneckomod:Unknown2Cost"],"picked":"SKIP","floor":26.0},{"not_picked":["sneckomod:UnknownCommonSkill","sneckomod:DiceBlock"],"picked":"sneckomod:UnknownBlock","floor":27.0},{"not_picked":["sneckomod:Nope+1","sneckomod:Unknown1Cost"],"picked":"sneckomod:UnknownWeak","floor":28.0},{"not_picked":["sneckomod:UnknownX","sneckomod:WideSting+1"],"picked":"sneckomod:UnknownStrike+1","floor":29},{"not_picked":["sneckomod:UnknownClassGUARDIAN","sneckomod:UnknownUncommonSkill"],"picked":"sneckomod:UnknownRareAttack+1","floor":31},{"not_picked":["sneckomod:UnknownBlock","sneckomod:RainOfDice+1"],"picked":"sneckomod:QuickMove","floor":32}],"player_experience":1176164,"relics_obtained":[{"floor":5.0,"key":"StrikeDummy"},{"floor":7.0,"key":"Molten Egg 2"},{"floor":9.0,"key":"Happy Flower"},{"floor":12.0,"key":"Smiling Mask"},{"floor":21.0,"key":"White Beast Statue"},{"floor":24.0,"key":"Potion Belt"},{"floor":26.0,"key":"PreservedInsect"},{"floor":26.0,"key":"Eternal Feather"},{"floor":31,"key":"Ginger"},{"floor":31,"key":"Kunai"}],"event_choices":[],"is_beta":false,"boss_relics":[{"not_picked":["downfall:Hecktoplasm","SacredBark"],"picked":"Black Star"}],"items_purged_floors":[14,28,29],"is_endless":false,"potions_floor_spawned":[12,15,16,19,22,25,26,27,28,29,31,32],"killed_by":"downfall:Silent","ascension_level":1}}