{"host":"t8l92xzjkmihtain","time":1609315810,"event":{"mods":["AchievementEnabler","BaseMod","Colored Map","Minty Spire (QoL Compilation)","Rare Cards Sparkle","SuperFastMode","everything is the same but u backflip on backflip"],"gold_per_floor":[119,119,119,143,71,111,111,37,119,137,137,161,161,199,199,318,318,341,192,206,206,206,206],"floor_reached":22,"playtime":829,"items_purged":[],"score":247,"play_id":"1d3e87a2-3793-48d5-be46-c4a5170d3dbc","local_time":"20201230171010","is_ascension_mode":true,"campfire_choices":[{"data":"Barricade","floor":7,"key":"SMITH"},{"data":"Entrench","floor":13,"key":"SMITH"},{"floor":15,"key":"REST"}],"circlet_count":0,"master_deck":["Strike_R","Strike_R","Strike_R","Strike_R","Strike_R","Defend_R","Defend_R","Defend_R","Defend_R","Bash+1","Anger+1","Armaments","Seeing Red","Barricade+1","Entrench+1"],"relics":["Black Blood","NeowsBlessing","Golden Idol","Pear","Bottled Lightning","Bag of Preparation","Mercury Hourglass","PreservedInsect","MutagenicStrength"],"acts_visited":["Exordium","TheCity"],"potions_floor_usage":[10,14,22],"damage_taken":[{"damage":0,"enemies":"Jaw Worm","floor":1,"turns":1},{"damage":0,"enemies":"2 Louse","floor":4,"turns":1},{"damage":0,"enemies":"Lagavulin","floor":6,"turns":1},{"damage":0,"enemies":"Cultist","floor":10,"turns":2},{"damage":46,"enemies":"Gremlin Nob","floor":14,"turns":5},{"damage":46,"enemies":"Hexaghost","floor":16,"turns":12},{"damage":32,"enemies":"Chosen","floor":18,"turns":5},{"damage":52,"enemies":"Shell Parasite","floor":20,"turns":8},{"damage":38,"enemies":"3 Cultists","floor":22,"turns":3}],"seed_played":"-5001682171864103775","potions_obtained":[{"floor":1,"key":"Fire Potion"},{"floor":10,"key":"LiquidMemories"},{"floor":20,"key":"AttackPotion"}],"is_trial":false,"path_per_floor":["M","?","?","M","$","E","R","$","T","M","$","T","R","E","R","B",null,"M","$","M","?","M"],"character_chosen":"IRONCLAD","items_purchased":["Seeing Red","Entrench","PreservedInsect"],"campfire_rested":1,"item_purchase_floors":[5,8,19],"current_hp_per_floor":[80,64,44,50,50,66,66,66,66,72,72,72,72,32,59,19,90,70,70,30,30,0,0],"gold":206,"neow_bonus":"THREE_ENEMY_KILL","is_daily":false,"chose_seed":false,"campfire_upgraded":2,"win_rate":0.0,"timestamp":1609315810,"path_taken":["M","?","?","M","?","E","R","$","T","?","$","?","R","E","R","BOSS","M","$","M","?","M"],"items_purchased_type":["Card","Card","Relic"],"build_version":"2020-12-22","purchased_purges":0,"victory":false,"max_hp_per_floor":[80,80,80,80,80,90,90,90,90,90,90,90,90,90,90,90,90,90,90,90,90,90,90],"card_choices":[{"not_picked":["Sever Soul","Rage"],"picked":"Anger","floor":1},{"not_picked":["Sword Boomerang","Shrug It Off"],"picked":"Armaments","floor":4},{"not_picked":["Second Wind","Burning Pact"],"picked":"Barricade","floor":6},{"not_picked":["Uppercut","Anger","Pommel Strike"],"picked":"SKIP","floor":10},{"not_picked":["True Grit","Flex","Havoc"],"picked":"SKIP","floor":14},{"not_picked":["Pummel","Dual Wield","Headbutt"],"picked":"SKIP","floor":18},{"not_picked":["Clothesline","Searing Blow","Anger"],"picked":"SKIP","floor":20}],"player_experience":30446,"relics_obtained":[{"floor":6,"key":"Pear"},{"floor":9,"key":"Bottled Lightning"},{"floor":12,"key":"Bag of Preparation"},{"floor":14,"key":"Mercury Hourglass"}],"event_choices":[{"damage_healed":0,"gold_gain":0,"player_choice":"Entered Light","damage_taken":16,"max_hp_gain":0,"max_hp_loss":0,"event_name":"Shining Light","floor":2,"gold_loss":0,"cards_upgraded":["Bash","Anger"]},{"damage_healed":0,"gold_gain":0,"player_choice":"Take Damage","damage_taken":20,"relics_obtained":["Golden Idol"],"max_hp_gain":0,"max_hp_loss":0,"event_name":"Golden Idol","floor":3,"gold_loss":0},{"damage_healed":0,"gold_gain":0,"player_choice":"Inject Mutagens","damage_taken":0,"relics_obtained":["MutagenicStrength"],"max_hp_gain":0,"max_hp_loss":0,"event_name":"Drug Dealer","floor":21,"gold_loss":0}],"is_beta":false,"boss_relics":[{"not_picked":["Cursed Key","Snecko Eye"],"picked":"Black Blood"}],"items_purged_floors":[],"is_endless":false,"potions_floor_spawned":[1,10,20],"killed_by":"3 Cultists","ascension_level":3}}