{"host":"2lo6hma6kymb0g9i","time":1609305680,"event":{"mods":["BaseMod","Colored Map","DeckTracker","Minty Spire (QoL Compilation)"],"gold_per_floor":[118,118,137,157,175,207,207,238,238,258,258,278,180,214,214,214,214],"floor_reached":16,"playtime":812,"items_purged":["Strike_B"],"score":146,"play_id":"663a7e38-27ab-493d-8f52-f03dd48ee80f","local_time":"20201230142120","is_ascension_mode":true,"campfire_choices":[{"data":"Dualcast","floor":7,"key":"SMITH"},{"floor":11,"key":"REST"},{"data":"Redo","floor":15,"key":"SMITH"}],"circlet_count":0,"master_deck":["Strike_B","Strike_B","Strike_B","Defend_B+1","Defend_B","Defend_B+1","Defend_B","Zap","Dualcast+1","Doom and Gloom","Ball Lightning","Rebound","Sweeping Beam","Melter","Chaos","Loop","Redo+1","Hologram"],"relics":["Cracked Core","War Paint","NlothsMask","Blood Vial","InkBottle","WingedGreaves"],"acts_visited":["Exordium"],"potions_floor_usage":[14,16],"damage_taken":[{"damage":0,"enemies":"Jaw Worm","floor":1,"turns":4},{"damage":1,"enemies":"Cultist","floor":3,"turns":3},{"damage":0,"enemies":"2 Louse","floor":4,"turns":2},{"damage":14,"enemies":"Red Slaver","floor":5,"turns":3},{"damage":16,"enemies":"Gremlin Nob","floor":6,"turns":3},{"damage":25,"enemies":"Lagavulin","floor":8,"turns":7},{"damage":8,"enemies":"Exordium Thugs","floor":10,"turns":3},{"damage":14,"enemies":"3 Louse","floor":12,"turns":3},{"damage":5,"enemies":"3 Sentries","floor":14,"turns":4},{"damage":28,"enemies":"The Guardian","floor":16,"turns":5}],"seed_played":"-6505651443935387053","potions_obtained":[{"floor":1,"key":"Strength Potion"},{"floor":3,"key":"Strength Potion"},{"floor":12,"key":"Energy Potion"}],"is_trial":false,"path_per_floor":["M","?","M","M","M","E","R","E","T","M","R","M","$","E","R","B"],"character_chosen":"DEFECT","items_purchased":["Redo"],"campfire_rested":1,"item_purchase_floors":[13],"current_hp_per_floor":[75,75,74,74,60,44,44,21,21,15,37,25,25,22,22,0,0],"gold":214,"neow_bonus":"RANDOM_COMMON_RELIC","is_daily":false,"chose_seed":false,"campfire_upgraded":2,"win_rate":0.0,"timestamp":1609305680,"path_taken":["M","?","?","M","?","E","R","E","T","M","R","M","?","E","R","BOSS"],"items_purchased_type":["Card"],"build_version":"2020-12-22","purchased_purges":1,"victory":false,"max_hp_per_floor":[75,75,75,75,75,75,75,75,75,75,75,75,75,75,75,75,75],"card_choices":[{"not_picked":["Aggregate","FTL"],"picked":"Doom and Gloom","floor":1},{"not_picked":["Steam","Stack"],"picked":"Ball Lightning","floor":3},{"not_picked":["Lockon","Reprogram"],"picked":"Rebound","floor":4},{"not_picked":["Stack","Self Repair"],"picked":"Sweeping Beam","floor":5},{"not_picked":["Stack","Steam"],"picked":"Melter","floor":6},{"not_picked":["Ball Lightning","Rip and Tear"],"picked":"Chaos","floor":8},{"not_picked":["Steam Power","Tempest"],"picked":"Loop","floor":10},{"not_picked":["Chaos","Lockon","Rebound"],"picked":"SKIP","floor":12},{"not_picked":["Buffer","Loop"],"picked":"Hologram","floor":14}],"player_experience":915246,"relics_obtained":[{"floor":6,"key":"Blood Vial"},{"floor":8,"key":"InkBottle"},{"floor":14,"key":"WingedGreaves"}],"event_choices":[{"damage_healed":0,"gold_gain":0,"player_choice":"Trade","damage_taken":0,"relics_obtained":["NlothsMask"],"max_hp_gain":0,"max_hp_loss":0,"event_name":"FaceTrader","floor":2,"gold_loss":0}],"is_beta":false,"boss_relics":[],"items_purged_floors":[13],"is_endless":false,"potions_floor_spawned":[1,3,12],"killed_by":"The Guardian","ascension_level":4}}