{"host":"jm9833yuloeli2yd","time":1609295134,"event":{"mods":["AchievementEnabler","BaseMod","Better Altar","Better Match","Better Note","Better Sensory Stone","Better Skull","Better Third Choice","Better Vampires","BetterRewards","Colored Map","Colored Powertips","DeckTracker","Marked Mod","Minty Spire (QoL Compilation)","Permanent Neow","Quick Restart","StSLib","SuperFastMode"],"gold_per_floor":[119,135,155,155,166,201,213,213,213],"floor_reached":8,"playtime":356,"items_purged":[],"score":120,"play_id":"78023476-b596-4548-9b90-941b4e8cf5a5","local_time":"20201229212534","is_ascension_mode":true,"campfire_choices":[],"circlet_count":0,"master_deck":["AscendersBane","Strike_G","Strike_G","Strike_G","Strike_G","Strike_G","Defend_G","Defend_G","Defend_G","Defend_G","Defend_G","Survivor","Neutralize","Noxious Fumes","Apotheosis","Leg Sweep","Blur","The Bomb","Dagger Throw","Predator"],"relics":["Ring of the Snake","Bronze Scales","Pocketwatch","HandDrill","Akabeko"],"acts_visited":["Exordium"],"potions_floor_usage":[8,8],"damage_taken":[{"damage":0.0,"enemies":"2 Louse","floor":1.0,"turns":3.0},{"damage":5.0,"enemies":"Small Slimes","floor":2.0,"turns":4.0},{"damage":0.0,"enemies":"Cultist","floor":3.0,"turns":5.0},{"damage":2.0,"enemies":"Large Slime","floor":5.0,"turns":6.0},{"damage":31.0,"enemies":"Gremlin Nob","floor":6.0,"turns":4.0},{"damage":4.0,"enemies":"3 Louse","floor":7.0,"turns":4.0},{"damage":10,"enemies":"3 Sentries","floor":8,"turns":5}],"seed_played":"1125912122944134520","potions_obtained":[{"floor":2.0,"key":"SkillPotion"},{"floor":6.0,"key":"SkillPotion"}],"is_trial":false,"path_per_floor":["M","M","M","?","M","E","M","E"],"character_chosen":"THE_SILENT","items_purchased":["Bronze Scales","Noxious Fumes","Apotheosis","HandDrill","AttackPotion"],"campfire_rested":0,"item_purchase_floors":[0,0,0,0,0],"current_hp_per_floor":[52,47,47,47,45,14,10,0,0],"gold":213,"neow_bonus":"","is_daily":false,"chose_seed":false,"campfire_upgraded":0,"win_rate":0.0,"timestamp":1609295134,"path_taken":["M","M","M","?","M","E","M","E"],"items_purchased_type":["Relic","Card","Card","Relic","Potion"],"build_version":"2020-12-22","purchased_purges":0,"victory":false,"max_hp_per_floor":[66,66,66,66,66,66,66,66,66],"card_choices":[{"not_picked":["Slice","Distraction","Flechettes"],"picked":"SKIP","floor":1.0},{"not_picked":["Reflex","Underhanded Strike"],"picked":"Leg Sweep","floor":2.0},{"not_picked":["Bane","Deflect"],"picked":"Blur","floor":3.0},{"not_picked":["Secret Weapon","Master of Strategy"],"picked":"The Bomb","floor":4.0},{"not_picked":["Sucker Punch","Infinite Blades"],"picked":"Dagger Throw","floor":5.0},{"not_picked":["Flying Knee","Slice","Quick Slash"],"picked":"SKIP","floor":6.0},{"not_picked":["Prepared","Dagger Spray"],"picked":"Predator","floor":7.0}],"player_experience":1195607,"relics_obtained":[{"floor":6.0,"key":"Akabeko"}],"event_choices":[{"damage_healed":0.0,"max_hp_gain":0.0,"max_hp_loss":0.0,"gold_gain":1.0,"event_name":"betterStone:BetterStone","player_choice":"1","floor":4.0,"gold_loss":0.0,"damage_taken":0.0}],"is_beta":false,"boss_relics":[],"items_purged_floors":[],"is_endless":false,"potions_floor_spawned":[2,3,5,6],"killed_by":"3 Sentries","ascension_level":20}}