{"host":"kmigwsj5rrfnig2m","time":1609301542,"event":{"mods":["BaseMod","Downfall","Minty Spire (QoL Compilation)","StSLib"],"gold_per_floor":[0,16,27,44,144,69,92,92,125,138,138,152,62,87,98,195,195,120,136,136,148,148,133,133,166,36,55,74,106,31,48,62,62,62,62],"floor_reached":33,"playtime":3688,"items_purged":["hexamod:Strike"],"score":391,"play_id":"395508e5-a17f-4ac3-9238-7e9b2080613b","local_time":"20201229231222","is_ascension_mode":true,"campfire_choices":[{"floor":1,"key":"RECALL"},{"data":"hexamod:PhantomCloak","floor":6,"key":"SMITH"},{"data":"hexamod:RetreatToShadows","floor":11,"key":"SMITH"},{"data":"hexamod:SearingWound","floor":18,"key":"SMITH"},{"data":"hexamod:GhostOfSpirePresent","floor":30,"key":"SMITH"}],"circlet_count":0,"master_deck":["hexamod:Sear","hexamod:Float","hexamod:BurningTouch","hexamod:ThirdSeal","hexamod:PhantomCloak+1","hexamod:ThermalTransfer","hexamod:GhostOfSpirePresent+1","hexamod:InspiringFlames","hexamod:BacktrackSmack","hexamod:Incineration","hexamod:SpectralSpark","hexamod:RetreatToShadows+1","hexamod:ThermalTransfer","hexamod:TimeWarp","hexamod:InspiringFlames","hexamod:GhostOfSpirePast","hexamod:GhostflameInferno","hexamod:SearingWound+1","hexamod:FastForward","Ghostly","Ghostly","Ghostly","hexamod:CouncilsJustice","hexamod:CouncilsJustice","hexamod:CouncilsJustice","hexamod:GhostOfSpirePresent+1","hexamod:Hexaguard","hexamod:GhostOfSpirePresent+1","hexamod:Again","hexamod:Rewind+1","hexamod:GhostOfSpirePast","hexamod:Haunt+1","hexamod:HeatShield+1","hexamod:RadiantFlame+1","hexamod:CatchUp+1","hexamod:PowerFromBeyond+1","hexamod:RainOfEmbers+1","hexamod:PhantomCloak+1","hexamod:AdvancingGuard+1"],"relics":["hexamod:SpiritBrand","Thread and Needle","downfall:HeartBlessingRed","hexamod:MatchstickCase","Akabeko","Anchor","Velvet Choker","downfall:HeartBlessingGreen","Toxic Egg 2","Du-Vu Doll","downfall:HeartBlessingBlue"],"acts_visited":["Exordium","TheCity"],"potions_floor_usage":[33],"damage_taken":[{"damage":0,"enemies":"Cultist","floor":2,"turns":3},{"damage":0,"enemies":"Small Slimes","floor":3,"turns":3},{"damage":2,"enemies":"Jaw Worm","floor":4,"turns":3},{"damage":9,"enemies":"downfall:Heads","floor":5,"turns":8},{"damage":29,"enemies":"Gremlin Nob","floor":9,"turns":6},{"damage":0,"enemies":"3 Louse","floor":10,"turns":3},{"damage":0,"enemies":"Red Slaver","floor":12,"turns":4},{"damage":0,"enemies":"downfall:FleeingMerchant","floor":13,"turns":4},{"damage":3,"enemies":"Lagavulin","floor":14,"turns":6},{"damage":3,"enemies":"Exordium Wildlife","floor":15,"turns":5},{"damage":5,"enemies":"downfall:Watcher","floor":16,"turns":6},{"damage":0,"enemies":"Chosen","floor":19,"turns":3},{"damage":1,"enemies":"Centurion and Healer","floor":21,"turns":7},{"damage":5,"enemies":"downfall:FleeingMerchant","floor":23,"turns":4},{"damage":11,"enemies":"Gremlin Leader","floor":25,"turns":7},{"damage":1,"enemies":"downfall:FleeingMerchant","floor":26,"turns":4},{"damage":1,"enemies":"3 Cultists","floor":27,"turns":5},{"damage":3,"enemies":"Snake Plant","floor":28,"turns":4},{"damage":3,"enemies":"Slavers","floor":29,"turns":6},{"damage":5,"enemies":"Centurion and Healer","floor":31,"turns":6},{"damage":3,"enemies":"Shelled Parasite and Fungi","floor":32,"turns":5},{"damage":16,"enemies":"downfall:Defect","floor":33,"turns":7}],"seed_played":"6914790803232670266","potions_obtained":[{"floor":2,"key":"Energy Potion"},{"floor":3,"key":"PowerPotion"},{"floor":10,"key":"Strength Potion"}],"is_trial":false,"path_per_floor":["R","M","M","M","?","R","T","?","E","M","R","M","$","E","M","B",null,"R","M","?","M","?","$","T","E","$","M","M","E","R","M","M","B"],"character_chosen":"THE_SPIRIT","items_purchased":["hexamod:GhostOfSpirePast","hexamod:Haunt+1"],"campfire_rested":0,"item_purchase_floors":[26,26],"current_hp_per_floor":[70,70,70,68,59,59,59,59,30,30,30,30,30,27,24,19,70,70,70,35,34,34,29,29,18,17,16,13,10,20,15,12,0,0,0],"gold":62,"neow_bonus":"ONE_RARE_RELIC","is_daily":false,"chose_seed":false,"campfire_upgraded":4,"win_rate":0.0,"timestamp":1609301542,"path_taken":["R","M","M","M","?","R","T","?","E","M","R","M","$","E","M","BOSS","R","M","?","M","?","$","T","E","$","M","M","E","R","M","M","BOSS"],"items_purchased_type":["Card","Card"],"build_version":"2020-12-22","purchased_purges":1,"victory":false,"max_hp_per_floor":[70,70,70,70,70,70,70,70,70,70,70,70,70,70,70,70,70,70,70,35,35,35,35,35,35,35,35,35,35,45,45,45,45,45,45],"card_choices":[{"not_picked":["hexamod:HeatShield","hexamod:BacktrackSmack"],"picked":"hexamod:BurningTouch","floor":2},{"not_picked":["hexamod:Firestarter","hexamod:HauntingEcho"],"picked":"hexamod:ThirdSeal","floor":3},{"not_picked":["hexamod:RadiantFlame","hexamod:ShieldOfDarkness"],"picked":"hexamod:PhantomCloak","floor":4},{"not_picked":["hexamod:SpectersWail","hexamod:Firestarter"],"picked":"hexamod:ThermalTransfer","floor":4},{"not_picked":["hexamod:HauntingEcho","hexamod:TurnItUp"],"picked":"hexamod:GhostOfSpirePresent","floor":5},{"not_picked":["hexamod:RainOfEmbers","hexamod:InspiringFlames"],"picked":"hexamod:BacktrackSmack","floor":9},{"not_picked":["hexamod:NightmareStrike","hexamod:RecurringNightmare"],"picked":"hexamod:Incineration","floor":9},{"not_picked":["hexamod:ShieldOfDarkness","hexamod:FastForward"],"picked":"hexamod:SpectralSpark","floor":10},{"not_picked":["hexamod:SwordOfDarkness","hexamod:Firestarter"],"picked":"hexamod:RetreatToShadows","floor":10},{"not_picked":["hexamod:ChargedBarrage","hexamod:SkipABeat"],"picked":"hexamod:ThermalTransfer","floor":12},{"not_picked":["hexamod:SkipABeat","hexamod:RecurringNightmare","hexamod:NightmareGuise"],"picked":"SKIP","floor":12},{"not_picked":["hexamod:BurningTouch","hexamod:SwordOfDarkness"],"picked":"hexamod:TimeWarp","floor":13},{"not_picked":["hexamod:SecondSeal","hexamod:HauntingEcho","hexamod:FastForward"],"picked":"SKIP","floor":13},{"not_picked":["hexamod:RainOfEmbers","hexamod:HeatCrush"],"picked":"hexamod:InspiringFlames","floor":14},{"not_picked":["hexamod:AdvancingGuard","hexamod:RainOfEmbers","hexamod:ShieldOfDarkness"],"picked":"SKIP","floor":14},{"not_picked":["hexamod:BacktrackSmack","hexamod:HeatCrush"],"picked":"hexamod:GhostOfSpirePast","floor":15},{"not_picked":["hexamod:BurningTouch","hexamod:GhostLash","hexamod:ThermalTransfer"],"picked":"SKIP","floor":15},{"not_picked":["hexamod:TimeWarp","hexamod:SixthSeal"],"picked":"hexamod:GhostflameInferno","floor":16},{"not_picked":["hexamod:CrushingStance","hexamod:SixthSeal"],"picked":"hexamod:SearingWound","floor":16},{"not_picked":["hexamod:GhostLash","hexamod:FourthSeal"],"picked":"hexamod:FastForward","floor":19},{"not_picked":["hexamod:PhantomFireball","hexamod:NightmareGuise"],"picked":"hexamod:GhostOfSpirePresent","floor":21},{"not_picked":["hexamod:Haunt","hexamod:GhostShield+1"],"picked":"hexamod:Hexaguard","floor":21},{"not_picked":["hexamod:HeatCrush","hexamod:UnleashSpirits"],"picked":"hexamod:GhostOfSpirePresent+1","floor":23},{"not_picked":["hexamod:EtherealExpedition","hexamod:BacktrackSmack","hexamod:SwordOfDarkness"],"picked":"SKIP","floor":23},{"not_picked":["hexamod:PhantomCloak","hexamod:GhostShield"],"picked":"hexamod:Again","floor":25},{"not_picked":["hexamod:FirstSeal","hexamod:SwordOfDarkness+1"],"picked":"hexamod:Rewind+1","floor":25},{"not_picked":["hexamod:AdvancingGuard+1","hexamod:SwordOfDarkness","hexamod:NightmareGuise+1"],"picked":"SKIP","floor":26},{"not_picked":["hexamod:RadiantFlame","hexamod:FastForward+1"],"picked":"hexamod:HeatShield+1","floor":27},{"not_picked":["hexamod:HeatCrush","hexamod:SuperheatedStrike"],"picked":"hexamod:RadiantFlame+1","floor":27},{"not_picked":["hexamod:NightmareGuise+1","hexamod:FastForward+1"],"picked":"hexamod:CatchUp+1","floor":28},{"not_picked":["hexamod:ShieldOfDarkness+1","hexamod:DynamicBlow+1","hexamod:Firestarter"],"picked":"SKIP","floor":28},{"not_picked":["hexamod:VolcanoVisage","hexamod:ThermalTransfer"],"picked":"hexamod:PowerFromBeyond+1","floor":29},{"not_picked":["hexamod:HauntingEcho","hexamod:HeatCrush","hexamod:FlamesFromBeyond+1"],"picked":"SKIP","floor":29},{"not_picked":["hexamod:NightmareGuise+1","hexamod:HauntingEcho","hexamod:GhostLash"],"picked":"SKIP","floor":31},{"not_picked":["hexamod:VolcanoVisage","hexamod:RainOfEmbers+1","hexamod:GhostOfSpirePresent"],"picked":"SKIP","floor":31},{"not_picked":["hexamod:VolcanoVisage","hexamod:GhostOfSpirePresent"],"picked":"hexamod:RainOfEmbers+1","floor":31},{"not_picked":["hexamod:NightmareGuise+1","hexamod:HauntingEcho","hexamod:GhostLash"],"picked":"SKIP","floor":31},{"not_picked":["hexamod:ThermalTransfer","hexamod:SwordOfDarkness+1"],"picked":"hexamod:PhantomCloak+1","floor":32},{"not_picked":["hexamod:BacktrackSmack","hexamod:FastForward+1"],"picked":"hexamod:AdvancingGuard+1","floor":32}],"player_experience":177279,"relics_obtained":[{"floor":7,"key":"hexamod:MatchstickCase"},{"floor":9,"key":"Akabeko"},{"floor":14,"key":"Anchor"},{"floor":25,"key":"Toxic Egg 2"},{"floor":29,"key":"Du-Vu Doll"}],"event_choices":[],"is_beta":false,"boss_relics":[{"not_picked":["downfall:Hecktoplasm","Pandora\u0027s Box"],"picked":"Velvet Choker"}],"items_purged_floors":[13],"is_endless":false,"potions_floor_spawned":[2,3,10,15,21,29,31],"killed_by":"downfall:Defect","ascension_level":1}}