{"host":"u0f5uy314yz7olfc","time":1609352400,"event":{"mods":["AchievementEnabler","Aspiration","BaseMod","Better Altar","Better Match","Better Note","Better Sensory Stone","Better Skull","Better Third Choice","BetterRewards","Block Reminder","Colored Map","Colored Powertips","DeckTracker","Dota2Spire","Emptier Cage","Gold Saver","Highlight Path","Hubris","Infinite Spire","Marked Mod","Mimic Mod","Minty Spire (QoL Compilation)","Permanent Neow","Quick Restart","Rare Cards Sparkle","Relic Sorter","Replay The Spire","Shop Mod","StSLib","The Bladedancer","The Blue Laboratory","Watcher Patcher"],"gold_per_floor":[654,4,4,68,68,68,78,126,126,141,41,41,56,72,72,176,176,195,210,210,227,237,237,566,566,566,566,566],"floor_reached":27,"playtime":1429,"items_purged":[],"score":423,"play_id":"d47d8028-c6e2-4410-be78-924d12bb9e19","local_time":"20201231012000","is_ascension_mode":false,"campfire_choices":[{"floor":6.0,"key":"RECALL"},{"floor":12.0,"key":"REST"},{"data":"blademaster:Empower","floor":12.0,"key":"SMITH"},{"floor":15.0,"key":"REST"},{"floor":23.0,"key":"REST"},{"data":"blademaster:Empower","floor":23.0,"key":"SMITH"},{"floor":25.0,"key":"REST"},{"data":"blademaster:AspectOfWind","floor":25.0,"key":"SMITH"}],"circlet_count":0,"master_deck":["blademaster:Strike","blademaster:Strike","blademaster:Strike","blademaster:Strike","blademaster:Defend","blademaster:Defend","blademaster:Defend","blademaster:Defend","blademaster:RagingBlow+1","blademaster:HighVoltage+1","blademaster:Empower+1","blademaster:Cut","blademaster:Thrust","blademaster:Flurry","blademaster:Reversal","blademaster:Quickstep","blademaster:AwakeningDefend","blademaster:Flurry","blademaster:AspectOfWind+1","blademaster:ParryingStrike","blademaster:Havoc","blademaster:Blindside","blademaster:Empower+1","blademaster:AspectOfLightning","blademaster:Sharpen","blademaster:ThreePointStrike","CommonCold","Injury","Spreading Infection","blademaster:Slice","blademaster:SharpBlades","blademaster:Cut","blademaster:Breeze","blademaster:TraverseCut","blademaster:BladeMastery"],"relics":["blademaster:DancersAmulet","MerchantsRug","infinitespire:Magic Flask","Dota2Spire:BladeMail","Replay:Ancient Bell","Tiny Chest","Dota2Spire:MonkeyKingBar","Bird Faced Urn","Old Coin","hubris:CrystalStatue"],"acts_visited":["Exordium","TheCity"],"potions_floor_usage":[27],"damage_taken":[{"damage":0.0,"enemies":"Small Slimes","floor":1.0,"turns":2.0},{"damage":13.0,"enemies":"2 Louse","floor":7.0,"turns":2.0},{"damage":0.0,"enemies":"Cultist","floor":10.0,"turns":3.0},{"damage":0.0,"enemies":"Exordium Wildlife","floor":13.0,"turns":2.0},{"damage":5.0,"enemies":"Large Slime","floor":14.0,"turns":5.0},{"damage":0.0,"enemies":"Slime Boss","floor":16.0,"turns":5.0},{"damage":20.0,"enemies":"2 Thieves","floor":18.0,"turns":2.0},{"damage":0.0,"enemies":"3 Byrds","floor":19.0,"turns":3.0},{"damage":0.0,"enemies":"Centurion and Healer","floor":21.0,"turns":2.0},{"damage":0.0,"enemies":"3 Cultists","floor":22.0,"turns":2.0},{"damage":5.0,"enemies":"Gremlin Leader","floor":24.0,"turns":3.0},{"damage":77,"enemies":"Nightmare","floor":27,"turns":4}],"seed_played":"-8351698608909067471","potions_obtained":[{"floor":10.0,"key":"Weak Potion"},{"floor":16.0,"key":"blueLaboratory:HorrorPotion"},{"floor":21.0,"key":"Languid Potion"}],"is_trial":false,"path_per_floor":["M","$","?","?","?","R","M","T","T","M","$","R","M","M","R_BF","B",null,"M","M","?","M","M","R","E","R","T","NM"],"character_chosen":"THE_BLADEMASTER","items_purchased":["blademaster:Empower","blademaster:Cut","MerchantsRug","blademaster:Thrust","blademaster:Reversal","blademaster:Quickstep","blademaster:AwakeningDefend","blademaster:Flurry","infinitespire:Magic Flask","Guide Book","blademaster:Blindside","blademaster:Empower"],"campfire_rested":4,"item_purchase_floors":[0,0,0,0,2,2,2,2,2,2,11,11],"current_hp_per_floor":[75,75,75,75,75,75,62,62,62,62,62,75,75,70,75,75,75,55,55,55,57,59,75,70,75,75,0,0],"gold":566,"neow_bonus":"","is_daily":false,"chose_seed":false,"campfire_upgraded":3,"win_rate":0.0,"timestamp":1609352400,"path_taken":["M","$","?","?","?","R","?","?","T","M","$","R","M","M","R_BF","BOSS","M","M","?","M","M","R","E","R","T","NM"],"items_purchased_type":["Card","Card","Relic","Card","Card","Card","Card","Card","Relic","Relic","Card","Card"],"build_version":"2020-12-22","purchased_purges":0,"victory":false,"max_hp_per_floor":[75,75,75,75,75,75,75,75,75,75,75,75,75,75,75,75,75,75,75,75,75,75,75,75,75,75,75,75],"card_choices":[{"not_picked":["blademaster:AwakeningStrike","blademaster:Overcharge"],"picked":"blademaster:Flurry","floor":1.0},{"not_picked":["blademaster:Overcharge","blademaster:AwakeningDefend"],"picked":"blademaster:ParryingStrike","floor":7.0},{"not_picked":["blademaster:Hailwind","blademaster:DancingEdge"],"picked":"blademaster:Havoc","floor":10.0},{"not_picked":["blademaster:AirSlash","blademaster:AspectOfWind"],"picked":"blademaster:AspectOfLightning","floor":13.0},{"not_picked":["blademaster:Sunder","blademaster:Rupture"],"picked":"blademaster:Sharpen","floor":14.0},{"not_picked":["blademaster:ColdBlood","blademaster:UnrelentingWind"],"picked":"blademaster:ThreePointStrike","floor":16.0},{"not_picked":["Clumsy","hubris:Lust"],"picked":"CommonCold","floor":17.0},{"not_picked":["Clumsy","ReplayTheSpireMod:Splinters"],"picked":"Injury","floor":17.0},{"not_picked":["hubris:Greed","Amnesia"],"picked":"Spreading Infection","floor":17.0},{"not_picked":["blademaster:Rupture","blademaster:Blockade+1"],"picked":"blademaster:Slice","floor":18.0},{"not_picked":["blademaster:Thrust","blademaster:ThunderSlash"],"picked":"blademaster:SharpBlades","floor":19.0},{"not_picked":["blademaster:ChargingUp","blademaster:EyeOfTheTornado"],"picked":"blademaster:Breeze","floor":21.0},{"not_picked":["blademaster:SlyStabs","blademaster:AirSlash"],"picked":"blademaster:TraverseCut","floor":22.0},{"not_picked":["blademaster:LightningCrash","blademaster:Rupture"],"picked":"blademaster:BladeMastery","floor":24.0}],"player_experience":400350,"relics_obtained":[{"floor":3.0,"key":"Dota2Spire:BladeMail"},{"floor":9.0,"key":"CaptainsWheel"},{"floor":24.0,"key":"Old Coin"},{"floor":24.0,"key":"blademaster:FuryEveryTurnPerk"},{"floor":26.0,"key":"hubris:CrystalStatue"}],"event_choices":[{"damage_healed":0.0,"max_hp_gain":0.0,"max_hp_loss":0.0,"gold_gain":64.0,"event_name":"Golden Wing","player_choice":"Gained Gold","floor":4.0,"gold_loss":0.0,"damage_taken":0.0},{"damage_healed":0.0,"max_hp_gain":0.0,"max_hp_loss":0.0,"gold_gain":0.0,"cards_transformed":["blademaster:AwakeningDefend"],"event_name":"Transmorgrifier","player_choice":"Transformed","floor":5.0,"gold_loss":0.0,"damage_taken":0.0,"cards_obtained":["blademaster:AspectOfWind"]},{"damage_healed":0.0,"max_hp_gain":0.0,"max_hp_loss":0.0,"gold_gain":0.0,"event_name":"Duplicator","player_choice":"Copied","floor":20.0,"gold_loss":0.0,"damage_taken":0.0,"cards_obtained":["blademaster:Cut"]}],"is_beta":false,"boss_relics":[{"not_picked":["hubris:GrandSneckoEye","Pandora\u0027s Box"],"picked":"Replay:Ancient Bell"},{"not_picked":["aspiration:ChemicalBlood","Omamori"],"picked":"Tiny Chest"},{"not_picked":["aspiration:HummingbirdHeart","Dota2Spire:Dagon"],"picked":"Dota2Spire:MonkeyKingBar"},{"not_picked":["Replay:PocketPolymizer","WingedGreaves"],"picked":"Bird Faced Urn"}],"items_purged_floors":[],"is_endless":false,"potions_floor_spawned":[10,16,21],"killed_by":"Nightmare","ascension_level":0}}