{"host":"yo9wwslrag05lh37","time":1609367948,"event":{"mods":["AchievementEnabler","BaseMod","Block Reminder","Colored Map","Colored Powertips","GifTheSpireLib","HexUI Lib","Highlight Path","Minty Spire (QoL Compilation)","Rare Cards Sparkle","Relic Stats","StSLib","everything is the same but u backflip on backflip"],"gold_per_floor":[368,382,9,28,44,44,75,75,75,109,109,127,144,5,5,83,83,93,93,8,8,20,20,34,34,58,58,82,82,117,139,139,220,220,232,259,272,291,304,304,327,366,366,401,416,416,445,471,471,471,471,471],"floor_reached":51,"playtime":2421,"items_purged":["Pain","Strike_B"],"score":1567,"play_id":"90951115-e24c-479a-83ff-1f16c342f0c0","local_time":"20201230233908","is_ascension_mode":true,"campfire_choices":[{"data":"Zap","floor":6.0,"key":"SMITH"},{"floor":8.0,"key":"REST"},{"floor":11.0,"key":"REST"},{"data":"Darkness","floor":15.0,"key":"SMITH"},{"data":"Static Discharge","floor":23.0,"key":"SMITH"},{"data":"Conserve Battery","floor":25.0,"key":"SMITH"},{"floor":27.0,"key":"REST"},{"data":"Multi-Cast","floor":32.0,"key":"SMITH"},{"floor":40.0,"key":"REST"},{"data":"Buffer","floor":46.0,"key":"SMITH"},{"floor":49.0,"key":"RECALL"}],"circlet_count":0,"master_deck":["AscendersBane","Strike_B","Strike_B","Defend_B","Defend_B","Defend_B","Zap+1","Dualcast","Conserve Battery+1","Darkness+1","Compile Driver","Melter","FTL","Core Surge","Echo Form","Doom and Gloom","Multi-Cast+1","Cold Snap","Static Discharge+1","Echo Form","Ball Lightning","Conserve Battery","Conserve Battery+1","Conserve Battery+1","Electrodynamics","Stack+1","Hologram+1","Buffer+1","Buffer","Darkness+1"],"relics":["Cracked Core","PreservedInsect","Kunai","HornCleat","Thread and Needle","Snecko Eye","Symbiotic Virus","Bag of Marbles","Centennial Puzzle","CeramicFish","Philosopher\u0027s Stone","Vajra","Eternal Feather","Oddly Smooth Stone"],"acts_visited":["Exordium","TheCity","TheBeyond"],"potions_floor_usage":[51,51],"damage_taken":[{"damage":8.0,"enemies":"Cultist","floor":1.0,"turns":3.0},{"damage":11.0,"enemies":"Jaw Worm","floor":2.0,"turns":4.0},{"damage":0.0,"enemies":"Small Slimes","floor":4.0,"turns":2.0},{"damage":7.0,"enemies":"Exordium Wildlife","floor":5.0,"turns":3.0},{"damage":30.0,"enemies":"Lagavulin","floor":7.0,"turns":6.0},{"damage":28.0,"enemies":"Gremlin Nob","floor":10.0,"turns":4.0},{"damage":0.0,"enemies":"2 Fungi Beasts","floor":12.0,"turns":2.0},{"damage":1.0,"enemies":"Lots of Slimes","floor":13.0,"turns":4.0},{"damage":8.0,"enemies":"Slime Boss","floor":16.0,"turns":6.0},{"damage":0.0,"enemies":"Spheric Guardian","floor":18.0,"turns":1.0},{"damage":13.0,"enemies":"2 Thieves","floor":22.0,"turns":2.0},{"damage":11.0,"enemies":"Shelled Parasite and Fungi","floor":24.0,"turns":3.0},{"damage":3.0,"enemies":"Book of Stabbing","floor":30.0,"turns":3.0},{"damage":9.0,"enemies":"Centurion and Healer","floor":31.0,"turns":4.0},{"damage":16.0,"enemies":"Automaton","floor":33.0,"turns":10.0},{"damage":24.0,"enemies":"3 Darklings","floor":35.0,"turns":3.0},{"damage":1.0,"enemies":"Orb Walker","floor":36.0,"turns":3.0},{"damage":8.0,"enemies":"4 Shapes","floor":37.0,"turns":2.0},{"damage":8.0,"enemies":"Transient","floor":38.0,"turns":6.0},{"damage":0.0,"enemies":"Jaw Worm Horde","floor":39.0,"turns":3.0},{"damage":1.0,"enemies":"Writhing Mass","floor":41.0,"turns":4.0},{"damage":0.0,"enemies":"Giant Head","floor":42.0,"turns":6.0},{"damage":20.0,"enemies":"Reptomancer","floor":44.0,"turns":6.0},{"damage":0.0,"enemies":"3 Darklings","floor":45.0,"turns":3.0},{"damage":0.0,"enemies":"Nemesis","floor":47.0,"turns":5.0},{"damage":0.0,"enemies":"Sphere and 2 Shapes","floor":48.0,"turns":5.0},{"damage":34.0,"enemies":"Donu and Deca","floor":50.0,"turns":9.0},{"damage":45,"enemies":"Awakened One","floor":51,"turns":3}],"seed_played":"1950948670958550141","potions_obtained":[{"floor":4.0,"key":"BlessingOfTheForge"},{"floor":5.0,"key":"SkillPotion"},{"floor":10.0,"key":"PowerPotion"},{"floor":16.0,"key":"Explosive Potion"},{"floor":18.0,"key":"Weak Potion"},{"floor":30.0,"key":"Block Potion"},{"floor":36.0,"key":"Block Potion"},{"floor":37.0,"key":"Regen Potion"},{"floor":38.0,"key":"EssenceOfDarkness"},{"floor":41.0,"key":"CultistPotion"},{"floor":44.0,"key":"GamblersBrew"}],"is_trial":false,"path_per_floor":["M","M","$","M","M","R","E","R","T","E","R","M","M","$","R","B",null,"M","?","?","?","M","R","M","R","T","R","T","?","E","M","R","B",null,"M","M","M","M","M","R","M","E","T","E","M","R","E","M","R","B","B"],"character_chosen":"DEFECT","items_purchased":["Darkness","PreservedInsect","Dexterity Potion","Doom and Gloom"],"campfire_rested":4,"item_purchase_floors":[3,3,3,14],"current_hp_per_floor":[56,45,45,45,38,38,8,29,29,1,22,22,21,21,21,13,57,57,57,57,57,44,44,33,33,33,54,54,54,51,42,42,26,60,36,35,27,34,34,55,54,54,54,34,34,49,49,49,67,33,0,0],"gold":471,"neow_bonus":"TWO_FIFTY_GOLD","is_daily":false,"chose_seed":false,"campfire_upgraded":6,"win_rate":0.0,"timestamp":1609367948,"path_taken":["M","?","$","M","M","R","E","R","T","E","R","M","M","?","R","BOSS","M","?","?","?","?","R","M","R","T","R","?","?","E","M","R","BOSS","M","M","M","M","M","R","M","E","T","E","M","R","E","?","R","BOSS","BOSS"],"items_purchased_type":["Card","Relic","Potion","Card"],"build_version":"2020-12-22","purchased_purges":2,"victory":false,"max_hp_per_floor":[71,71,71,71,71,71,71,71,71,71,71,71,71,71,71,71,71,71,71,71,71,71,71,71,71,71,71,71,71,71,71,71,71,71,71,71,71,71,71,71,71,71,71,71,71,71,71,71,71,71,71,71],"relic_stats":{"Centennial Puzzle":[33],"counters":[28,115],"CeramicFish":63,"Snecko Eye":[154,130,140,165],"Eternal Feather":33,"PreservedInsect":354,"Kunai":[23],"obtain_stats":[{"CeramicFish":30,"Vajra":42,"Oddly Smooth Stone":47,"Thread and Needle":10,"Eternal Feather":44,"PreservedInsect":3,"Centennial Puzzle":28,"HornCleat":9,"Snecko Eye":17,"Philosopher\u0027s Stone":34,"Bag of Marbles":26,"Kunai":7,"Cracked Core":0,"Symbiotic Virus":20},{"CeramicFish":13,"Vajra":22,"Oddly Smooth Stone":25,"Thread and Needle":6,"Eternal Feather":23,"PreservedInsect":2,"Centennial Puzzle":12,"HornCleat":5,"Snecko Eye":9,"Philosopher\u0027s Stone":15,"Bag of Marbles":12,"Kunai":5,"Cracked Core":0,"Symbiotic Virus":10},{"CeramicFish":43,"Vajra":84,"Oddly Smooth Stone":98,"Thread and Needle":22,"Eternal Feather":90,"PreservedInsect":7,"Centennial Puzzle":40,"HornCleat":18,"Snecko Eye":34,"Philosopher\u0027s Stone":57,"Bag of Marbles":40,"Kunai":18,"Cracked Core":0,"Symbiotic Virus":35}]},"card_choices":[{"not_picked":["Streamline","Turbo"],"picked":"Conserve Battery","floor":1.0},{"not_picked":["Turbo","Creative AI","Undo"],"picked":"SKIP","floor":2.0},{"not_picked":["Undo","Double Energy"],"picked":"Compile Driver","floor":4.0},{"not_picked":["Aggregate","Storm"],"picked":"Melter","floor":5.0},{"not_picked":["Steam","Hello World"],"picked":"FTL","floor":7.0},{"not_picked":["Self Repair","Capacitor"],"picked":"Core Surge","floor":10.0},{"not_picked":["Steam","Beam Cell","Gash"],"picked":"SKIP","floor":12.0},{"not_picked":["Fusion","Double Energy"],"picked":"Echo Form","floor":13.0},{"not_picked":["Core Surge","All For One"],"picked":"Multi-Cast","floor":16.0},{"not_picked":["Streamline+1","Redo"],"picked":"Cold Snap","floor":18.0},{"not_picked":["Fusion","Streamline"],"picked":"Ball Lightning","floor":22.0},{"not_picked":["Scrape","BootSequence+1"],"picked":"Conserve Battery","floor":24.0},{"not_picked":["Beam Cell","Turbo","Barrage"],"picked":"SKIP","floor":30.0},{"not_picked":["Rebound","Leap"],"picked":"Conserve Battery+1","floor":31.0},{"not_picked":["Multi-Cast","All For One"],"picked":"Electrodynamics","floor":33.0},{"not_picked":["Turbo","Hologram","Conserve Battery"],"picked":"SKIP","floor":35.0},{"not_picked":["Auto Shields","Turbo"],"picked":"Stack+1","floor":36.0},{"not_picked":["Compile Driver","Fusion","Ball Lightning"],"picked":"SKIP","floor":37.0},{"not_picked":["Auto Shields","Reinforced Body"],"picked":"Hologram+1","floor":38.0},{"not_picked":["Rebound+1","Hologram+1","Melter+1"],"picked":"SKIP","floor":39.0},{"not_picked":["Aggregate","Turbo+1"],"picked":"Buffer","floor":41.0},{"not_picked":["Coolheaded","Consume+1"],"picked":"Buffer","floor":42.0},{"not_picked":["Chill","Leap","Gash"],"picked":"SKIP","floor":44.0},{"not_picked":["Stack","Rebound","Ball Lightning"],"picked":"SKIP","floor":45.0},{"not_picked":["FTL","Chaos","Leap+1"],"picked":"SKIP","floor":47.0},{"not_picked":["Undo","Stack"],"picked":"Darkness+1","floor":48.0}],"player_experience":1415406,"relics_obtained":[{"floor":7.0,"key":"Kunai"},{"floor":9.0,"key":"HornCleat"},{"floor":10.0,"key":"Thread and Needle"},{"floor":26.0,"key":"Bag of Marbles"},{"floor":28.0,"key":"Centennial Puzzle"},{"floor":30.0,"key":"CeramicFish"},{"floor":42.0,"key":"Vajra"},{"floor":44.0,"key":"Eternal Feather"},{"floor":47.0,"key":"Oddly Smooth Stone"}],"event_choices":[{"damage_healed":0.0,"max_hp_gain":0.0,"max_hp_loss":0.0,"gold_gain":0.0,"event_name":"The Mausoleum","player_choice":"Ignored","floor":19.0,"gold_loss":0.0,"damage_taken":0.0},{"damage_healed":0.0,"max_hp_gain":0.0,"max_hp_loss":0.0,"gold_gain":0.0,"event_name":"Addict","player_choice":"Obtained Relic","floor":20.0,"gold_loss":85.0,"damage_taken":0.0,"relics_obtained":["Symbiotic Virus"]},{"damage_healed":0.0,"max_hp_gain":0.0,"max_hp_loss":0.0,"gold_gain":0.0,"cards_transformed":["Strike_B","Defend_B"],"event_name":"Drug Dealer","player_choice":"Became Test Subject","floor":21.0,"gold_loss":0.0,"damage_taken":0.0,"cards_obtained":["Static Discharge","Echo Form"]},{"damage_healed":0.0,"max_hp_gain":0.0,"max_hp_loss":0.0,"gold_gain":0.0,"event_name":"Duplicator","player_choice":"Copied","floor":29.0,"gold_loss":0.0,"damage_taken":0.0,"cards_obtained":["Conserve Battery"]}],"is_beta":false,"boss_relics":[{"not_picked":["Astrolabe","Busted Crown"],"picked":"Snecko Eye"},{"not_picked":["SacredBark","Pandora\u0027s Box"],"picked":"Philosopher\u0027s Stone"}],"items_purged_floors":[3,14],"is_endless":false,"potions_floor_spawned":[4,5,10,16,18,30,36,37,38,41,44,47],"killed_by":"Awakened One","ascension_level":20}}