{"host":"ypphcgdomtfqpc2w","time":1609336386,"event":{"mods":["BaseMod","Minty Spire (QoL Compilation)","StSLib"],"gold_per_floor":[111,121,121,136,152,152,195,195,195,214,238,163,163,176,176,267,267,281,265,265,281,34,34,50,50,50,94,0,0,35,59,59,59,59],"floor_reached":33,"playtime":1610,"items_purged":["Strike_R"],"score":506,"play_id":"a1177e4f-dd49-4adb-b7ff-451a0fecaf75","local_time":"20201230225306","is_ascension_mode":true,"campfire_choices":[{"data":"Uppercut","floor":6.0,"key":"SMITH"},{"data":"Berserk","floor":8.0,"key":"SMITH"},{"data":"Ghostly Armor","floor":13.0,"key":"SMITH"},{"data":"Juggernaut","floor":15.0,"key":"SMITH"},{"floor":23.0,"key":"REST"},{"floor":25.0,"key":"REST"},{"floor":32,"key":"REST"}],"circlet_count":0,"master_deck":["AscendersBane","Strike_R","Strike_R","Strike_R","Strike_R","Defend_R","Defend_R","Defend_R","Bash","Berserk+1","Wild Strike","Uppercut+1","Sever Soul","Ghostly Armor+1","Juggernaut+1","Clothesline+1","Writhe","Sentinel+1","Impervious+1","Burning Pact+1","Juggernaut"],"relics":["Burning Blood","Golden Idol","Darkstone Periapt","Singing Bowl","Snecko Eye","Tiny Chest","Bottled Tornado","The Courier","Toxic Egg 2","Gremlin Horn"],"acts_visited":["Exordium","TheCity"],"potions_floor_usage":[30,33],"damage_taken":[{"damage":4.0,"enemies":"Small Slimes","floor":1.0,"turns":4.0},{"damage":8.0,"enemies":"2 Louse","floor":2.0,"turns":3.0},{"damage":0.0,"enemies":"Cultist","floor":4.0,"turns":3.0},{"damage":12.0,"enemies":"Exordium Wildlife","floor":5.0,"turns":5.0},{"damage":30.0,"enemies":"Lagavulin","floor":7.0,"turns":6.0},{"damage":10.0,"enemies":"Blue Slaver","floor":10.0,"turns":4.0},{"damage":4.0,"enemies":"2 Fungi Beasts","floor":11.0,"turns":4.0},{"damage":3.0,"enemies":"Looter","floor":14.0,"turns":3.0},{"damage":40.0,"enemies":"Hexaghost","floor":16.0,"turns":10.0},{"damage":19.0,"enemies":"Spheric Guardian","floor":18.0,"turns":4.0},{"damage":23.0,"enemies":"2 Thieves","floor":19.0,"turns":4.0},{"damage":24.0,"enemies":"3 Cultists","floor":21.0,"turns":5.0},{"damage":8.0,"enemies":"Snecko","floor":24.0,"turns":4.0},{"damage":35,"enemies":"Book of Stabbing","floor":27,"turns":5},{"damage":27,"enemies":"Slavers","floor":30,"turns":6},{"damage":24,"enemies":"Sentry and Sphere","floor":31,"turns":6},{"damage":50,"enemies":"Collector","floor":33,"turns":6}],"seed_played":"6338067855703882203","potions_obtained":[{"floor":1.0,"key":"HeartOfIron"},{"floor":4.0,"key":"ElixirPotion"},{"floor":7.0,"key":"Block Potion"},{"floor":10.0,"key":"BlessingOfTheForge"},{"floor":14.0,"key":"SkillPotion"},{"floor":19.0,"key":"FearPotion"},{"floor":21.0,"key":"Regen Potion"},{"floor":31,"key":"LiquidMemories"}],"is_trial":false,"path_per_floor":["M","M","?","M","M","R","E","R","T","M","M","$","R","M","R","B",null,"M","M","?","M","$","R","M","R","T","E","$","?","E","M","R","B"],"character_chosen":"IRONCLAD","items_purchased":["Bottled Tornado","Impervious+1","Energy Potion"],"campfire_rested":3,"item_purchase_floors":[22,28,28],"current_hp_per_floor":[70,68,68,68,62,62,38,38,38,34,38,38,38,41,41,9,56,45,28,34,18,18,42,51,76,76,47,47,47,26,10,35,0,0],"gold":59,"neow_bonus":"TRANSFORM_CARD","is_daily":false,"chose_seed":false,"campfire_upgraded":4,"win_rate":0.0,"timestamp":1609336386,"path_taken":["M","M","?","M","M","R","E","R","T","M","M","$","R","M","R","BOSS","M","M","?","M","$","R","M","R","T","E","$","?","E","M","R","BOSS"],"items_purchased_type":["Relic","Card","Potion"],"build_version":"2020-12-22","purchased_purges":1,"victory":false,"max_hp_per_floor":[75,75,68,68,68,68,68,68,68,68,70,70,70,70,70,72,72,74,74,80,82,82,82,84,84,84,84,84,84,84,86,86,86,86],"card_choices":[{"not_picked":["Pummel","Rupture"],"picked":"Wild Strike","floor":1.0},{"not_picked":["Anger","Disarm"],"picked":"Uppercut","floor":2.0},{"not_picked":["Heavy Blade","Sentinel"],"picked":"Sever Soul","floor":4.0},{"not_picked":["Armaments","Flex","Infernal Blade"],"picked":"SKIP","floor":5.0},{"not_picked":["Rupture","Hemokinesis","Wild Strike"],"picked":"SKIP","floor":7.0},{"not_picked":["Thunderclap","Sever Soul"],"picked":"Ghostly Armor","floor":10.0},{"not_picked":["Spot Weakness","Uppercut","Sword Boomerang"],"picked":"Singing Bowl","floor":11.0},{"not_picked":["Shrug It Off","Thunderclap"],"picked":"Juggernaut","floor":14.0},{"not_picked":["Feed","Immolate","Limit Break"],"picked":"Singing Bowl","floor":16.0},{"not_picked":["Searing Blow","Cleave","Ghostly Armor"],"picked":"Singing Bowl","floor":18.0},{"not_picked":["Thunderclap","Wild Strike"],"picked":"Clothesline+1","floor":19.0},{"not_picked":["Twin Strike+1","Carnage","Cleave"],"picked":"Singing Bowl","floor":21.0},{"not_picked":["Cleave","Headbutt","Iron Wave"],"picked":"Singing Bowl","floor":24.0},{"not_picked":["Body Slam","Brutality"],"picked":"Sentinel+1","floor":27},{"not_picked":["Heavy Blade","Havoc+1"],"picked":"Juggernaut","floor":30},{"not_picked":["Inflame","Warcry+1","Cleave"],"picked":"Singing Bowl","floor":31}],"player_experience":1969432,"relics_obtained":[{"floor":7.0,"key":"Darkstone Periapt"},{"floor":9.0,"key":"Singing Bowl"},{"floor":26.0,"key":"The Courier"},{"floor":27,"key":"Toxic Egg 2"},{"floor":30,"key":"Gremlin Horn"}],"event_choices":[{"damage_healed":0.0,"max_hp_gain":0.0,"max_hp_loss":7.0,"gold_gain":0.0,"event_name":"Golden Idol","player_choice":"Lose Max HP","floor":3.0,"gold_loss":0.0,"damage_taken":0.0,"relics_obtained":["Golden Idol"]},{"damage_healed":0.0,"max_hp_gain":0.0,"max_hp_loss":0.0,"gold_gain":0.0,"event_name":"The Mausoleum","player_choice":"Opened","floor":20.0,"gold_loss":0.0,"damage_taken":0.0,"relics_obtained":["Tiny Chest"],"cards_obtained":["Writhe"]},{"damage_healed":0,"gold_gain":0,"player_choice":"Read","damage_taken":0,"max_hp_gain":0,"max_hp_loss":0,"event_name":"The Library","floor":29,"gold_loss":0,"cards_obtained":["Burning Pact"]}],"is_beta":false,"boss_relics":[{"not_picked":["Runic Cube","Black Blood"],"picked":"Snecko Eye"}],"items_purged_floors":[12],"is_endless":false,"potions_floor_spawned":[1,4,7,10,14,19,21,31],"killed_by":"Collector","ascension_level":15}}