{"host":"0ydzwspkajt4brzd","time":1609327876,"event":{"mods":["AchievementEnabler","BaseMod","Colored Map","DeckTracker","Googly Eyes","Highlight Path","Minty Spire (QoL Compilation)","Quick Restart","Random Character Button","Rare Cards Sparkle"],"gold_per_floor":[115,115,125,141,156,190,207,237,237,237,237,237,237,251,251,351,351,368,166,184,184,39,39,3,3,3,13,13,29,63,75,75,178,178,188,202,213,117,134,134,47,57,133,145,145,157,157,157,157,157],"floor_reached":51,"playtime":4132,"items_purged":["Strike_B","Strike_B","Defend_B"],"score":694,"play_id":"72c8dced-3ac3-4c14-bca0-c95e2019535c","local_time":"20201230033116","is_ascension_mode":true,"campfire_choices":[{"data":"Static Discharge","floor":10.0,"key":"SMITH"},{"data":"Chill","floor":12.0,"key":"SMITH"},{"floor":15.0,"key":"REST"},{"data":"Fusion","floor":23.0,"key":"SMITH"},{"data":"Stack","floor":25.0,"key":"SMITH"},{"data":"White Noise","floor":28.0,"key":"SMITH"},{"floor":32.0,"key":"REST"},{"floor":40.0,"key":"REST"},{"floor":45.0,"key":"REST"},{"floor":49.0,"key":"REST"}],"circlet_count":0,"master_deck":["Strike_B","Defend_B+1","Defend_B+1","Defend_B","Zap","Dualcast","Leap","Rip and Tear","Chill+1","Beam Cell","Capacitor","Machine Learning","Static Discharge+1","Fusion+1","Hyperbeam+1","Stack+1","Ball Lightning+1","Double Energy","White Noise+1","Reinforced Body","Electrodynamics","Rebound","Thunder Strike","Recycle+1","Tempest+1","Leap+1","Hologram","Barrage+1","Skim","Parasite","Leap+1","Hyperbeam","Dark Shackles","PanicButton"],"relics":["Cracked Core","NeowsBlessing","TungstenRod","Smiling Mask","Letter Opener","Nuclear Battery","Happy Flower","DataDisk","Anchor","Art of War","Fusion Hammer","Mercury Hourglass"],"acts_visited":["Exordium","TheCity","TheBeyond"],"potions_floor_usage":[50,50,50],"damage_taken":[{"damage":0.0,"enemies":"Jaw Worm","floor":1.0,"turns":1.0},{"damage":0.0,"enemies":"2 Louse","floor":3.0,"turns":1.0},{"damage":0.0,"enemies":"Cultist","floor":4.0,"turns":1.0},{"damage":0.0,"enemies":"Blue Slaver","floor":5.0,"turns":3.0},{"damage":12.0,"enemies":"Lagavulin","floor":6.0,"turns":9.0},{"damage":7.0,"enemies":"Exordium Thugs","floor":7.0,"turns":5.0},{"damage":7.0,"enemies":"3 Sentries","floor":8.0,"turns":9.0},{"damage":12.0,"enemies":"Gremlin Gang","floor":14.0,"turns":4.0},{"damage":6.0,"enemies":"Hexaghost","floor":16.0,"turns":10.0},{"damage":11.0,"enemies":"Chosen","floor":18.0,"turns":5.0},{"damage":11.0,"enemies":"Spheric Guardian","floor":20.0,"turns":6.0},{"damage":15.0,"enemies":"Cultist and Chosen","floor":27.0,"turns":6.0},{"damage":1.0,"enemies":"Sentry and Sphere","floor":29.0,"turns":4.0},{"damage":34.0,"enemies":"Book of Stabbing","floor":30.0,"turns":6.0},{"damage":2.0,"enemies":"Snake Plant","floor":31.0,"turns":5.0},{"damage":10.0,"enemies":"Champ","floor":33.0,"turns":12.0},{"damage":0.0,"enemies":"3 Darklings","floor":35.0,"turns":3.0},{"damage":4.0,"enemies":"Orb Walker","floor":36.0,"turns":3.0},{"damage":17.0,"enemies":"Jaw Worm Horde","floor":37.0,"turns":4.0},{"damage":39.0,"enemies":"Maw","floor":39.0,"turns":8.0},{"damage":25.0,"enemies":"Writhing Mass","floor":42.0,"turns":5.0},{"damage":1.0,"enemies":"3 Darklings","floor":44.0,"turns":2.0},{"damage":4.0,"enemies":"4 Shapes","floor":46.0,"turns":5.0},{"damage":35,"enemies":"Time Eater","floor":50,"turns":8}],"seed_played":"-5008632948954656657","potions_obtained":[{"floor":4.0,"key":"LiquidBronze"},{"floor":6.0,"key":"Explosive Potion"},{"floor":7.0,"key":"FocusPotion"},{"floor":8.0,"key":"FearPotion"},{"floor":18.0,"key":"PowerPotion"},{"floor":30.0,"key":"Ancient Potion"},{"floor":33.0,"key":"Block Potion"},{"floor":35.0,"key":"Weak Potion"},{"floor":42.0,"key":"Dexterity Potion"},{"floor":44.0,"key":"FocusPotion"},{"floor":46.0,"key":"FocusPotion"}],"is_trial":false,"path_per_floor":["M","?","M","M","M","E","M","E","T","R","?","R","?","M","R","B",null,"M","$","M","?","$","R","$","R","T","M","R","M","E","M","R","B",null,"M","M","M","$","M","R","$","M","T","M","R","M","?","?","R","B",null],"character_chosen":"DEFECT","items_purchased":["Happy Flower","DataDisk","Double Energy","Hologram","Skim"],"campfire_rested":5,"item_purchase_floors":[19,22,24,38,41],"current_hp_per_floor":[75,60,60,60,60,48,41,34,34,34,34,34,34,22,44,38,75,64,64,53,53,53,53,53,53,53,38,38,37,3,1,23,13,75,75,71,54,54,15,37,37,12,12,11,33,29,29,25,46,11],"gold":157,"neow_bonus":"THREE_ENEMY_KILL","is_daily":false,"chose_seed":false,"campfire_upgraded":5,"win_rate":0.0,"timestamp":1609327876,"path_taken":["M","?","M","M","M","E","M","E","T","R","?","R","?","M","R","BOSS","M","$","?","?","$","R","?","R","T","M","R","M","E","M","R","BOSS","M","?","M","$","M","R","?","M","T","M","R","?","?","?","R","BOSS"],"items_purchased_type":["Relic","Relic","Card","Card","Card"],"build_version":"2020-12-22","purchased_purges":3,"victory":true,"max_hp_per_floor":[75,75,75,75,75,75,75,75,75,75,75,75,75,75,75,75,75,75,75,75,75,75,75,75,75,75,75,75,75,75,75,75,75,75,75,75,75,75,75,75,75,75,75,75,75,75,71,71,71,71],"card_choices":[{"not_picked":["Compile Driver","Go for the Eyes"],"picked":"Leap","floor":1.0},{"not_picked":["Compile Driver","Turbo"],"picked":"Rip and Tear","floor":3.0},{"not_picked":["BootSequence","Cold Snap"],"picked":"Chill","floor":4.0},{"not_picked":["Auto Shields","Steam Power"],"picked":"Beam Cell","floor":5.0},{"not_picked":["Conserve Battery","Turbo"],"picked":"Capacitor","floor":6.0},{"not_picked":["Undo","Go for the Eyes"],"picked":"Machine Learning","floor":7.0},{"not_picked":["Hologram","Beam Cell"],"picked":"Static Discharge","floor":8.0},{"not_picked":["Leap","Chill"],"picked":"Fusion","floor":14.0},{"not_picked":["Buffer","Reboot"],"picked":"Hyperbeam","floor":16.0},{"not_picked":["Recycle","Reprogram"],"picked":"Stack","floor":18.0},{"not_picked":["Streamline+1","Rip and Tear"],"picked":"Ball Lightning+1","floor":20.0},{"not_picked":["Cold Snap","Rebound+1"],"picked":"White Noise","floor":27.0},{"not_picked":["Hologram+1","Go for the Eyes"],"picked":"Reinforced Body","floor":29.0},{"not_picked":["Conserve Battery","White Noise+1"],"picked":"Electrodynamics","floor":30.0},{"not_picked":["Loop+1","Cold Snap"],"picked":"Rebound","floor":31.0},{"not_picked":["Amplify","Creative AI"],"picked":"Thunder Strike","floor":33.0},{"not_picked":["Redo","Coolheaded"],"picked":"Recycle+1","floor":35.0},{"not_picked":["FTL+1","Loop+1"],"picked":"Tempest+1","floor":36.0},{"not_picked":["Undo","FTL+1"],"picked":"Leap+1","floor":37.0},{"not_picked":["Streamline","Coolheaded"],"picked":"Barrage+1","floor":39.0},{"not_picked":["Streamline+1","Force Field"],"picked":"Leap+1","floor":42.0},{"not_picked":["Stack","Undo"],"picked":"Hyperbeam","floor":44.0},{"not_picked":["Gash","Cold Snap+1","Melter+1"],"picked":"SKIP","floor":46.0},{"not_picked":["Swift Strike","Mind Blast"],"picked":"Dark Shackles","floor":48.0},{"not_picked":["Bandage Up","Mind Blast"],"picked":"PanicButton","floor":48.0}],"player_experience":410416,"relics_obtained":[{"floor":6.0,"key":"TungstenRod"},{"floor":8.0,"key":"Smiling Mask"},{"floor":9.0,"key":"Letter Opener"},{"floor":26.0,"key":"Anchor"},{"floor":30.0,"key":"Art of War"},{"floor":43.0,"key":"Mercury Hourglass"}],"event_choices":[{"damage_healed":0.0,"max_hp_gain":0.0,"max_hp_loss":0.0,"gold_gain":0.0,"event_name":"Shining Light","player_choice":"Entered Light","floor":2.0,"gold_loss":0.0,"damage_taken":15.0,"cards_upgraded":["Defend_B","Defend_B"]},{"damage_healed":0.0,"max_hp_gain":0.0,"max_hp_loss":0.0,"gold_gain":0.0,"event_name":"Liars Game","player_choice":"Ignored","floor":11.0,"gold_loss":0.0,"damage_taken":0.0},{"cards_removed":["Strike_B"],"damage_healed":0.0,"max_hp_gain":0.0,"max_hp_loss":0.0,"gold_gain":0.0,"event_name":"Purifier","player_choice":"Purged","floor":13.0,"gold_loss":0.0,"damage_taken":0.0},{"damage_healed":0.0,"max_hp_gain":0.0,"max_hp_loss":0.0,"gold_gain":0.0,"event_name":"Accursed Blacksmith","player_choice":"Forge","floor":21.0,"gold_loss":0.0,"damage_taken":0.0,"cards_upgraded":["Hyperbeam"]},{"damage_healed":0.0,"max_hp_gain":0.0,"max_hp_loss":4.0,"gold_gain":0.0,"event_name":"Winding Halls","player_choice":"Max HP","floor":47.0,"gold_loss":0.0,"damage_taken":0.0},{"damage_healed":0.0,"max_hp_gain":0.0,"max_hp_loss":0.0,"gold_gain":0.0,"event_name":"SensoryStone","player_choice":"Memory 2","floor":48.0,"gold_loss":0.0,"damage_taken":5.0}],"is_beta":false,"boss_relics":[{"not_picked":["Tiny House","SacredBark"],"picked":"Nuclear Battery"},{"not_picked":["Black Star","Calling Bell"],"picked":"Fusion Hammer"}],"items_purged_floors":[19,38,41],"is_endless":false,"potions_floor_spawned":[4,6,7,8,16,18,20,30,33,35,42,44,46],"ascension_level":2}}