{"host":"adv1uqz3812gqgbw","time":1609355325,"event":{"mods":["BaseMod","Better Note","Colored Powertips","Custom Start","Dio Mod","GifTheSpireLib","Hermit","Minty Spire (QoL Compilation)","StSLib","The Runesmith","Uncapped"],"gold_per_floor":[118,88,39,49,62,62,73,73,100,118,144,160,6,17,17,119,119,133,233,233,243,243,243,275,275,275,275,77,88,88,114,114,114,114],"floor_reached":33,"playtime":1233,"items_purged":["Strike_R"],"score":265,"play_id":"f0c62c1a-36a9-4e59-9cb6-f120392fda45","local_time":"20201230170845","is_ascension_mode":false,"campfire_choices":[{"data":"Perfected Strike","floor":6,"key":"SMITH"},{"data":"Wild Strike","floor":8,"key":"SMITH"},{"floor":15,"key":"REST"},{"data":"Warcry","floor":23,"key":"SMITH"},{"data":"Flex","floor":25,"key":"SMITH"},{"floor":27,"key":"REST"},{"data":"Pommel Strike","floor":30,"key":"SMITH"},{"floor":32,"key":"REST"}],"circlet_count":0,"master_deck":["Strike_R","Strike_R","Strike_R","Strike_R","Defend_R","Defend_R","Defend_R","Defend_R+1","Bash","Wild Strike+1","Dropkick+1","Flex+1","Flex+1","Perfected Strike+1","Iron Wave+1","Warcry+1","Wild Strike+1","Pommel Strike+1"],"relics":["Burning Blood","Bag of Preparation","Art of War","Medical Kit","SlaversCollar","War Paint","Sundial","Membership Card","Bag of Marbles"],"acts_visited":["Exordium","TheCity"],"potions_floor_usage":[16,16,16,33],"damage_taken":[{"damage":11,"enemies":"Jaw Worm","floor":1,"turns":2},{"damage":0,"enemies":"Cultist","floor":4,"turns":2},{"damage":5,"enemies":"2 Louse","floor":5,"turns":2},{"damage":0,"enemies":"2 Fungi Beasts","floor":7,"turns":2},{"damage":15,"enemies":"Exordium Thugs","floor":10,"turns":3},{"damage":36,"enemies":"Lagavulin","floor":11,"turns":4},{"damage":7,"enemies":"Blue Slaver","floor":12,"turns":2},{"damage":11,"enemies":"Red Slaver","floor":14,"turns":3},{"damage":39,"enemies":"The Guardian","floor":16,"turns":7},{"damage":20,"enemies":"Spheric Guardian","floor":18,"turns":4},{"damage":0,"enemies":"Chosen","floor":21,"turns":3},{"damage":41,"enemies":"Slavers","floor":24,"turns":5},{"damage":0,"enemies":"Snecko","floor":29,"turns":2},{"damage":85,"enemies":"StardustCrusaders","floor":33,"turns":10}],"seed_played":"513372430124270687","potions_obtained":[{"floor":1,"key":"Block Potion"},{"floor":2,"key":"AttackPotion"},{"floor":2,"key":"Ancient Potion"},{"floor":12,"key":"FearPotion"},{"floor":24,"key":"SkillPotion"}],"is_trial":false,"path_per_floor":["M","?","$","M","M","R","M","R","T","M","E","M","$","M","R","B",null,"M","?","?","M","?","R","E","R","T","R","$","M","R","T","R","B"],"character_chosen":"IRONCLAD","items_purchased":["Flex","Medical Kit","Membership Card","Pommel Strike"],"campfire_rested":3,"item_purchase_floors":[3,13,28,28],"current_hp_per_floor":[75,75,75,80,80,80,80,80,80,71,41,40,40,35,59,26,80,66,66,66,72,72,72,37,37,37,61,61,67,67,67,80,0,0],"gold":114,"neow_bonus":"THREE_CARDS","is_daily":false,"chose_seed":false,"campfire_upgraded":5,"win_rate":0.0,"timestamp":1609355325,"path_taken":["M","?","?","?","M","R","M","R","T","M","E","M","$","M","R","BOSS","M","?","?","?","?","R","E","R","T","R","$","M","R","?","R","BOSS"],"items_purchased_type":["Card","Relic","Relic","Card"],"build_version":"2020-12-22","purchased_purges":1,"victory":false,"max_hp_per_floor":[80,80,80,80,80,80,80,80,80,80,80,80,80,80,80,80,80,80,80,80,80,80,80,80,80,80,80,80,80,80,80,80,80,80],"card_choices":[{"not_picked":["Feel No Pain","Flame Barrier"],"picked":"Wild Strike","floor":0},{"not_picked":["Metallicize","Sword Boomerang"],"picked":"Dropkick","floor":1},{"not_picked":["Thunderclap","Power Through"],"picked":"Flex","floor":4},{"not_picked":["Clash","Twin Strike"],"picked":"Perfected Strike","floor":5},{"not_picked":["Iron Wave","Bludgeon","Havoc"],"picked":"SKIP","floor":7},{"not_picked":["Dropkick","Havoc","Headbutt"],"picked":"SKIP","floor":10},{"not_picked":["Shockwave","Armaments","Sentinel"],"picked":"SKIP","floor":11},{"not_picked":["Impervious","Shockwave","Shrug It Off"],"picked":"SKIP","floor":12},{"not_picked":["Clash","Havoc","Perfected Strike"],"picked":"SKIP","floor":14},{"not_picked":["Whirlwind","Dark Embrace"],"picked":"Iron Wave+1","floor":18},{"not_picked":["Havoc","Anger"],"picked":"Warcry","floor":21},{"not_picked":["Dropkick+1","Infernal Blade","Thunderclap"],"picked":"SKIP","floor":24},{"not_picked":["Infernal Blade","Anger","Bloodletting+1"],"picked":"SKIP","floor":29}],"player_experience":346391,"relics_obtained":[{"floor":9,"key":"Bag of Preparation"},{"floor":11,"key":"Art of War"},{"floor":24,"key":"War Paint"},{"floor":26,"key":"Sundial"},{"floor":31,"key":"Bag of Marbles"}],"event_choices":[{"damage_healed":0,"gold_gain":0,"player_choice":"Bought 2 Potions","damage_taken":0,"max_hp_gain":0,"max_hp_loss":0,"event_name":"The Woman in Blue","floor":2,"gold_loss":0},{"damage_healed":0,"gold_gain":100,"player_choice":"Pray","damage_taken":0,"max_hp_gain":0,"max_hp_loss":0,"event_name":"Golden Shrine","floor":19,"gold_loss":0},{"damage_healed":0,"gold_gain":0,"player_choice":"Forge","damage_taken":0,"max_hp_gain":0,"max_hp_loss":0,"event_name":"Accursed Blacksmith","floor":20,"gold_loss":0,"cards_upgraded":["Dropkick"]},{"damage_healed":0,"gold_gain":0,"player_choice":"Copied","damage_taken":0,"max_hp_gain":0,"max_hp_loss":0,"event_name":"Duplicator","floor":22,"gold_loss":0,"cards_obtained":["Wild Strike"]}],"is_beta":false,"boss_relics":[{"not_picked":["Runic Cube","Cursed Key"],"picked":"SlaversCollar"}],"items_purged_floors":[28],"is_endless":false,"potions_floor_spawned":[1,11,12,14,24],"killed_by":"StardustCrusaders","ascension_level":0}}