{"host":"czyrp3agadxx2eka","time":1609291279,"event":{"mods":["Bard","BaseMod","Beaked The Cultist","BetterRewards","Colored Map","Downfall","Hermit","Hubris","Infinite Spire","Lobotomy","Marisa????????","Minty Spire (QoL Compilation)","Replay The Spire","Shop Mod","StSLib","The Construct","The Cursed","The Elementalist","The Runesmith"],"gold_per_floor":[109,126,145,156,156,156,156,218,242,242,255,268,268,284,284,284,284],"floor_reached":16,"playtime":1106,"items_purged":[],"score":94,"play_id":"ef413fb7-5ae5-4488-a1bc-1ca0f872bc58","local_time":"20201229232119","is_ascension_mode":false,"campfire_choices":[{"data":"elementalist:Mage_Hand","floor":6,"key":"SMITH"},{"data":"elementalist:Firestrike","floor":10,"key":"SMITH"},{"data":"elementalist:Flame","floor":13,"key":"SMITH"},{"floor":15,"key":"REST"}],"circlet_count":0,"master_deck":["elementalist:Strike+Elemblue","elementalist:Defend_Elemblue","elementalist:Defend_Elemblue","elementalist:Defend_Elemblue","elementalist:Defend_Elemblue","elementalist:Defend_Elemblue","elementalist:Firestrike+1","elementalist:Earthstrike","elementalist:Waterstrike","elementalist:Airstrike","elementalist:Crystal_Chalk+1","elementalist:Etherstrike","elementalist:Mage_Hand","elementalist:Momentum","elementalist:Solar_Form","Regret","elementalist:Mage_Hand+1","elementalist:Overheat","elementalist:Overheat","elementalist:Flame+1","elementalist:Confluence"],"relics":["elementalistmod:MagusStaff","elementalistmod:RedRibbon","MealTicket","infinitespire:CheckeredPen","Blood Vial","Oddly Smooth Stone"],"acts_visited":["Exordium"],"potions_floor_usage":[16],"damage_taken":[{"damage":7,"enemies":"Small Slimes","floor":1,"turns":5},{"damage":0,"enemies":"2 Louse","floor":2,"turns":2},{"damage":1,"enemies":"Cultist","floor":3,"turns":4},{"damage":3,"enemies":"3 Louse","floor":4,"turns":4},{"damage":32,"enemies":"Exordium Wildlife","floor":11,"turns":6},{"damage":12,"enemies":"Lots of Slimes","floor":12,"turns":3},{"damage":12,"enemies":"Gremlin Gang","floor":14,"turns":4},{"damage":39,"enemies":"Slime Boss","floor":16,"turns":6}],"seed_played":"5619742616956800810","potions_obtained":[{"floor":1,"key":"SteroidPotion"},{"floor":2,"key":"AttackPotion"},{"floor":4,"key":"Energy Potion"},{"floor":8,"key":"CultistPotion"},{"floor":8,"key":"Guardian:BlockOnCardUsePotion"}],"is_trial":false,"path_per_floor":["M","M","M","M","?","R","?","?","T","R","M","M","R","M","R","B"],"character_chosen":"THE_ELEMENTALIST","items_purchased":[],"campfire_rested":1,"item_purchase_floors":[],"current_hp_per_floor":[63,63,62,59,59,59,59,59,59,59,29,19,19,9,30,0,0],"gold":284,"neow_bonus":"UPGRADE_CARD","is_daily":false,"chose_seed":false,"campfire_upgraded":3,"win_rate":0.0,"timestamp":1609291279,"path_taken":["M","M","M","M","?","R","?","?","T","R","M","M","R","M","R","BOSS"],"items_purchased_type":[],"build_version":"2020-12-22","purchased_purges":0,"victory":false,"max_hp_per_floor":[70,70,70,70,70,70,70,70,70,70,70,70,70,70,70,70,70],"card_choices":[{"not_picked":["elementalist:Emberveil","elementalist:Wards"],"picked":"elementalist:Etherstrike","floor":1},{"not_picked":["elementalist:Overheat","elementalist:Breeze"],"picked":"elementalist:Mage_Hand","floor":2},{"not_picked":["elementalist:Magma_Shot","elementalist:Mist"],"picked":"elementalist:Momentum","floor":3},{"not_picked":["elementalist:Momentum","elementalist:Erosion"],"picked":"elementalist:Solar_Form","floor":4},{"not_picked":["elementalist:Emberveil","elementalist:Pressurize"],"picked":"elementalist:Overheat","floor":8},{"not_picked":["elementalist:Spark","elementalist:Monument"],"picked":"elementalist:Overheat","floor":11},{"not_picked":["elementalist:Widdershins_Conversion","elementalist:Ignition","elementalist:Breeze"],"picked":"SKIP","floor":12},{"not_picked":["elementalist:Widdershins_Conversion","elementalist:Ignition","elementalist:Breeze"],"picked":"SKIP","floor":12},{"not_picked":["elementalist:Lunar_Form","elementalist:Mist"],"picked":"elementalist:Confluence","floor":14}],"player_experience":14757,"relics_obtained":[{"floor":8,"key":"Blood Vial"},{"floor":9,"key":"Oddly Smooth Stone"}],"event_choices":[{"damage_healed":0,"gold_gain":0,"player_choice":"Box","damage_taken":0,"relics_obtained":["MealTicket"],"max_hp_gain":0,"max_hp_loss":0,"event_name":"Big Fish","floor":5,"gold_loss":0,"cards_obtained":["Regret"]},{"damage_healed":0,"gold_gain":0,"player_choice":"Searched \u00271\u0027 times","damage_taken":0,"relics_obtained":["infinitespire:CheckeredPen"],"max_hp_gain":0,"max_hp_loss":0,"event_name":"Dead Adventurer","floor":7,"gold_loss":0}],"is_beta":false,"boss_relics":[],"items_purged_floors":[],"is_endless":false,"potions_floor_spawned":[1,2,4,12,14],"killed_by":"Slime Boss","ascension_level":0}}