{"host":"girf3bnli6r7x4ah","time":1609292572,"event":{"mods":["2.2 Compatiblity","AchievementEnabler","BaseMod","Colored Map","DeckTracker","Highlight Path","Minty Spire (QoL Compilation)","Random Character Button","Rare Cards Sparkle"],"gold_per_floor":[116,191,208,208,8,40,40,65,89,116,135,135,164,144,144,242,242,259,271,271,12,12,45,45,45,68,95,111,128,128,138,138,233,233,253,253,12,27,44,72,72,104,127,161,10,30,40,50,50,50,50,50,50,78,78,78],"floor_reached":55,"playtime":4357,"items_purged":["Writhe"],"score":966,"play_id":"005f87e1-b0fc-4ad0-808a-830f9cde781d","local_time":"20201230024252","is_ascension_mode":true,"campfire_choices":[{"floor":12,"key":"REST"},{"floor":15,"key":"REST"},{"floor":24,"key":"REST"},{"floor":32,"key":"REST"},{"floor":41,"key":"REST"},{"floor":49,"key":"RECALL"},{"floor":52,"key":"REST"}],"circlet_count":0,"master_deck":["Strike_B","Strike_B","Strike_B","Strike_B","Defend_B","Defend_B","Defend_B","Defend_B","Zap+1","Dualcast","Turbo","Self Repair","Ball Lightning","Undo","Darkness","Streamline","Redo","White Noise","Leap+1","Buffer","Seek","Redo+1","Thunder Strike","Conserve Battery+1","Apotheosis","Turbo+1","Ball Lightning+1","White Noise+1","Self Repair+1","Streamline+1","Streamline+1","Creative AI"],"relics":["Cracked Core","NeowsBlessing","ClockworkSouvenir","Boot","Pocketwatch","Bronze Scales","Darkstone Periapt","Tiny Chest","Inserter","CaptainsWheel","Membership Card","Pen Nib","Ice Cream","MutagenicStrength","Happy Flower","Gremlin Horn","Fusion Hammer","PreservedInsect","Strawberry","Bird Faced Urn","MealTicket","Oddly Smooth Stone","Omamori","Bag of Marbles","Lee\u0027s Waffle","Toy Ornithopter"],"acts_visited":["Exordium","TheCity","TheBeyond","TheEnding"],"potions_floor_usage":[10,19,22,31,38,39,47,47],"damage_taken":[{"damage":0,"enemies":"Small Slimes","floor":1,"turns":1},{"damage":0,"enemies":"2 Louse","floor":3,"turns":1},{"damage":0,"enemies":"Gremlin Nob","floor":6,"turns":1},{"damage":39,"enemies":"Lagavulin","floor":8,"turns":7},{"damage":18,"enemies":"3 Sentries","floor":10,"turns":5},{"damage":0,"enemies":"Cultist","floor":11,"turns":2},{"damage":13,"enemies":"Lagavulin","floor":13,"turns":4},{"damage":42,"enemies":"The Guardian","floor":16,"turns":8},{"damage":38,"enemies":"2 Thieves","floor":18,"turns":4},{"damage":5,"enemies":"Chosen","floor":19,"turns":4},{"damage":0,"enemies":"Centurion and Healer","floor":22,"turns":1},{"damage":14,"enemies":"Gremlin Leader","floor":23,"turns":6},{"damage":31,"enemies":"Book of Stabbing","floor":27,"turns":5},{"damage":19,"enemies":"Chosen and Byrds","floor":28,"turns":5},{"damage":11,"enemies":"Snake Plant","floor":29,"turns":4},{"damage":18,"enemies":"3 Cultists","floor":31,"turns":4},{"damage":41,"enemies":"Champ","floor":33,"turns":8},{"damage":0,"enemies":"3 Shapes","floor":35,"turns":2},{"damage":8,"enemies":"3 Darklings","floor":38,"turns":2},{"damage":17,"enemies":"Sphere and 2 Shapes","floor":39,"turns":3},{"damage":0,"enemies":"Giant Head","floor":40,"turns":5},{"damage":48,"enemies":"Nemesis","floor":42,"turns":5},{"damage":18,"enemies":"Reptomancer","floor":44,"turns":5},{"damage":0,"enemies":"Maw","floor":46,"turns":8},{"damage":30,"enemies":"Jaw Worm Horde","floor":47,"turns":4},{"damage":0,"enemies":"Spire Growth","floor":48,"turns":4},{"damage":104,"enemies":"Awakened One","floor":50,"turns":10},{"damage":8,"enemies":"Shield and Spear","floor":54,"turns":6},{"damage":113,"enemies":"The Heart","floor":55,"turns":5}],"seed_played":"-6932426787259292902","potions_obtained":[{"floor":3,"key":"SmokeBomb"},{"floor":6,"key":"FairyPotion"},{"floor":8,"key":"SkillPotion"},{"floor":11,"key":"GamblersBrew"},{"floor":14,"key":"GamblersBrew"},{"floor":18,"key":"PowerPotion"},{"floor":29,"key":"LiquidBronze"},{"floor":31,"key":"Explosive Potion"},{"floor":35,"key":"DuplicationPotion"},{"floor":44,"key":"LiquidBronze"},{"floor":46,"key":"DistilledChaos"}],"is_trial":false,"path_per_floor":["M","?","M","?","$","E","?","E","T","E","M","R","E","?","R","B",null,"M","M","?","$","M","E","R","?","T","E","M","M","T","M","R","B",null,"M","?","$","M","M","E","R","E","T","E","$","M","M","M","R","B",null,"R","$","E","B"],"character_chosen":"DEFECT","items_purchased":["ClockworkSouvenir","Ball Lightning","Membership Card","Pen Nib","PreservedInsect","Apotheosis","Strawberry","Bag of Marbles","Lee\u0027s Waffle"],"campfire_rested":6,"item_purchase_floors":[5,5,21,21,37,37,37,45,45],"current_hp_per_floor":[75,64,64,64,64,64,64,32,32,21,28,50,44,44,66,31,75,37,32,38,38,38,31,55,55,55,31,19,15,15,24,48,7,81,81,91,98,90,83,90,98,62,62,59,105,105,99,105,105,26,105,105,105,103,0,0],"gold":78,"neow_bonus":"THREE_ENEMY_KILL","is_daily":false,"chose_seed":false,"campfire_upgraded":0,"win_rate":0.0,"timestamp":1609292572,"path_taken":["M","?","M","?","$","E","?","E","T","E","M","R","E","?","R","BOSS","M","M","?","$","M","E","R","?","T","E","M","M","?","M","R","BOSS","M","?","$","M","M","E","R","E","T","E","?","M","?","M","R","BOSS","R","$","E","BOSS"],"items_purchased_type":["Relic","Card","Relic","Relic","Relic","Card","Relic","Relic","Relic"],"build_version":"2020-12-22","purchased_purges":1,"victory":false,"max_hp_per_floor":[75,75,75,75,75,75,75,75,75,75,75,75,75,75,75,75,75,75,75,81,81,81,81,81,81,81,81,81,81,81,81,81,81,81,81,91,98,98,98,98,98,98,98,98,105,105,105,105,105,105,105,105,105,105,105,105],"card_choices":[{"not_picked":["Redo","Cold Snap"],"picked":"Turbo","floor":1},{"not_picked":["Leap","Coolheaded"],"picked":"Self Repair","floor":3},{"not_picked":["Compile Driver","Conserve Battery"],"picked":"Undo","floor":6},{"not_picked":["Undo","Tempest","Force Field"],"picked":"SKIP","floor":8},{"not_picked":["Leap","Coolheaded"],"picked":"Darkness","floor":10},{"not_picked":["Ball Lightning","Conserve Battery"],"picked":"Streamline","floor":11},{"not_picked":["Ball Lightning","Sweeping Beam"],"picked":"Redo","floor":13},{"not_picked":["Creative AI","Meteor Strike"],"picked":"Core Surge","floor":16},{"not_picked":["Glacier+1","Auto Shields"],"picked":"White Noise","floor":18},{"not_picked":["Turbo","Go for the Eyes"],"picked":"Leap+1","floor":19},{"not_picked":["Beam Cell","Cold Snap"],"picked":"Buffer","floor":23},{"not_picked":["Cold Snap","Steam","Doom and Gloom"],"picked":"SKIP","floor":27},{"not_picked":["Compile Driver","Redo"],"picked":"Seek","floor":28},{"not_picked":["Chaos","Coolheaded","Undo"],"picked":"SKIP","floor":29},{"not_picked":["Coolheaded","Rebound"],"picked":"Redo+1","floor":31},{"not_picked":["Seek","Core Surge"],"picked":"Thunder Strike","floor":33},{"not_picked":["Steam+1","Redo"],"picked":"Conserve Battery+1","floor":35},{"not_picked":["Darkness+1","Cold Snap+1","Turbo"],"picked":"SKIP","floor":38},{"not_picked":["Conserve Battery+1","Leap"],"picked":"Turbo+1","floor":39},{"not_picked":["Glacier+1","Hologram+1"],"picked":"Ball Lightning+1","floor":40},{"not_picked":["Compile Driver+1","Leap+1"],"picked":"White Noise+1","floor":42},{"not_picked":["Undo","Reboot","Ball Lightning"],"picked":"SKIP","floor":44},{"not_picked":["Double Energy","Gash+1"],"picked":"Self Repair+1","floor":46},{"not_picked":["Compile Driver","Beam Cell+1"],"picked":"Streamline+1","floor":47},{"not_picked":["Ball Lightning","Steam Power"],"picked":"Streamline+1","floor":48},{"not_picked":["Coolheaded+1","Buffer"],"picked":"Creative AI","floor":54}],"player_experience":128184,"relics_obtained":[{"floor":6,"key":"Boot"},{"floor":8,"key":"Pocketwatch"},{"floor":9,"key":"Bronze Scales"},{"floor":10,"key":"Darkstone Periapt"},{"floor":13,"key":"Tiny Chest"},{"floor":23,"key":"Ice Cream"},{"floor":27,"key":"Happy Flower"},{"floor":30,"key":"Gremlin Horn"},{"floor":40,"key":"Bird Faced Urn"},{"floor":42,"key":"MealTicket"},{"floor":43,"key":"Oddly Smooth Stone"},{"floor":44,"key":"Omamori"},{"floor":54,"key":"Toy Ornithopter"}],"event_choices":[{"damage_healed":0,"gold_gain":75,"player_choice":"Gather Gold","damage_taken":11,"max_hp_gain":0,"max_hp_loss":0,"event_name":"World of Goop","floor":2,"gold_loss":0},{"damage_healed":0,"gold_gain":0,"player_choice":"Grow","damage_taken":0,"max_hp_gain":0,"max_hp_loss":0,"event_name":"Living Wall","floor":4,"gold_loss":0,"cards_upgraded":["Zap"]},{"damage_healed":0,"gold_gain":0,"player_choice":"Leave","damage_taken":0,"max_hp_gain":0,"max_hp_loss":0,"event_name":"The Cleric","floor":7,"gold_loss":0},{"damage_healed":0,"gold_gain":0,"player_choice":"Bought 1 Potion","damage_taken":0,"max_hp_gain":0,"max_hp_loss":0,"event_name":"The Woman in Blue","floor":14,"gold_loss":0},{"damage_healed":0,"gold_gain":0,"player_choice":"Opened","damage_taken":0,"relics_obtained":["CaptainsWheel"],"max_hp_gain":0,"max_hp_loss":0,"event_name":"The Mausoleum","floor":20,"gold_loss":0,"cards_obtained":["Writhe"]},{"damage_healed":0,"gold_gain":0,"player_choice":"Inject Mutagens","damage_taken":0,"relics_obtained":["MutagenicStrength"],"max_hp_gain":0,"max_hp_loss":0,"event_name":"Drug Dealer","floor":25,"gold_loss":0},{"cards_removed":["Core Surge"],"damage_healed":0,"gold_gain":0,"player_choice":"Offered Rare","damage_taken":0,"max_hp_gain":10,"max_hp_loss":0,"event_name":"Bonfire Elementals","floor":36,"gold_loss":0}],"is_beta":false,"boss_relics":[{"not_picked":["Philosopher\u0027s Stone","Runic Pyramid"],"picked":"Inserter"},{"not_picked":["Empty Cage","Cursed Key"],"picked":"Fusion Hammer"}],"items_purged_floors":[21],"is_endless":false,"potions_floor_spawned":[3,6,8,11,18,22,29,31,35,44,46],"killed_by":"The Heart","ascension_level":1}}