{"host":"93n4kdg5le7r8dks","time":1609288537,"event":{"mods":["AlwaysNeverKeys","BaseMod","Better Note","Better Sensory Stone","Better Skull","Better Third Choice","Block Reminder","Colored Map","Colored Powertips","DeckTracker","Infinite Spire","Minty Spire (QoL Compilation)","Quick Restart","StSLib"],"gold_per_floor":[117,117,131,131,131,160,160,172,196,216,245,259,284,302,302,397,397,415,415,415,515,515,534,534,534,534,534,548,574,175,208,208,311,311,324,234,234,234,280,309,309,309,309],"floor_reached":42,"playtime":4795,"items_purged":["Strike_B","Defend_B"],"score":555,"play_id":"a752e1a6-d8c4-4793-bbee-64e74015cb0f","local_time":"20201229183537","is_ascension_mode":false,"campfire_choices":[{"data":"infinitespire:Gouge","floor":7,"key":"SMITH"},{"floor":15,"key":"REST"},{"data":"infinitespire:Oblivion","floor":24,"key":"SMITH"},{"data":"Reinforced Body","floor":27,"key":"SMITH"},{"data":"Chill","floor":32,"key":"SMITH"},{"data":"Fission","floor":41,"key":"SMITH"}],"circlet_count":0,"master_deck":["Zap+1","Dualcast","Rebound","infinitespire:Gouge+1","Reinforced Body+1","All For One","Chill+1","Chill","Turbo","Gash","Echo Form","Self Repair","infinitespire:Oblivion+1","FTL","Reboot+1","Static Discharge","Meteor Strike","Fission+1","Doom and Gloom","Beam Cell","Redo+1"],"relics":["PureWater","infinitespire:Cubic Diamond","Whetstone","War Paint","Dream Catcher","Juzu Bracelet","Nuclear Battery","MealTicket","infinitespire:EmpoweringShard","Bottled Tornado","Omamori","infinitespire:BottledMercury","Cables","Pandora\u0027s Box","infinitespire:Joker Card","Pen Nib","Oddly Smooth Stone"],"acts_visited":["Exordium","TheCity","TheBeyond"],"potions_floor_usage":[10,11,13,23,29,29,33,42],"damage_taken":[{"damage":6,"enemies":"Jaw Worm","floor":1,"turns":3},{"damage":0,"enemies":"Small Slimes","floor":3,"turns":2},{"damage":36,"enemies":"3 Sentries","floor":6,"turns":12},{"damage":0,"enemies":"2 Louse","floor":8,"turns":2},{"damage":0,"enemies":"Exordium Thugs","floor":10,"turns":3},{"damage":2,"enemies":"Gremlin Nob","floor":11,"turns":3},{"damage":0,"enemies":"Large Slime","floor":12,"turns":4},{"damage":4,"enemies":"3 Sentries","floor":13,"turns":6},{"damage":0,"enemies":"Exordium Wildlife","floor":14,"turns":3},{"damage":0,"enemies":"Hexaghost","floor":16,"turns":8},{"damage":7,"enemies":"Spheric Guardian","floor":18,"turns":4},{"damage":0,"enemies":"Shell Parasite","floor":23,"turns":3},{"damage":0,"enemies":"Sentry and Sphere","floor":28,"turns":4},{"damage":18,"enemies":"Gremlin Leader","floor":29,"turns":5},{"damage":32,"enemies":"Slavers","floor":31,"turns":4},{"damage":9,"enemies":"Automaton","floor":33,"turns":6},{"damage":3,"enemies":"3 Darklings","floor":35,"turns":4},{"damage":0,"enemies":"Giant Head","floor":40,"turns":4},{"damage":76,"enemies":"Nightmare","floor":42,"turns":4}],"seed_played":"-636673624506592430","potions_obtained":[{"floor":3,"key":"DuplicationPotion"},{"floor":6,"key":"Fire Potion"},{"floor":11,"key":"EssenceOfDarkness"},{"floor":13,"key":"Energy Potion"},{"floor":14,"key":"SteroidPotion"},{"floor":18,"key":"Swift Potion"},{"floor":28,"key":"ColorlessPotion"},{"floor":38,"key":"LiquidBronze"},{"floor":38,"key":"SkillPotion"},{"floor":38,"key":"FearPotion"}],"is_trial":false,"path_per_floor":["M","?","M","?","?","E","R","M","T","M","E","M","E","M","R","B",null,"M","?","?","?","AVR","M","R","?","T","R","M","E","$","E","R","B",null,"M","?","AVR","?","T","E","R","NM"],"character_chosen":"DEFECT","items_purchased":["infinitespire:BottledMercury","FTL"],"campfire_rested":1,"item_purchase_floors":[30,30],"current_hp_per_floor":[69,51,51,44,44,8,8,8,8,8,6,6,2,2,24,24,75,68,75,59,59,59,59,59,59,59,59,66,62,75,50,50,48,75,75,75,75,75,75,75,75,0,0],"gold":309,"neow_bonus":"UPGRADE_CARD","is_daily":false,"chose_seed":false,"campfire_upgraded":5,"win_rate":0.0,"timestamp":1609288537,"path_taken":["M","?","M","?","?","E","R","M","T","M","E","?","E","M","R","BOSS","M","?","?","?","AVR","M","R","?","T","R","M","E","?","E","R","BOSS","M","?","AVR","?","?","E","R","NM"],"items_purchased_type":["Relic","Card"],"build_version":"2020-12-13","purchased_purges":2,"victory":false,"max_hp_per_floor":[75,75,75,75,75,75,75,75,75,75,75,75,75,75,75,75,75,75,75,75,75,75,75,75,75,75,75,75,75,75,75,75,75,75,75,75,75,75,75,75,75,75,75],"card_choices":[{"not_picked":["Barrage","Aggregate"],"picked":"Rebound","floor":1},{"not_picked":["infinitespire:FinalStrike","infinitespire:DeathsTouch"],"picked":"infinitespire:Gouge","floor":2},{"not_picked":["Cold Snap","Darkness"],"picked":"Reinforced Body","floor":3},{"not_picked":["Undo","Doom and Gloom"],"picked":"All For One","floor":6},{"not_picked":["Coolheaded","Hologram"],"picked":"Chill","floor":8},{"not_picked":["Melter","Barrage"],"picked":"Chill","floor":10},{"not_picked":["Reprogram","Ball Lightning","Cold Snap"],"picked":"SKIP","floor":11},{"not_picked":["Force Field","Streamline"],"picked":"Turbo","floor":12},{"not_picked":["Coolheaded","Melter","Hologram"],"picked":"SKIP","floor":13},{"not_picked":["Rebound","Hologram"],"picked":"Gash","floor":14},{"not_picked":["Rainbow","Amplify"],"picked":"Echo Form","floor":16},{"not_picked":["Leap","Hologram"],"picked":"Self Repair","floor":18},{"not_picked":["Streamline","Lockon","Tempest"],"picked":"SKIP","floor":23},{"not_picked":["Streamline","Compile Driver","Undo"],"picked":"SKIP","floor":28},{"not_picked":["Reprogram+1","Leap","Coolheaded+1"],"picked":"SKIP","floor":29},{"not_picked":["Coolheaded+1","Ball Lightning","Redo"],"picked":"SKIP","floor":31},{"not_picked":["Thunder Strike","Rainbow"],"picked":"Reboot","floor":33},{"not_picked":["Ball Lightning+1","Leap"],"picked":"Beam Cell","floor":35},{"not_picked":["Turbo","Steam"],"picked":"Redo+1","floor":40}],"player_experience":71499,"relics_obtained":[{"floor":6,"key":"Whetstone"},{"floor":9,"key":"War Paint"},{"floor":11,"key":"Dream Catcher"},{"floor":13,"key":"Juzu Bracelet"},{"floor":26,"key":"Bottled Tornado"},{"floor":29,"key":"Omamori"},{"floor":31,"key":"Cables"},{"floor":39,"key":"Pen Nib"},{"floor":40,"key":"Oddly Smooth Stone"}],"event_choices":[{"cards_removed":["Strike_B"],"damage_healed":0,"gold_gain":0,"player_choice":"Card Removal","damage_taken":7,"max_hp_gain":0,"max_hp_loss":0,"event_name":"Golden Wing","floor":4,"gold_loss":0},{"damage_healed":7,"gold_gain":0,"player_choice":"Full Heal","damage_taken":0,"max_hp_gain":0,"max_hp_loss":0,"event_name":"Wheel of Change","floor":19,"gold_loss":0},{"damage_healed":0,"gold_gain":0,"player_choice":"RE ","damage_taken":18,"relics_obtained":["MealTicket"],"max_hp_gain":0,"max_hp_loss":0,"event_name":"betterSkull:BetterSkull","floor":20,"gold_loss":0,"cards_upgraded":[]},{"damage_healed":0,"gold_gain":100,"player_choice":"Pray","damage_taken":0,"max_hp_gain":0,"max_hp_loss":0,"event_name":"Golden Shrine","floor":21,"gold_loss":0},{"damage_healed":0,"gold_gain":0,"player_choice":"Ignored","damage_taken":0,"max_hp_gain":0,"max_hp_loss":0,"event_name":"betterNote:BetterNote","floor":25,"gold_loss":0,"cards_obtained":["Doubt"]},{"cards_removed":["Hello World"],"damage_healed":0,"gold_gain":0,"player_choice":"Upgrade and Remove","damage_taken":0,"max_hp_gain":0,"max_hp_loss":0,"event_name":"Designer","floor":36,"gold_loss":90,"cards_upgraded":["Reboot"]},{"damage_healed":0,"gold_gain":0,"player_choice":"Got Potions","damage_taken":0,"max_hp_gain":0,"max_hp_loss":0,"event_name":"Lab","floor":38,"gold_loss":0}],"is_beta":false,"boss_relics":[{"not_picked":["Calling Bell","Ectoplasm"],"picked":"Nuclear Battery"},{"not_picked":["Cursed Key","Sozu"],"picked":"Pandora\u0027s Box"}],"items_purged_floors":[22,30],"is_endless":false,"potions_floor_spawned":[3,6,11,13,14,18,28],"killed_by":"Nightmare","ascension_level":0}}