{"host":"hzinic87vu8p95wn","time":1609329722,"event":{"mods":["BaseMod","Minty Spire (QoL Compilation)"],"gold_per_floor":[114,39,39,39,57,57,83,30,30,30,30,55,68,94,94,172,172,172],"floor_reached":17,"playtime":1177,"items_purged":[],"score":353,"play_id":"bf182acd-7fb7-48ba-a84d-3e9b08f495ee","local_time":"20201230230202","is_ascension_mode":true,"campfire_choices":[{"data":"Streamline","floor":6.0,"key":"SMITH"},{"floor":11.0,"key":"REST"},{"data":"Sweeping Beam","floor":15.0,"key":"SMITH"}],"circlet_count":0,"master_deck":["AscendersBane","Strike_B","Defend_B","Defend_B+1","Zap+1","Dualcast","Streamline+1","Reinforced Body","Sweeping Beam+1","Go for the Eyes","Melter","Machine Learning","Force Field+1","Scrape+1","Amplify+1"],"relics":["Cracked Core","NeowsBlessing","Bag of Preparation","Centennial Puzzle","Vajra","Astrolabe"],"acts_visited":["Exordium","TheCity"],"potions_floor_usage":[16],"damage_taken":[{"damage":0.0,"enemies":"2 Louse","floor":1.0,"turns":1.0},{"damage":0.0,"enemies":"Jaw Worm","floor":5.0,"turns":1.0},{"damage":0.0,"enemies":"Lagavulin","floor":7.0,"turns":1.0},{"damage":0.0,"enemies":"Small Slimes","floor":13.0,"turns":2.0},{"damage":3.0,"enemies":"Gremlin Nob","floor":14.0,"turns":3.0},{"damage":28,"enemies":"The Guardian","floor":16,"turns":12}],"seed_played":"4273960422672687721","potions_obtained":[{"floor":7.0,"key":"SkillPotion"},{"floor":13.0,"key":"Dexterity Potion"},{"floor":16,"key":"ColorlessPotion"}],"is_trial":false,"path_per_floor":["M","?","$","?","M","R","E","$","T","?","R","T","M","E","R","B",null],"character_chosen":"DEFECT","items_purchased":["Sweeping Beam"],"campfire_rested":1,"item_purchase_floors":[8],"current_hp_per_floor":[64,64,64,57,57,57,57,57,57,36,57,57,57,54,54,26,60,60],"gold":172,"neow_bonus":"THREE_ENEMY_KILL","is_daily":false,"chose_seed":false,"campfire_upgraded":2,"win_rate":0.0,"timestamp":1609329722,"path_taken":["M","?","$","?","?","R","E","$","T","?","R","?","M","E","R","BOSS"],"items_purchased_type":["Card"],"build_version":"2020-12-22","purchased_purges":0,"victory":false,"max_hp_per_floor":[71,71,71,71,71,71,71,71,71,71,71,71,71,71,71,71,71,71],"card_choices":[{"not_picked":["Stack","Gash"],"picked":"Streamline","floor":1.0},{"not_picked":["Leap","BootSequence","Darkness"],"picked":"SKIP","floor":5.0},{"not_picked":["Stack","Compile Driver"],"picked":"Reinforced Body","floor":7.0},{"not_picked":["Fusion","Steam Power"],"picked":"Go for the Eyes","floor":13.0},{"not_picked":["Go for the Eyes","Undo"],"picked":"Melter","floor":14.0},{"not_picked":["Buffer","Amplify"],"picked":"Machine Learning","floor":16}],"player_experience":1548542,"relics_obtained":[{"floor":7.0,"key":"Bag of Preparation"},{"floor":12.0,"key":"Centennial Puzzle"},{"floor":14.0,"key":"Vajra"}],"event_choices":[{"cards_removed":["Strike_B"],"damage_healed":0.0,"max_hp_gain":0.0,"max_hp_loss":0.0,"gold_gain":0.0,"event_name":"The Cleric","player_choice":"Card Removal","floor":2.0,"gold_loss":75.0,"damage_taken":0.0},{"cards_removed":["Strike_B"],"damage_healed":0.0,"max_hp_gain":0.0,"max_hp_loss":0.0,"gold_gain":0.0,"event_name":"Golden Wing","player_choice":"Card Removal","floor":4.0,"gold_loss":0.0,"damage_taken":7.0},{"damage_healed":0.0,"max_hp_gain":0.0,"max_hp_loss":0.0,"gold_gain":0.0,"event_name":"Shining Light","player_choice":"Entered Light","floor":10.0,"gold_loss":0.0,"damage_taken":21.0,"cards_upgraded":["Zap","Defend_B"]}],"is_beta":false,"boss_relics":[{"not_picked":["Tiny House","Pandora\u0027s Box"],"picked":"Astrolabe"}],"items_purged_floors":[],"is_endless":false,"potions_floor_spawned":[7,13,16],"ascension_level":18}}