{"host":"b4oqa93y40rb9616","time":1609349304,"event":{"mods":["BaseMod","Colored Map","Custom Start","DeckTracker","Keyboard Shortcuts","Minty Spire (QoL Compilation)","Permanent Neow","Quick Restart","StSLib","SuperFastMode","everything is the same but u backflip on backflip"],"gold_per_floor":[18,36,53,70,88,88,122,132,132,132,146,146,146,58,58,137,137,153,172,97,113,113,113,113],"floor_reached":23,"playtime":586,"items_purged":["Defend_R"],"score":361,"play_id":"0ec1c5d3-bb6c-407e-b971-1fbd2e01a6bd","local_time":"20201231022824","is_ascension_mode":true,"campfire_choices":[{"data":"Apotheosis","floor":6.0,"key":"SMITH"},{"data":"Juggernaut","floor":10.0,"key":"SMITH"},{"data":"Battle Trance","floor":15.0,"key":"SMITH"}],"circlet_count":0,"master_deck":["AscendersBane","Strike_R","Strike_R","Strike_R","Defend_R","Defend_R","Defend_R","Bash","Apotheosis+1","Shrug It Off","Wild Strike","Battle Trance+1","Metallicize","Blood for Blood","Juggernaut+1","Shrug It Off","Thunderclap","Evolve","Impervious","Battle Trance","Necronomicurse"],"relics":["Burning Blood","Anchor","Sozu","Necronomicon"],"acts_visited":["Exordium","TheCity"],"potions_floor_usage":[23],"damage_taken":[{"damage":7.0,"enemies":"Jaw Worm","floor":1.0,"turns":5.0},{"damage":5.0,"enemies":"2 Louse","floor":2.0,"turns":4.0},{"damage":7.0,"enemies":"Small Slimes","floor":3.0,"turns":4.0},{"damage":19.0,"enemies":"Exordium Wildlife","floor":4.0,"turns":5.0},{"damage":12.0,"enemies":"3 Louse","floor":5.0,"turns":4.0},{"damage":10.0,"enemies":"Lagavulin","floor":7.0,"turns":6.0},{"damage":0.0,"enemies":"2 Fungi Beasts","floor":8.0,"turns":3.0},{"damage":8.0,"enemies":"Looter","floor":11.0,"turns":4.0},{"damage":11.0,"enemies":"Hexaghost","floor":16.0,"turns":9.0},{"damage":16.0,"enemies":"Chosen","floor":18.0,"turns":6.0},{"damage":11.0,"enemies":"Spheric Guardian","floor":19.0,"turns":5.0},{"damage":14.0,"enemies":"Snake Plant","floor":21.0,"turns":4.0},{"damage":9,"enemies":"Slavers","floor":23,"turns":3}],"seed_played":"414913549724091212","potions_obtained":[{"floor":2.0,"key":"BlessingOfTheForge"},{"floor":4.0,"key":"SpeedPotion"},{"floor":11.0,"key":"ColorlessPotion"}],"is_trial":false,"path_per_floor":["M","M","M","M","M","R","E","M","T","R","M","?","?","$","R","B",null,"M","M","$","M","?","E"],"character_chosen":"IRONCLAD","items_purchased":["Evolve"],"campfire_rested":0,"item_purchase_floors":[14],"current_hp_per_floor":[67,68,67,54,48,48,44,50,50,50,48,48,41,41,41,36,65,55,50,50,42,21,12,12],"gold":113,"neow_bonus":"RANDOM_COLORLESS_2","is_daily":false,"chose_seed":false,"campfire_upgraded":3,"win_rate":0.0,"timestamp":1609349304,"path_taken":["M","M","M","M","M","R","E","M","T","R","M","?","?","$","R","BOSS","M","M","$","M","?","E"],"items_purchased_type":["Card"],"build_version":"2020-12-22","purchased_purges":1,"victory":false,"max_hp_per_floor":[75,75,75,75,75,75,75,75,75,75,75,75,75,75,75,75,75,75,75,75,75,75,75,75],"card_choices":[{"not_picked":["Mayhem","Secret Technique"],"picked":"Apotheosis","floor":0.0},{"not_picked":["Cleave","Havoc"],"picked":"Shrug It Off","floor":1.0},{"not_picked":["Body Slam","Rage"],"picked":"Wild Strike","floor":2.0},{"not_picked":["Uppercut","Headbutt"],"picked":"Battle Trance","floor":3.0},{"not_picked":["Havoc","Heavy Blade"],"picked":"Metallicize","floor":4.0},{"not_picked":["Pommel Strike","Corruption"],"picked":"Blood for Blood","floor":5.0},{"not_picked":["Body Slam","Heavy Blade","Clothesline"],"picked":"SKIP","floor":7.0},{"not_picked":["Twin Strike","Dark Embrace"],"picked":"Juggernaut","floor":8.0},{"not_picked":["Twin Strike","Anger"],"picked":"Shrug It Off","floor":11.0},{"not_picked":["Reaper","Juggernaut"],"picked":"Impervious","floor":16.0},{"not_picked":["Anger","Pommel Strike","Pummel"],"picked":"SKIP","floor":18.0},{"not_picked":["Iron Wave","Headbutt+1","Havoc"],"picked":"SKIP","floor":19.0},{"not_picked":["Spot Weakness","True Grit"],"picked":"Battle Trance","floor":21.0}],"player_experience":412069,"relics_obtained":[{"floor":7.0,"key":"Anchor"},{"floor":22.0,"key":"Necronomicon"}],"event_choices":[{"damage_healed":0.0,"max_hp_gain":0.0,"max_hp_loss":0.0,"gold_gain":0.0,"cards_transformed":["Strike_R"],"event_name":"Living Wall","player_choice":"Change","floor":12.0,"gold_loss":0.0,"damage_taken":0.0,"cards_obtained":["Thunderclap"]},{"cards_removed":["Strike_R"],"damage_healed":0.0,"max_hp_gain":0.0,"max_hp_loss":0.0,"gold_gain":0.0,"event_name":"Golden Wing","player_choice":"Card Removal","floor":13.0,"gold_loss":0.0,"damage_taken":7.0},{"damage_healed":0.0,"max_hp_gain":0.0,"max_hp_loss":0.0,"gold_gain":0.0,"event_name":"Cursed Tome","player_choice":"Obtained Book","floor":22.0,"gold_loss":0.0,"damage_taken":21.0}],"is_beta":false,"boss_relics":[{"not_picked":["SlaversCollar","Ectoplasm"],"picked":"Sozu"}],"items_purged_floors":[20],"is_endless":false,"potions_floor_spawned":[2,4,11,18,19],"killed_by":"Slavers","ascension_level":17}}