{"host":"9n6i2vl93jt4o42q","time":1609288718,"event":{"mods":["BaseMod","Minty Spire (QoL Compilation)","Relic Stats"],"gold_per_floor":[118,118,118,136,211,254,254,269,269,281,293,336,348,360,372,477,489,526,80,80,104,104,104],"floor_reached":22,"playtime":1018,"items_purged":["Strike_R"],"score":419,"play_id":"d5e3218c-2571-44e2-b8ba-318062ace58e","local_time":"20201230013838","is_ascension_mode":true,"campfire_choices":[{"data":"Bash","floor":7,"key":"SMITH"},{"data":"Anger","floor":10,"key":"SMITH"},{"floor":13,"key":"REST"},{"data":"Disarm","floor":15,"key":"SMITH"}],"circlet_count":0,"master_deck":["AscendersBane","Strike_R","Strike_R+1","Strike_R","Strike_R","Defend_R+1","Defend_R","Defend_R","Defend_R","Bash+1","Anger+1","Burning Pact","Disarm+1","Feel No Pain","Barricade","True Grit","Flex","Cleave"],"relics":["Black Blood","NeowsBlessing","Golden Idol","Bottled Flame","MawBank","Kunai","Charon\u0027s Ashes"],"acts_visited":["Exordium","TheCity"],"potions_floor_usage":[18],"damage_taken":[{"damage":0,"enemies":"Small Slimes","floor":1,"turns":2},{"damage":0,"enemies":"2 Louse","floor":4,"turns":1},{"damage":0,"enemies":"3 Sentries","floor":6,"turns":1},{"damage":0,"enemies":"Cultist","floor":8,"turns":3},{"damage":60,"enemies":"Gremlin Nob","floor":12,"turns":5},{"damage":18,"enemies":"The Guardian","floor":16,"turns":15},{"damage":23,"enemies":"Spheric Guardian","floor":18,"turns":8},{"damage":36,"enemies":"3 Byrds","floor":21,"turns":8},{"damage":60,"enemies":"Sentry and Sphere","floor":22,"turns":7}],"seed_played":"-5705274209412257883","potions_obtained":[{"floor":1,"key":"HeartOfIron"}],"is_trial":false,"path_per_floor":["M","?","?","M","?","E","R","M","T","R","?","E","R","?","R","B",null,"M","$","?","M","M"],"character_chosen":"IRONCLAD","items_purchased":["Charon\u0027s Ashes","Flex"],"campfire_rested":1,"item_purchase_floors":[19,19],"current_hp_per_floor":[74,74,51,57,46,52,52,58,58,58,63,9,33,33,33,21,65,54,54,80,56,0,0],"gold":104,"neow_bonus":"THREE_ENEMY_KILL","is_daily":false,"chose_seed":false,"campfire_upgraded":3,"win_rate":0.0,"timestamp":1609288718,"path_taken":["M","?","?","M","?","E","R","M","T","R","?","E","R","?","R","BOSS","M","$","?","?","M"],"items_purchased_type":["Relic","Card"],"build_version":"2020-12-22","purchased_purges":1,"victory":false,"max_hp_per_floor":[75,75,75,75,75,75,75,75,75,75,80,80,80,80,80,80,80,80,80,80,80,80,80],"relic_stats":{"counters":[9,50],"Golden Idol":51,"Black Blood":60,"Charon\u0027s Ashes":[49],"Kunai":[11],"MawBank":120,"obtain_stats":[{"Bottled Flame":6,"NeowsBlessing":0,"Golden Idol":2,"Black Blood":17,"Charon\u0027s Ashes":19,"Kunai":12,"MawBank":9,"Burning Blood":0},{"Bottled Flame":3,"NeowsBlessing":0,"Golden Idol":1,"Black Blood":6,"Charon\u0027s Ashes":7,"Kunai":5,"MawBank":4,"Burning Blood":0},{"Bottled Flame":4,"NeowsBlessing":0,"Golden Idol":2,"Black Blood":27,"Charon\u0027s Ashes":35,"Kunai":12,"MawBank":7,"Burning Blood":0}]},"card_choices":[{"not_picked":["Pummel","Flex"],"picked":"Anger","floor":1},{"not_picked":["Body Slam","Flex"],"picked":"Burning Pact","floor":4},{"not_picked":["Pummel","Pommel Strike","Bloodletting"],"picked":"SKIP","floor":6},{"not_picked":["Second Wind","Headbutt"],"picked":"Disarm","floor":8},{"not_picked":["Anger","Flex"],"picked":"Feel No Pain","floor":12},{"not_picked":["Bludgeon","Brutality"],"picked":"Barricade","floor":16},{"not_picked":["Cleave","Evolve"],"picked":"True Grit","floor":18},{"not_picked":["Rampage","Wild Strike"],"picked":"Cleave","floor":21}],"player_experience":1965787,"relics_obtained":[{"floor":6,"key":"Bottled Flame"},{"floor":9,"key":"MawBank"},{"floor":12,"key":"Kunai"}],"event_choices":[{"damage_healed":0,"gold_gain":0,"player_choice":"Take Wound","damage_taken":0,"relics_obtained":["Golden Idol"],"max_hp_gain":0,"max_hp_loss":0,"event_name":"Golden Idol","floor":2,"gold_loss":0,"cards_obtained":["Injury"]},{"damage_healed":0,"gold_gain":0,"player_choice":"Entered Light","damage_taken":23,"max_hp_gain":0,"max_hp_loss":0,"event_name":"Shining Light","floor":3,"gold_loss":0,"cards_upgraded":["Strike_R","Defend_R"]},{"damage_healed":0,"gold_gain":75,"player_choice":"Gather Gold","damage_taken":11,"max_hp_gain":0,"max_hp_loss":0,"event_name":"World of Goop","floor":5,"gold_loss":0},{"damage_healed":0,"gold_gain":0,"player_choice":"Donut","damage_taken":0,"max_hp_gain":5,"max_hp_loss":0,"event_name":"Big Fish","floor":11,"gold_loss":0},{"cards_removed":["Injury"],"damage_healed":0,"gold_gain":0,"player_choice":"Forget","damage_taken":0,"max_hp_gain":0,"max_hp_loss":0,"event_name":"Living Wall","floor":14,"gold_loss":0},{"damage_healed":26,"gold_gain":0,"player_choice":"Full Heal","damage_taken":0,"max_hp_gain":0,"max_hp_loss":0,"event_name":"Wheel of Change","floor":20,"gold_loss":0}],"is_beta":false,"boss_relics":[{"not_picked":["Velvet Choker","Coffee Dripper"],"picked":"Black Blood"}],"items_purged_floors":[19],"is_endless":false,"potions_floor_spawned":[1],"killed_by":"Sentry and Sphere","ascension_level":19}}