{"host":"naykp6d9ulahlwib","time":1609295446,"event":{"mods":["BaseMod","Highlight Path","Minty Spire (QoL Compilation)","Shop Mod","StSLib"],"gold_per_floor":[360,360,114,129,142,142,160,160,160,185,196,196,196,210,210,284,334,350,151,0,0,0,0],"floor_reached":22,"playtime":3623,"items_purged":["Defend_P"],"score":322,"play_id":"3c6adf57-36e8-4682-9da7-c941768a2281","local_time":"20201229203046","is_ascension_mode":true,"campfire_choices":[{"data":"Eruption","floor":6.0,"key":"SMITH"},{"floor":8.0,"key":"REST"},{"floor":13.0,"key":"REST"},{"data":"Armaments","floor":15.0,"key":"SMITH"}],"circlet_count":0,"master_deck":["AscendersBane","Strike_P","Strike_P","Strike_P","Defend_P+1","Defend_P","Defend_P","Eruption+1","Vigilance","ThirdEye","Wireheading","Warcry","WaveOfTheHand","Armaments+1","Metallicize","Tools of the Trade","Worship","BootSequence","Decay"],"relics":["PureWater","PrismaticShard","Damaru","Sundial","Tiny House","Membership Card"],"acts_visited":["Exordium","TheCity"],"potions_floor_usage":[22],"damage_taken":[{"damage":2.0,"enemies":"Jaw Worm","floor":1.0,"turns":7.0},{"damage":4.0,"enemies":"Cultist","floor":4.0,"turns":5.0},{"damage":4.0,"enemies":"Small Slimes","floor":5.0,"turns":4.0},{"damage":8.0,"enemies":"3 Louse","floor":7.0,"turns":8.0},{"damage":5.0,"enemies":"Looter","floor":11.0,"turns":4.0},{"damage":8.0,"enemies":"Exordium Wildlife","floor":14.0,"turns":6.0},{"damage":22.0,"enemies":"Slime Boss","floor":16.0,"turns":14.0},{"damage":35.0,"enemies":"3 Byrds","floor":18.0,"turns":9.0},{"damage":24,"enemies":"Chosen","floor":22,"turns":9}],"seed_played":"754619744467192059","potions_obtained":[{"floor":1.0,"key":"Block Potion"},{"floor":7.0,"key":"Weak Potion"},{"floor":17.0,"key":"Fire Potion"},{"floor":18.0,"key":"Energy Potion"}],"is_trial":false,"path_per_floor":["M","?","$","M","M","R","M","R","T","T","M","?","R","M","R","B",null,"M","$","?","?","M"],"character_chosen":"WATCHER","items_purchased":["PrismaticShard","Wireheading","Membership Card"],"campfire_rested":2,"item_purchase_floors":[3,3,19],"current_hp_per_floor":[41,41,41,37,33,33,25,45,45,45,40,35,55,47,47,25,62,27,27,27,27,3,3],"gold":0,"neow_bonus":"TWO_FIFTY_GOLD","is_daily":false,"chose_seed":false,"campfire_upgraded":2,"win_rate":0.0,"timestamp":1609295446,"path_taken":["M","?","$","M","?","R","M","R","T","?","?","?","R","M","R","BOSS","M","$","?","?","M"],"items_purchased_type":["Relic","Card","Relic"],"build_version":"2020-12-22","purchased_purges":1,"victory":false,"max_hp_per_floor":[68,68,68,68,68,68,68,68,68,68,68,68,68,68,68,68,73,73,73,73,73,73,73],"card_choices":[{"not_picked":["BattleHymn","JustLucky"],"picked":"ThirdEye","floor":1.0},{"not_picked":["Clash","Anger"],"picked":"Warcry","floor":4.0},{"not_picked":["Pommel Strike","Beam Cell"],"picked":"WaveOfTheHand","floor":5.0},{"not_picked":["Deflect","Steam Power"],"picked":"Armaments","floor":7.0},{"not_picked":["Reckless Charge","Sucker Punch","Dagger Throw"],"picked":"SKIP","floor":11.0},{"not_picked":["Wraith Form v2","Armaments"],"picked":"Metallicize","floor":14.0},{"not_picked":["Juggernaut","MasterReality"],"picked":"Tools of the Trade","floor":16.0},{"not_picked":["Shrug It Off","Protect"],"picked":"Worship","floor":17.0},{"not_picked":["ThirdEye","Sentinel"],"picked":"BootSequence","floor":18.0}],"player_experience":928663,"relics_obtained":[{"floor":10.0,"key":"Damaru"}],"event_choices":[{"cards_removed":["Strike_P"],"damage_healed":0.0,"max_hp_gain":0.0,"max_hp_loss":0.0,"gold_gain":0.0,"event_name":"Purifier","player_choice":"Purged","floor":2.0,"gold_loss":0.0,"damage_taken":0.0},{"damage_healed":0.0,"max_hp_gain":0.0,"max_hp_loss":0.0,"gold_gain":0.0,"event_name":"Scrap Ooze","player_choice":"Success","floor":12.0,"gold_loss":0.0,"damage_taken":5.0,"relics_obtained":["Sundial"]},{"damage_healed":0.0,"max_hp_gain":0.0,"max_hp_loss":0.0,"gold_gain":0.0,"event_name":"Masked Bandits","player_choice":"Paid Fearfully","floor":20.0,"gold_loss":151.0,"damage_taken":0.0},{"damage_healed":0,"gold_gain":0,"player_choice":"Smashed Altar","damage_taken":0,"max_hp_gain":0,"max_hp_loss":0,"event_name":"Forgotten Altar","floor":21,"gold_loss":0,"cards_obtained":["Decay"]}],"is_beta":false,"boss_relics":[{"not_picked":["Coffee Dripper","Black Star"],"picked":"Tiny House"}],"items_purged_floors":[19],"is_endless":false,"potions_floor_spawned":[1,7,14,18],"killed_by":"Chosen","ascension_level":17}}