{"host":"1v94wza6sq30pv3l","time":1609292927,"event":{"mods":["AchievementEnabler","BaseMod","Highlight Path","Minty Spire (QoL Compilation)"],"gold_per_floor":[119,138,149,2,18,43,54,54,54,73,73,93,93,93,93,189,189,207,84,103,116,126,158,158,158,158,5,5,5,25,39,39,138,138,152,132,32,51,2,37,47,64,64,90,90,90,116,136,136,136,136,136,35,70,70,70],"floor_reached":55,"playtime":3731,"items_purged":["Strike_R","Perfected Strike"],"score":949,"play_id":"1c84bf17-86bb-4740-9ce4-33346c283ea6","local_time":"20201229204847","is_ascension_mode":true,"campfire_choices":[{"data":"Feed","floor":8,"key":"SMITH"},{"data":"Iron Wave","floor":11,"key":"SMITH"},{"data":"Sword Boomerang","floor":15,"key":"SMITH"},{"data":"Impervious","floor":25,"key":"SMITH"},{"data":"Bash","floor":28,"key":"SMITH"},{"data":"Metallicize","floor":32,"key":"SMITH"},{"floor":45,"key":"RECALL"},{"data":"Shockwave","floor":49,"key":"SMITH"},{"data":"Double Tap","floor":52,"key":"SMITH"}],"circlet_count":0,"master_deck":["Bash+1","Iron Wave+1","Cleave","Feel No Pain","Thunderclap","Feed+1","Iron Wave","Sword Boomerang+1","Impervious+1","Shrug It Off+1","Thunderclap","Battle Trance+1","Spot Weakness","Ghostly Armor","Metallicize+1","Demon Form","Double Tap+1","Hemokinesis","Searing Blow","Shockwave+1","Shrug It Off","Intimidate","Body Slam+1","Carnage+1","Carnage","Uppercut","Second Wind+1"],"relics":["Coffee Dripper","Strange Spoon","Red Skull","TungstenRod","HornCleat","Snecko Eye","Calipers","Meat on the Bone","Toy Ornithopter","Enchiridion","Pandora\u0027s Box","Strawberry","Letter Opener","Oddly Smooth Stone","Du-Vu Doll"],"acts_visited":["Exordium","TheCity","TheBeyond","TheEnding"],"potions_floor_usage":[16,16,22,30,33,40,50,50,55,55],"damage_taken":[{"damage":0,"enemies":"Cultist","floor":1,"turns":3},{"damage":5,"enemies":"2 Louse","floor":2,"turns":3},{"damage":0,"enemies":"Small Slimes","floor":3,"turns":3},{"damage":5,"enemies":"Exordium Thugs","floor":5,"turns":4},{"damage":34,"enemies":"3 Sentries","floor":6,"turns":12},{"damage":4,"enemies":"2 Fungi Beasts","floor":7,"turns":3},{"damage":0,"enemies":"Red Slaver","floor":10,"turns":1},{"damage":0,"enemies":"Exordium Thugs","floor":12,"turns":2},{"damage":5,"enemies":"Hexaghost","floor":16,"turns":7},{"damage":15,"enemies":"Spheric Guardian","floor":18,"turns":4},{"damage":11,"enemies":"2 Thieves","floor":20,"turns":3},{"damage":11,"enemies":"3 Cultists","floor":21,"turns":6},{"damage":15,"enemies":"Snake Plant","floor":22,"turns":6},{"damage":43,"enemies":"Book of Stabbing","floor":23,"turns":7},{"damage":0,"enemies":"Shelled Parasite and Fungi","floor":30,"turns":4},{"damage":0,"enemies":"Chosen and Byrds","floor":31,"turns":4},{"damage":0,"enemies":"Automaton","floor":33,"turns":8},{"damage":3,"enemies":"3 Darklings","floor":35,"turns":3},{"damage":0,"enemies":"3 Shapes","floor":38,"turns":3},{"damage":1,"enemies":"Reptomancer","floor":40,"turns":5},{"damage":16,"enemies":"Sphere and 2 Shapes","floor":41,"turns":4},{"damage":7,"enemies":"Spire Growth","floor":42,"turns":3},{"damage":1,"enemies":"Giant Head","floor":44,"turns":6},{"damage":7,"enemies":"Nemesis","floor":47,"turns":5},{"damage":3,"enemies":"4 Shapes","floor":48,"turns":4},{"damage":26,"enemies":"Time Eater","floor":50,"turns":8},{"damage":0,"enemies":"Shield and Spear","floor":54,"turns":3},{"damage":152,"enemies":"The Heart","floor":55,"turns":11}],"seed_played":"3298005206399498670","potions_obtained":[{"floor":5,"key":"FairyPotion"},{"floor":6,"key":"ColorlessPotion"},{"floor":12,"key":"Strength Potion"},{"floor":18,"key":"Weak Potion"},{"floor":22,"key":"Fruit Juice"},{"floor":31,"key":"DistilledChaos"},{"floor":36,"key":"SkillPotion"},{"floor":40,"key":"SteroidPotion"},{"floor":41,"key":"SpeedPotion"}],"is_trial":false,"path_per_floor":["M","M","M","$","M","E","M","R","T","M","R","M","?","?","R","B",null,"M","$","M","M","M","E","?","R","T","$","R","?","M","M","R","B",null,"M","?","$","M","$","E","M","M","T","E","R","?","E","M","R","B",null,"R","$","E","B"],"character_chosen":"IRONCLAD","items_purchased":["Strange Spoon","BloodPotion","Toy Ornithopter","Fire Potion","SpeedPotion","SkillPotion"],"campfire_rested":0,"item_purchase_floors":[4,19,27,39,53,53],"current_hp_per_floor":[80,75,75,75,70,36,32,32,32,32,32,36,36,36,36,31,84,69,69,62,55,58,15,15,15,15,15,15,3,25,37,37,54,97,94,94,94,94,94,103,87,84,84,83,83,83,76,77,77,61,112,112,112,112,0,0],"gold":70,"neow_bonus":"BOSS_RELIC","is_daily":false,"chose_seed":false,"campfire_upgraded":8,"win_rate":0.0,"timestamp":1609292927,"path_taken":["M","M","?","$","M","E","M","R","T","M","R","M","?","?","R","BOSS","M","$","M","M","M","E","?","R","T","$","R","?","M","M","R","BOSS","M","?","$","M","?","E","M","M","T","E","R","?","E","?","R","BOSS","R","$","E","BOSS"],"items_purchased_type":["Relic","Potion","Relic","Potion","Potion","Potion"],"build_version":"2020-12-22","purchased_purges":2,"victory":false,"max_hp_per_floor":[80,80,80,80,80,80,80,80,80,80,80,84,84,84,84,84,84,84,84,88,92,92,92,92,92,92,92,92,92,97,97,97,97,97,97,97,97,97,97,104,104,108,108,108,108,108,108,112,112,112,112,112,112,112,112,112],"card_choices":[{"not_picked":["True Grit","Cleave"],"picked":"Iron Wave","floor":1},{"not_picked":["Heavy Blade","Entrench"],"picked":"Cleave","floor":2},{"not_picked":["Twin Strike","Clothesline"],"picked":"Feel No Pain","floor":3},{"not_picked":["Power Through","Perfected Strike"],"picked":"Iron Wave","floor":5},{"not_picked":["Armaments","Headbutt"],"picked":"Thunderclap","floor":6},{"not_picked":["Twin Strike","Sword Boomerang"],"picked":"Feed","floor":7},{"not_picked":["Flex","Pommel Strike"],"picked":"Iron Wave","floor":10},{"not_picked":["Clash","Cleave"],"picked":"Sword Boomerang","floor":12},{"not_picked":["Double Tap","Offering"],"picked":"Impervious","floor":16},{"not_picked":["Uppercut","Iron Wave"],"picked":"Shrug It Off+1","floor":18},{"not_picked":["Intimidate","Twin Strike","Dropkick"],"picked":"SKIP","floor":20},{"not_picked":["Inflame","Uppercut"],"picked":"Thunderclap","floor":21},{"not_picked":["Searing Blow","Rupture+1"],"picked":"Battle Trance+1","floor":22},{"not_picked":["Blood for Blood","Flex"],"picked":"Spot Weakness","floor":23},{"not_picked":["Thunderclap","Iron Wave"],"picked":"Ghostly Armor","floor":30},{"not_picked":["Disarm","Pommel Strike"],"picked":"Metallicize","floor":31},{"not_picked":["Offering","Reaper"],"picked":"Demon Form","floor":33},{"not_picked":["Twin Strike+1","Clothesline+1"],"picked":"Body Slam+1","floor":35},{"not_picked":["Hemokinesis+1","Anger+1"],"picked":"Carnage+1","floor":38},{"not_picked":["Flex","Headbutt","Clash"],"picked":"SKIP","floor":40},{"not_picked":["Headbutt","Feed"],"picked":"Carnage","floor":41},{"not_picked":["Perfected Strike+1","Headbutt"],"picked":"Uppercut","floor":42},{"not_picked":["Warcry+1","Battle Trance"],"picked":"Second Wind+1","floor":44},{"not_picked":["Iron Wave","Limit Break","Reckless Charge"],"picked":"SKIP","floor":47},{"not_picked":["Disarm","Flex","Fire Breathing"],"picked":"SKIP","floor":48},{"not_picked":["Pummel","Burning Pact","Clash"],"picked":"SKIP","floor":54}],"player_experience":74915,"relics_obtained":[{"floor":6,"key":"Red Skull"},{"floor":9,"key":"TungstenRod"},{"floor":23,"key":"Calipers"},{"floor":26,"key":"Meat on the Bone"},{"floor":29,"key":"Enchiridion"},{"floor":40,"key":"Strawberry"},{"floor":44,"key":"Letter Opener"},{"floor":47,"key":"Oddly Smooth Stone"},{"floor":54,"key":"Du-Vu Doll"}],"event_choices":[{"damage_healed":0,"gold_gain":0,"player_choice":"Ignored","damage_taken":0,"max_hp_gain":0,"max_hp_loss":0,"event_name":"Liars Game","floor":13,"gold_loss":0},{"cards_removed":["Iron Wave"],"damage_healed":0,"gold_gain":0,"player_choice":"Gave Card","damage_taken":0,"relics_obtained":["HornCleat"],"max_hp_gain":0,"max_hp_loss":0,"event_name":"WeMeetAgain","floor":14,"gold_loss":0},{"damage_healed":0,"gold_gain":0,"player_choice":"Ignored","damage_taken":0,"max_hp_gain":0,"max_hp_loss":0,"event_name":"The Mausoleum","floor":24,"gold_loss":0},{"damage_healed":0,"gold_gain":0,"player_choice":"Obtained Book","damage_taken":16,"max_hp_gain":0,"max_hp_loss":0,"event_name":"Cursed Tome","floor":29,"gold_loss":0},{"damage_healed":0,"gold_gain":0,"player_choice":"Bought 1 Potion","damage_taken":0,"max_hp_gain":0,"max_hp_loss":0,"event_name":"The Woman in Blue","floor":36,"gold_loss":0},{"cards_removed":["Double Tap"],"damage_healed":0,"gold_gain":0,"player_choice":"Card Removal","damage_taken":0,"max_hp_gain":0,"max_hp_loss":0,"event_name":"Wheel of Change","floor":46,"gold_loss":0}],"is_beta":false,"boss_relics":[{"not_picked":["Tiny House","Runic Cube"],"picked":"Snecko Eye"},{"not_picked":["Black Star","Calling Bell"],"picked":"Pandora\u0027s Box"}],"items_purged_floors":[19,37],"is_endless":false,"potions_floor_spawned":[5,6,12,18,22,31,40,41,42,44,47],"killed_by":"The Heart","ascension_level":1}}