{"host":"g907ck67u7c3hrs6","time":1609338171,"event":{"mods":["BaseMod","Colored Map","DeckTracker","Highlight Path","Keyboard Shortcuts","Minty Spire (QoL Compilation)","Permanent Neow","Say the Spire","SuperFastMode"],"gold_per_floor":[141,195,252,327,327,434,483,538,565,659,441,483,483,519,519,854,854,906,269,269,360,402,506,555,401,401,443,544,599,354,354,354,692,692,734,734,734,734],"floor_reached":37,"playtime":1340,"items_purged":["Protect","Evaluate"],"score":471,"play_id":"0ed5935a-ed5c-4d04-9d05-3f507f9f102f","local_time":"20201230232251","daily_mods":["SealedDeck","Purple Cards","Midas"],"is_ascension_mode":false,"campfire_choices":[{"floor":13,"key":"REST"},{"floor":15,"key":"REST"},{"floor":32,"key":"REST"}],"circlet_count":0,"master_deck":["Conserve Battery","Reinforced Body","EmptyMind","Conclude","Turbo","SandsOfTime","Pray","Worship","Self Repair","Reprogram","Pray","Ragnarok","DeusExMachina","Meditate+1","Collect","Deep Breath","Magnetism"],"relics":["Cracked Core","Golden Idol","Ornamental Fan","Ancient Tea Set","Boot","Art of War","Fusion Hammer","CaptainsWheel","Meat on the Bone","Red Mask","Bag of Preparation","Vajra","Matryoshka","Pantograph","Lantern","Black Star"],"acts_visited":["Exordium","TheCity","TheBeyond"],"potions_floor_usage":[30,37],"damage_taken":[{"damage":3,"enemies":"2 Louse","floor":1,"turns":3},{"damage":1,"enemies":"Jaw Worm","floor":2,"turns":3},{"damage":3,"enemies":"Small Slimes","floor":3,"turns":3},{"damage":0,"enemies":"Lagavulin","floor":6,"turns":4},{"damage":2,"enemies":"Exordium Wildlife","floor":7,"turns":3},{"damage":0,"enemies":"Blue Slaver","floor":8,"turns":4},{"damage":14,"enemies":"Gremlin Nob","floor":10,"turns":4},{"damage":0,"enemies":"3 Louse","floor":12,"turns":2},{"damage":0,"enemies":"Red Slaver","floor":14,"turns":2},{"damage":34,"enemies":"Hexaghost","floor":16,"turns":7},{"damage":3,"enemies":"Shell Parasite","floor":18,"turns":2},{"damage":3,"enemies":"Masked Bandits","floor":21,"turns":2},{"damage":6,"enemies":"Chosen","floor":22,"turns":3},{"damage":32,"enemies":"Book of Stabbing","floor":23,"turns":6},{"damage":2,"enemies":"Centurion and Healer","floor":24,"turns":3},{"damage":1,"enemies":"Snake Plant","floor":27,"turns":2},{"damage":48,"enemies":"Slavers","floor":28,"turns":6},{"damage":0,"enemies":"Shelled Parasite and Fungi","floor":29,"turns":2},{"damage":24,"enemies":"Automaton","floor":33,"turns":6},{"damage":18,"enemies":"3 Darklings","floor":35,"turns":4},{"damage":73,"enemies":"2 Orb Walkers","floor":37,"turns":5}],"seed_played":"-1703741702812593478","potions_obtained":[{"floor":2,"key":"Strength Potion"},{"floor":7,"key":"Block Potion"},{"floor":8,"key":"BlessingOfTheForge"},{"floor":33,"key":"FearPotion"}],"is_trial":true,"path_per_floor":["M","M","M","?","?","E","M","M","T","E","$","M","R","M","R","B",null,"M","$","?","?","M","E","M","$","T","M","E","M","$","?","R","B",null,"M","?","?"],"character_chosen":"DEFECT","items_purchased":["Art of War","CaptainsWheel","Meat on the Bone","Vajra","Lantern","Fruit Juice"],"campfire_rested":3,"item_purchase_floors":[11,19,19,25,30,30],"current_hp_per_floor":[72,75,75,64,46,53,58,65,65,58,58,65,75,75,75,48,75,75,75,75,75,75,50,55,55,55,61,32,51,56,56,80,63,80,69,59,0,0],"gold":734,"neow_bonus":"","is_daily":false,"chose_seed":false,"campfire_upgraded":0,"win_rate":0.0,"timestamp":1609338171,"path_taken":["M","M","M","?","?","E","M","M","T","E","$","M","R","M","R","BOSS","M","$","?","?","M","E","M","$","T","M","E","M","$","?","R","BOSS","M","?","?"],"items_purchased_type":["Relic","Relic","Relic","Relic","Relic","Potion"],"build_version":"2020-12-22","purchased_purges":2,"victory":false,"max_hp_per_floor":[75,75,75,75,75,75,75,75,75,75,75,75,75,75,75,75,75,75,75,75,75,75,75,75,75,75,75,75,75,80,80,80,80,80,80,80,80,80],"card_choices":[{"not_picked":["FlyingSleeves","ThirdEye"],"picked":"Self Repair","floor":1},{"not_picked":["Streamline","PathToVictory"],"picked":"ClearTheMind","floor":2},{"not_picked":["Sanctity","ClearTheMind"],"picked":"Reprogram","floor":3},{"not_picked":["FlurryOfBlows","CarveReality","ThirdEye"],"picked":"SKIP","floor":6},{"not_picked":["All For One","Auto Shields","ClearTheMind"],"picked":"SKIP","floor":7},{"not_picked":["Defragment","PathToVictory"],"picked":"Pray","floor":8},{"not_picked":["Go for the Eyes","Gash"],"picked":"Ragnarok","floor":10},{"not_picked":["Turbo","Tantrum","Chaos"],"picked":"SKIP","floor":12},{"not_picked":["Coolheaded","WaveOfTheHand","Leap"],"picked":"SKIP","floor":14},{"not_picked":["MasterReality","Buffer"],"picked":"DeusExMachina","floor":16},{"not_picked":["Cold Snap","Leap","EmptyFist+1"],"picked":"SKIP","floor":18},{"not_picked":["Sunder","BootSequence"],"picked":"Meditate+1","floor":21},{"not_picked":["Doom and Gloom","Stack","Wallop"],"picked":"SKIP","floor":22},{"not_picked":["WaveOfTheHand","Genetic Algorithm"],"picked":"Collect","floor":23},{"not_picked":["Coolheaded+1","SandsOfTime","Capacitor"],"picked":"SKIP","floor":24},{"not_picked":["Sanctity+1","Steam+1","Ragnarok"],"picked":"SKIP","floor":27},{"not_picked":["Crescendo","Darkness","Go for the Eyes"],"picked":"SKIP","floor":28},{"not_picked":["Prostrate","PathToVictory","BowlingBash+1"],"picked":"SKIP","floor":29},{"not_picked":["Sunder+1","Redo+1","Ball Lightning+1"],"picked":"SKIP","floor":35},{"not_picked":["Metamorphosis","Dark Shackles"],"picked":"Deep Breath","floor":36},{"not_picked":["Metamorphosis","Trip"],"picked":"Magnetism","floor":36}],"player_experience":200628,"relics_obtained":[{"floor":6,"key":"Ornamental Fan"},{"floor":9,"key":"Ancient Tea Set"},{"floor":10,"key":"Boot"},{"floor":21,"key":"Red Mask"},{"floor":23,"key":"Bag of Preparation"},{"floor":26,"key":"Matryoshka"},{"floor":28,"key":"Pantograph"}],"event_choices":[{"damage_healed":0,"gold_gain":75,"player_choice":"Gather Gold","damage_taken":11,"max_hp_gain":0,"max_hp_loss":0,"event_name":"World of Goop","floor":4,"gold_loss":0},{"damage_healed":0,"gold_gain":0,"player_choice":"Take Damage","damage_taken":18,"relics_obtained":["Golden Idol"],"max_hp_gain":0,"max_hp_loss":0,"event_name":"Golden Idol","floor":5,"gold_loss":0},{"damage_healed":0,"gold_gain":0,"player_choice":"Ignored","damage_taken":0,"max_hp_gain":0,"max_hp_loss":0,"event_name":"Ghosts","floor":20,"gold_loss":0},{"damage_healed":0,"gold_gain":0,"player_choice":"Fought Bandits","damage_taken":0,"max_hp_gain":0,"max_hp_loss":0,"event_name":"Masked Bandits","floor":21,"gold_loss":0},{"cards_removed":["ClearTheMind"],"damage_healed":0,"gold_gain":0,"player_choice":"Elegance","damage_taken":0,"max_hp_gain":0,"max_hp_loss":0,"event_name":"Back to Basics","floor":31,"gold_loss":0},{"damage_healed":0,"gold_gain":0,"player_choice":"Memory 3","damage_taken":10,"max_hp_gain":0,"max_hp_loss":0,"event_name":"SensoryStone","floor":36,"gold_loss":0},{"damage_healed":0,"gold_gain":0,"player_choice":"Fight","damage_taken":0,"max_hp_gain":0,"max_hp_loss":0,"event_name":"Mysterious Sphere","floor":37,"gold_loss":0}],"is_beta":false,"boss_relics":[{"not_picked":["Calling Bell","Sozu"],"picked":"Fusion Hammer"},{"not_picked":["Cursed Key","FrozenCore"],"picked":"Black Star"}],"items_purged_floors":[11,19],"is_endless":false,"potions_floor_spawned":[2,7,8,12,22,23,27,33],"killed_by":"2 Orb Walkers","ascension_level":0}}