{"host":"1lloeivxlnw527r2","time":1609363639,"event":{"mods":["2.2 Compatiblity","AchievementEnabler","Act Like it!","Ascension Reborn","Aspiration","Astrologer","BaseMod","BetterRewards","Colored Map","Colored Powertips","Conspire","Downfall","Duelist Mod","Friendly Minions","Gensokyo","Hallownest","Highlight Path","HololiveMod","Hubris","Infinite Spire","Jorbs\u0027s Wanderer Trilogy","KinomotoSakuraMod(????)","Koishi","KomeijiMod","Marisa????????","Minty Spire (QoL Compilation)","Quick Restart","Rare Cards Sparkle","Reimu??????","Replay The Spire","Robot Space Explorer","Shop Mod","StSLib","SuperFastMode","The Administrix","The Bug Knight","The Construct","The Cursed","The Disciple","The Hierophant","The Jungle","The Necromancer","The Runesmith"],"gold_per_floor":[156,207,258,294,324,414,507,507,587,686,686,770,372,480,480,795,804,864,864,915,951,999,1098,1098,1212,1260,1347,1404,1437,1542,1647,1896,2220,2220,2265,2301,1526,1568,1256,1343,1457,1466,1466,1580,1634,1634,1718,1823,1823,1823],"floor_reached":51,"playtime":3741,"items_purged":[],"score":1160,"play_id":"08f1dd18-a36f-4aeb-8d37-d7f04f809c52","local_time":"20201230132719","daily_mods":["Vintage","Heirloom","Time Dilation","Flight","DeadlyEvents","Elite Swarm","Midas"],"is_ascension_mode":true,"campfire_choices":[{"floor":8,"key":"REST"},{"floor":11,"key":"REST"},{"floor":15,"key":"REST"},{"floor":24,"key":"REST"},{"floor":42,"key":"REST"},{"floor":49,"key":"REST"}],"circlet_count":0,"master_deck":["Strike_G","Strike_G","Strike_G","Strike_G","Strike_G+1","Defend_G","Defend_G","Defend_G","Defend_G","Defend_G","Survivor","Neutralize+1","A Thousand Cuts","infinitespire:Neurotoxin","Corpse Explosion","Replay:Bag of Tricks","Poison Darts","infinitespire:Neurotoxin","AbeCurse","Night Terror","A Thousand Cuts","Bullet Time","A Thousand Cuts","Night Terror","Accuracy+1","Blade Dance","expansioncontent:DashGenerateEvil","Die Die Die","Cloak And Dagger","Noxious Fumes","Crippling Poison","Adrenaline","Phantasmal Killer","hubris:SlightOfHand+1","ReplayTheSpireMod:Necrosis","Adrenaline","Tools of the Trade"],"relics":["Ring of the Snake","hubris:CuriousFeather","Anchor","Whetstone","infinitespire:Joker Card","ReplayTheSpireMod:TigerMarble","Smiling Mask","hubris:DeckOfHolding","hubris:Reverence","Kunai","CeramicFish","hexamod:BolsterEngine","Snack Pack","conspire:TreasureMap","infinitespire:Broken Mirror","Abe\u0027s Treasure","hubris:BottledRain","conspire:TopHat","Runesmith:AutoHammer","infinitespire:Lychee Nut","aspiration:HatOfInfinitePower","Replay:Baseball","conspire:BottledYoYo","Dream Catcher","Guardian:PocketSentry","RuthlessExorcism:ReiMu","Strawberry","Basket Of Snakes","hubris:VirtuousBlindfold","Omamori","Pantograph","hubris:MobiusCoin","Sling","aspiration:FetidBarrel","infinitespire:Beetle Shell","ReplayFunnel","Replay:Kaleidoscope","Oddly Smooth Stone","Matryoshka","Lantern","Happy Flower","Replay:Wax Seal"],"acts_visited":["Exordium","Exordium","TheBeyond"],"potions_floor_usage":[12,16,33],"damage_taken":[{"damage":1,"enemies":"Cultist","floor":1,"turns":4},{"damage":0,"enemies":"Jaw Worm","floor":2,"turns":3},{"damage":0,"enemies":"infinitespire:Voidling","floor":3,"turns":4},{"damage":7,"enemies":"Large Slime","floor":4,"turns":7},{"damage":2,"enemies":"Looter","floor":5,"turns":3},{"damage":13,"enemies":"3 Sentries","floor":6,"turns":5},{"damage":10,"enemies":"Gremlin Nob","floor":7,"turns":4},{"damage":25,"enemies":"3 Sentries","floor":10,"turns":8},{"damage":29,"enemies":"Lagavulin","floor":12,"turns":7},{"damage":1,"enemies":"3 Sentries","floor":14,"turns":6},{"damage":22,"enemies":"Hexaghost","floor":16,"turns":8},{"damage":18,"enemies":"theJungle:GiantWrat","floor":18,"turns":4},{"damage":2,"enemies":"Shell Parasite","floor":20,"turns":3},{"damage":2,"enemies":"theJungle:SlimyTreeVines","floor":21,"turns":3},{"damage":10,"enemies":"theJungle:2_Flameangoes","floor":22,"turns":2},{"damage":15,"enemies":"Nightmare","floor":23,"turns":4},{"damage":0,"enemies":"theJungle:MamaSnecko","floor":25,"turns":3},{"damage":0,"enemies":"theJungle:2_Phrogs","floor":27,"turns":3},{"damage":0,"enemies":"theJungle:2_Snecko_Cultists","floor":28,"turns":2},{"damage":8,"enemies":"theJungle:JungleHuntersEncounter","floor":29,"turns":3},{"damage":5,"enemies":"theJungle:Cassacara","floor":30,"turns":3},{"damage":0,"enemies":"theJungle:MamaSnecko","floor":31,"turns":2},{"damage":46,"enemies":"theJungle:TotemBoss","floor":33,"turns":5},{"damage":0,"enemies":"3 Darklings","floor":35,"turns":2},{"damage":0,"enemies":"3 Shapes","floor":36,"turns":1},{"damage":0,"enemies":"Sphere and 2 Shapes","floor":38,"turns":2},{"damage":28,"enemies":"Nightmare","floor":40,"turns":4},{"damage":16,"enemies":"Reptomancer","floor":41,"turns":3},{"damage":0,"enemies":"HollowMod:StalkingDevout","floor":44,"turns":3},{"damage":0,"enemies":"3 Darklings","floor":45,"turns":2},{"damage":2,"enemies":"R_Hoarder","floor":47,"turns":3},{"damage":31,"enemies":"Reptomancer","floor":48,"turns":3},{"damage":27,"enemies":"hubris:GrandSnecko","floor":50,"turns":4}],"seed_played":"-4222423097293791626","potions_obtained":[{"floor":1,"key":"EssenceOfSteel"},{"floor":2,"key":"Elixir"},{"floor":5,"key":"SpeedPotion"},{"floor":12,"key":"ZuzhouPotion:ReiMu"},{"floor":16,"key":"EssenceOfSteel"},{"floor":25,"key":"AttackPotion"},{"floor":30,"key":"Dexterity Potion"},{"floor":35,"key":"SpeedPotion"},{"floor":44,"key":"Block Potion"}],"is_trial":true,"path_per_floor":["M","M","M","M","M","E","E","R","T","E","R","E","$","E","R","B",null,"M","AVR","M","M","M","NM","R","E","T","E","M","M","E","E","R_BF","B",null,"M","M","$","M","$","NM","E","R","T","E","M","AVR","E","E","R_BF","B",null],"character_chosen":"THE_SILENT","items_purchased":["Snack Pack","conspire:TreasureMap","hubris:MobiusCoin","Sling","Accuracy+1","Blade Dance","expansioncontent:DashGenerateEvil","Die Die Die","Cloak And Dagger","Noxious Fumes","Crippling Poison","infinitespire:Beetle Shell"],"campfire_rested":6,"item_purchase_floors":[13,13,37,37,37,37,37,37,39,39,39,39],"current_hp_per_floor":[69,69,69,62,60,47,37,58,58,33,54,25,25,26,47,33,70,54,54,56,61,51,37,52,52,52,52,52,44,54,59,59,16,59,59,59,59,59,59,34,25,42,42,51,54,54,58,28,45,35],"gold":1823,"neow_bonus":"","is_daily":false,"chose_seed":false,"campfire_upgraded":0,"win_rate":0.0,"timestamp":1609363639,"path_taken":["M","M","M","M","M","E","E","R","T","E","R","E","$","E","R","BOSS","M","AVR","M","M","M","NM","R","E","T","E","M","M","E","E","R_BF","BOSS","M","M","$","M","$","NM","E","R","T","E","M","AVR","E","E","R_BF","BOSS"],"items_purchased_type":["Relic","Relic","Relic","Relic","Card","Card","Card","Card","Card","Card","Card","Relic"],"build_version":"2020-12-22","purchased_purges":0,"victory":true,"max_hp_per_floor":[70,70,70,70,70,70,70,70,70,70,70,70,70,70,70,70,70,70,70,70,70,52,52,52,52,52,52,52,52,59,59,59,59,59,59,59,59,59,59,59,59,59,59,59,59,59,59,59,59,59],"card_choices":[{"not_picked":["Corpse Explosion","After Image"],"picked":"A Thousand Cuts","floor":6},{"not_picked":["Wraith Form v2","Phantasmal Killer"],"picked":"infinitespire:Neurotoxin","floor":7},{"not_picked":["Burst","Phantasmal Killer"],"picked":"Corpse Explosion","floor":10},{"not_picked":["infinitespire:Neurotoxin","Die Die Die"],"picked":"Replay:Bag of Tricks","floor":12},{"not_picked":["Adrenaline","Unload"],"picked":"Poison Darts","floor":14},{"not_picked":["Wraith Form v2","Replay:Bag of Tricks"],"picked":"infinitespire:Neurotoxin","floor":16},{"not_picked":["Phantasmal Killer","Corpse Explosion"],"picked":"Night Terror","floor":23},{"not_picked":["ReplayTheSpireMod:From All Sides","Die Die Die"],"picked":"A Thousand Cuts","floor":25},{"not_picked":["ReplayTheSpireMod:From All Sides","Burst"],"picked":"Bullet Time","floor":27},{"not_picked":["Unload","ReplayTheSpireMod:From All Sides","Die Die Die"],"picked":"SKIP","floor":30},{"not_picked":["Adrenaline","Venomology"],"picked":"A Thousand Cuts","floor":31},{"not_picked":["Storm of Steel","Bullet Time"],"picked":"Night Terror","floor":33},{"not_picked":["Night Terror","Unload"],"picked":"Adrenaline","floor":40},{"not_picked":["aspiration:Lunge","Replay:Bag of Tricks"],"picked":"Phantasmal Killer","floor":41},{"not_picked":["Toxin Wave","Flechettes"],"picked":"hubris:SlightOfHand+1","floor":42},{"not_picked":["aspiration:Lunge","Grand Finale"],"picked":"ReplayTheSpireMod:Necrosis","floor":44},{"not_picked":["Phantasmal Killer","Burst"],"picked":"Adrenaline","floor":47},{"not_picked":["Corpse Explosion","Night Terror"],"picked":"Tools of the Trade","floor":48}],"player_experience":37802,"relics_obtained":[{"floor":1,"key":"Anchor"},{"floor":2,"key":"Whetstone"},{"floor":3,"key":"infinitespire:Joker Card"},{"floor":4,"key":"ReplayTheSpireMod:TigerMarble"},{"floor":5,"key":"Smiling Mask"},{"floor":6,"key":"hubris:DeckOfHolding"},{"floor":7,"key":"hubris:Reverence"},{"floor":9,"key":"Kunai"},{"floor":10,"key":"CeramicFish"},{"floor":12,"key":"hexamod:BolsterEngine"},{"floor":14,"key":"infinitespire:Broken Mirror"},{"floor":18,"key":"hubris:BottledRain"},{"floor":20,"key":"conspire:TopHat"},{"floor":21,"key":"Runesmith:AutoHammer"},{"floor":22,"key":"infinitespire:Lychee Nut"},{"floor":23,"key":"aspiration:HatOfInfinitePower"},{"floor":25,"key":"Replay:Baseball"},{"floor":26,"key":"conspire:BottledYoYo"},{"floor":27,"key":"Dream Catcher"},{"floor":28,"key":"Guardian:PocketSentry"},{"floor":29,"key":"RuthlessExorcism:ReiMu"},{"floor":30,"key":"Strawberry"},{"floor":31,"key":"Basket Of Snakes"},{"floor":35,"key":"Omamori"},{"floor":36,"key":"Pantograph"},{"floor":38,"key":"aspiration:FetidBarrel"},{"floor":40,"key":"ReplayFunnel"},{"floor":41,"key":"Replay:Kaleidoscope"},{"floor":43,"key":"Oddly Smooth Stone"},{"floor":44,"key":"Matryoshka"},{"floor":45,"key":"Lantern"},{"floor":47,"key":"Happy Flower"},{"floor":48,"key":"Replay:Wax Seal"}],"event_choices":[],"is_beta":false,"boss_relics":[{"not_picked":["Empty Cage","Replay:Ancient Bell"],"picked":"Abe\u0027s Treasure"},{"not_picked":["hubris:ScarierMask","conspire:RoyalGoblet"],"picked":"hubris:VirtuousBlindfold"}],"items_purged_floors":[],"is_endless":false,"potions_floor_spawned":[1,2,5,7,12,16,23,25,27,30,31,35,41,44,48],"ascension_level":0}}