{"host":"94aus4jnk6thj94q","time":1609358602,"event":{"mods":["BaseMod","Minty Spire (QoL Compilation)","Quick Restart","StSLib"],"gold_per_floor":[117,17,17,17,34,34,34,34,34,59,59,77,77,77],"floor_reached":13,"playtime":306,"items_purged":[],"score":73,"play_id":"27d43bd5-5d90-490d-b84c-00a3f5002b10","local_time":"20201230220322","is_ascension_mode":false,"campfire_choices":[{"floor":6,"key":"RECALL"}],"circlet_count":0,"master_deck":["Strike_B","Strike_B","Strike_B","Defend_B","Defend_B","Defend_B","Defend_B","Zap","Dualcast","Glacier","Leap","White Noise","Redo","Decay","Coolheaded"],"relics":["Cracked Core","NeowsBlessing","Golden Idol"],"acts_visited":["Exordium"],"potions_floor_usage":[],"damage_taken":[{"damage":0,"enemies":"Jaw Worm","floor":1,"turns":1},{"damage":0,"enemies":"Cultist","floor":5,"turns":1},{"damage":0,"enemies":"2 Louse","floor":10,"turns":1},{"damage":7,"enemies":"Looter","floor":12,"turns":4},{"damage":26,"enemies":"Gremlin Nob","floor":13,"turns":5}],"seed_played":"5957329188788637914","potions_obtained":[],"is_trial":false,"path_per_floor":["M","$","?","$","M","R","?","$","T","M","?","M","E"],"character_chosen":"DEFECT","items_purchased":["Leap","White Noise"],"campfire_rested":0,"item_purchase_floors":[2,2],"current_hp_per_floor":[75,75,75,75,75,75,57,57,57,57,57,50,24,24],"gold":77,"neow_bonus":"THREE_ENEMY_KILL","is_daily":false,"chose_seed":false,"campfire_upgraded":0,"win_rate":0.0,"timestamp":1609358602,"path_taken":["M","$","?","$","?","R","?","$","T","M","?","M","E"],"items_purchased_type":["Card","Card"],"build_version":"2020-12-22","purchased_purges":0,"victory":false,"max_hp_per_floor":[75,75,75,75,75,75,75,75,75,75,75,75,75,75],"card_choices":[{"not_picked":["Steam","Go for the Eyes"],"picked":"Glacier","floor":1},{"not_picked":["Steam Power","Hologram","Streamline"],"picked":"SKIP","floor":5},{"not_picked":["Hello World","FTL"],"picked":"Redo","floor":10},{"not_picked":["Compile Driver","Hologram"],"picked":"Coolheaded","floor":12}],"player_experience":5657209,"relics_obtained":[],"event_choices":[{"cards_removed":["Strike_B"],"damage_healed":0,"gold_gain":0,"player_choice":"Offered Basic","damage_taken":0,"max_hp_gain":0,"max_hp_loss":0,"event_name":"Bonfire Elementals","floor":3,"gold_loss":0},{"damage_healed":0,"gold_gain":0,"player_choice":"Take Damage","damage_taken":18,"relics_obtained":["Golden Idol"],"max_hp_gain":0,"max_hp_loss":0,"event_name":"Golden Idol","floor":7,"gold_loss":0},{"damage_healed":0,"gold_gain":0,"player_choice":"Cursed","damage_taken":0,"max_hp_gain":0,"max_hp_loss":0,"event_name":"Wheel of Change","floor":11,"gold_loss":0,"cards_obtained":["Decay"]}],"is_beta":false,"boss_relics":[],"items_purged_floors":[],"is_endless":false,"potions_floor_spawned":[5],"killed_by":"Gremlin Nob","ascension_level":0}}