{"host":"l84l8xigz5v5foa2","time":1609311043,"event":{"mods":["2.2 Compatiblity","AchievementEnabler","BaseMod","Better Note","Better Vampires","Card Filter","Colored Map","DeckTracker","Downfall","Gremlin Skip","Highlight Path","Keyboard Shortcuts","Minty Spire (QoL Compilation)","Permanent Neow","Quick Restart","Relic Filter","Relic Stats","StSLib","SuperFastMode","Transform Curses","Unknown Chances"],"gold_per_floor":[99,163,163,177,192,192,192,208,208,227,227,258,258,269,283,360,360,360,373,473,473,485,495,495,511,421,435,435,449,449,460,471,548,548,548,562,578,628,628,281,281,56,56,83,83,102,122,148,166,166,166,191,66,66,66],"floor_reached":56,"playtime":5427,"items_purged":["champ:Strike","champ:Strike","champ:Defend"],"score":2103,"play_id":"a51153fe-05e4-4ca6-b8e4-28c6e732603f","local_time":"20201230155043","is_ascension_mode":true,"campfire_choices":[{"data":"expansioncontent:DashGenerateEvil","floor":1.0,"key":"SMITH"},{"floor":6.0,"key":"REST"},{"data":"champ:Taunt","floor":9.0,"key":"SMITH"},{"data":"champ:Control","floor":11.0,"key":"SMITH"},{"data":"champ:Backstep","floor":13.0,"key":"SMITH"},{"data":"champ:CheapShot","floor":18.0,"key":"SMITH"},{"data":"champ:Devastate","floor":28.0,"key":"SMITH"},{"data":"champ:Backstep","floor":30.0,"key":"SMITH"},{"floor":35,"key":"RECALL"},{"data":"champ:VampiricStrike","floor":42,"key":"SMITH"},{"data":"champ:GutPunch","floor":45,"key":"SMITH"},{"data":"champ:BringItOn","floor":54,"key":"SMITH"}],"circlet_count":0,"master_deck":["AscendersBane","champ:Defend","champ:Execute","champ:Taunt+1","expansioncontent:DashGenerateEvil+1","champ:BringItOn+1","champ:Control+1","champ:AdrenalArmor","champ:Backstep+1","champ:GutPunch+1","champ:CheapShot+1","champ:Devastate+1","champ:GutPunch+1","champ:DefensiveStyle","champ:Backstep+1","champ:DeathBlow+1","champ:VampiricStrike+1","champ:AdrenalArmor+1","champ:BerserkerStyle+1","champ:EnchantCrown+1","champ:EndlessRage+1","champ:SwordSigil+1"],"relics":["champ:ChampionCrown","champ:SignatureFinisher","Oddly Smooth Stone","champ:DuelingGlove","Torii","Philosopher\u0027s Stone","MutagenicStrength","Eternal Feather","expansioncontent:StudyCardRelic","Bag of Preparation","TungstenRod","downfall:HeartBlessingRed","downfall:HeartBlessingGreen","downfall:HeartBlessingBlue","Toxic Egg 2","Orichalcum","Sundial"],"acts_visited":["TheCity","TheBeyond","TheEnding"],"potions_floor_usage":[44,55,55],"damage_taken":[{"damage":49.0,"enemies":"3 Sentries","floor":2.0,"turns":12.0},{"damage":2.0,"enemies":"Jaw Worm","floor":4.0,"turns":4.0},{"damage":2.0,"enemies":"Cultist","floor":5.0,"turns":4.0},{"damage":5.0,"enemies":"2 Louse","floor":8.0,"turns":2.0},{"damage":5.0,"enemies":"2 Fungi Beasts","floor":10.0,"turns":3.0},{"damage":26.0,"enemies":"Gremlin Nob","floor":12.0,"turns":3.0},{"damage":10.0,"enemies":"Exordium Thugs","floor":14.0,"turns":3.0},{"damage":22.0,"enemies":"Red Slaver","floor":15.0,"turns":2.0},{"damage":39.0,"enemies":"downfall:Watcher","floor":16.0,"turns":9.0},{"damage":18.0,"enemies":"3 Byrds","floor":19.0,"turns":5.0},{"damage":29.0,"enemies":"downfall:Augmenter","floor":20.0,"turns":5.0},{"damage":23.0,"enemies":"Spheric Guardian","floor":22.0,"turns":4.0},{"damage":26.0,"enemies":"Centurion and Healer","floor":23.0,"turns":6.0},{"damage":5.0,"enemies":"Cultist and Chosen","floor":25.0,"turns":4.0},{"damage":27.0,"enemies":"downfall:FleeingMerchant","floor":26.0,"turns":5.0},{"damage":19.0,"enemies":"3 Cultists","floor":27.0,"turns":6.0},{"damage":27.0,"enemies":"Centurion and Healer","floor":29.0,"turns":6.0},{"damage":22.0,"enemies":"Sentry and Sphere","floor":31.0,"turns":6.0},{"damage":30.0,"enemies":"3 Cultists","floor":32.0,"turns":5.0},{"damage":65,"enemies":"downfall:Ironclad","floor":33,"turns":7},{"damage":21,"enemies":"3 Shapes","floor":36,"turns":10},{"damage":5,"enemies":"Orb Walker","floor":37,"turns":2},{"damage":9,"enemies":"downfall:FleeingMerchant","floor":38,"turns":4},{"damage":43,"enemies":"Reptomancer","floor":44,"turns":4},{"damage":29,"enemies":"4 Shapes","floor":46,"turns":5},{"damage":29,"enemies":"Sphere and 2 Shapes","floor":47,"turns":3},{"damage":27,"enemies":"Nemesis","floor":48,"turns":4},{"damage":48,"enemies":"Spire Growth","floor":49,"turns":4},{"damage":88,"enemies":"downfall:Silent","floor":50,"turns":9},{"damage":81,"enemies":"downfall:CharBossMerchant","floor":52,"turns":7},{"damage":187,"enemies":"downfall:NeowBoss","floor":55,"turns":20}],"seed_played":"-4269633965656131775","potions_obtained":[{"floor":4.0,"key":"Slimebound:ThreeZeroPotion"},{"floor":8.0,"key":"Guardian:BlockOnCardUsePotion"},{"floor":12.0,"key":"SmokeBomb"},{"floor":15.0,"key":"Swift Potion"},{"floor":25.0,"key":"ColorlessPotion"},{"floor":27.0,"key":"GamblersBrew"},{"floor":29.0,"key":"FearPotion"},{"floor":31.0,"key":"Ancient Potion"},{"floor":46,"key":"AttackPotion"},{"floor":47,"key":"PowerPotion"}],"is_trial":false,"path_per_floor":["R","?","?","M","M","R","T","M","R","M","R","E","R","M","M","B",null,"R","M","?","?","M","M","T","M","$","M","R","M","R","M","M","B",null,"R","M","M","?","?","$","T","R","?","E","R","M","M","E","M","B",null,"E","$","R","B",null],"character_chosen":"THE_CHAMP","items_purchased":["Bag of Preparation","TungstenRod"],"campfire_rested":1,"item_purchase_floors":[38,40],"current_hp_per_floor":[52,21,3,3,3,27,27,27,27,27,27,27,27,27,20,18,65,65,64,63,63,63,62,62,62,62,62,71,71,80,80,80,54,74,81,81,81,81,81,81,81,91,80,85,91,91,91,91,96,96,96,96,96,96,96],"gold":66,"neow_bonus":"RANDOM_COLORLESS_2","is_daily":false,"chose_seed":false,"campfire_upgraded":10,"win_rate":0.0,"timestamp":1609311043,"path_taken":["R","?","?","M","M","R","T","M","R","?","R","E","R","?","M","BOSS","R","M","?","?","M","M","T","M","$","M","R","M","R","?","M","BOSS","R","M","M","?","?","$","T","R","?","E","R","M","M","E","M","BOSS","E","$","R","BOSS"],"items_purchased_type":["Relic","Relic"],"build_version":"2020-12-22","purchased_purges":3,"victory":true,"max_hp_per_floor":[81,81,81,81,81,81,81,81,81,81,81,81,81,81,81,81,81,81,81,81,81,81,81,81,81,81,81,81,81,81,81,81,81,81,81,81,81,81,81,81,81,91,91,91,91,91,91,91,96,96,96,96,96,96,96],"relic_stats":{"Torii":18,"counters":[31,173],"Sundial":[4],"Eternal Feather":31,"Bag of Preparation":[16],"Orichalcum":[6],"obtain_stats":[{"champ:DuelingGlove":7,"Torii":12,"downfall:HeartBlessingRed":42,"Oddly Smooth Stone":3,"champ:ChampionCrown":0,"Eternal Feather":24,"downfall:HeartBlessingGreen":42,"expansioncontent:StudyCardRelic":34,"Bag of Preparation":38,"Orichalcum":48,"downfall:HeartBlessingBlue":42,"Sundial":52,"MutagenicStrength":20,"Philosopher\u0027s Stone":17,"champ:SignatureFinisher":2,"Toxic Egg 2":44,"TungstenRod":40},{"champ:DuelingGlove":3,"Torii":6,"downfall:HeartBlessingRed":23,"Oddly Smooth Stone":1,"champ:ChampionCrown":0,"Eternal Feather":13,"downfall:HeartBlessingGreen":23,"expansioncontent:StudyCardRelic":20,"Bag of Preparation":23,"Orichalcum":27,"downfall:HeartBlessingBlue":23,"Sundial":30,"MutagenicStrength":11,"Philosopher\u0027s Stone":9,"champ:SignatureFinisher":0,"Toxic Egg 2":24,"TungstenRod":23},{"champ:DuelingGlove":20,"Torii":28,"downfall:HeartBlessingRed":117,"Oddly Smooth Stone":12,"champ:ChampionCrown":0,"Eternal Feather":62,"downfall:HeartBlessingGreen":117,"expansioncontent:StudyCardRelic":101,"Bag of Preparation":117,"Orichalcum":133,"downfall:HeartBlessingBlue":117,"Sundial":153,"MutagenicStrength":52,"Philosopher\u0027s Stone":42,"champ:SignatureFinisher":0,"Toxic Egg 2":121,"TungstenRod":117}],"TungstenRod":126},"card_choices":[{"not_picked":["expansioncontent:Corrupt","Secret Technique"],"picked":"expansioncontent:DashGenerateEvil","floor":0.0},{"not_picked":["champ:PerfectedStrike","champ:FanOfKnives"],"picked":"champ:BringItOn","floor":2.0},{"not_picked":["champ:GladiatorsShout","champ:FocusedGladiator","champ:ShieldSigil"],"picked":"SKIP","floor":4.0},{"not_picked":["champ:GladiatorsShout","champ:StanceDance","champ:ShieldWall"],"picked":"SKIP","floor":5.0},{"not_picked":["champ:StanceDance","champ:EndlessRage"],"picked":"champ:Control","floor":8.0},{"not_picked":["champ:GutPunch","champ:IronFortress"],"picked":"champ:AdrenalArmor","floor":10.0},{"not_picked":["champ:Lariat","champ:MurderStrike"],"picked":"champ:Backstep","floor":12.0},{"not_picked":["champ:CrookedStrike","champ:ShieldSigil","champ:BladeFlurry"],"picked":"SKIP","floor":14.0},{"not_picked":["champ:RecklessLeap","champ:CrookedStrike"],"picked":"champ:GutPunch","floor":15.0},{"not_picked":["champ:EnchantSword","champ:MurderStrike"],"picked":"champ:CheapShot","floor":16.0},{"not_picked":["champ:CrookedStrike","champ:SkillfulDodge","champ:ShieldWall"],"picked":"SKIP","floor":19.0},{"not_picked":["champ:FalseCounter","champ:GladiatorsShout","champ:RageSigil"],"picked":"SKIP","floor":22.0},{"not_picked":["champ:AdrenalArmor","champ:GladiatorsShout"],"picked":"champ:GutPunch+1","floor":23.0},{"not_picked":["champ:Duel","champ:IronFortress"],"picked":"champ:DefensiveStyle","floor":25.0},{"not_picked":["champ:StanceDance","champ:RisingSlash"],"picked":"champ:Backstep","floor":26.0},{"not_picked":["champ:RageSigil+1","champ:StanceDance","champ:Circumvent"],"picked":"SKIP","floor":27.0},{"not_picked":["champ:SwordSigil","champ:EndlessRage","champ:PerfectForm"],"picked":"SKIP","floor":29.0},{"not_picked":["champ:BringItOn","champ:FlashCut"],"picked":"champ:DeathBlow+1","floor":31.0},{"not_picked":["champ:Circumvent","champ:CalledShot","champ:FlashCut"],"picked":"SKIP","floor":32.0},{"not_picked":["champ:PerfectForm","champ:EnchantSword"],"picked":"champ:VampiricStrike","floor":33},{"not_picked":["champ:RageSigil","champ:Backstep"],"picked":"champ:AdrenalArmor+1","floor":36},{"not_picked":["champ:MurderStrike","champ:Circumvent","champ:BerserkersShout"],"picked":"SKIP","floor":37},{"not_picked":["champ:Riposte","champ:SkillfulDodge"],"picked":"champ:BerserkerStyle","floor":38},{"not_picked":["champ:VampiricStrike","champ:FanOfKnives"],"picked":"champ:EnchantCrown+1","floor":44},{"not_picked":["champ:FalseCounter+1","champ:ShieldSigil+1","champ:BladeFlurry+1"],"picked":"SKIP","floor":46},{"not_picked":["champ:GutPunch","champ:CrookedStrike"],"picked":"champ:FightOn","floor":47},{"not_picked":["champ:StanceDance+1","champ:AdrenalArmor+1"],"picked":"champ:EndlessRage+1","floor":48},{"not_picked":["champ:BerserkersShout+1","champ:FlashCut"],"picked":"champ:SwordSigil+1","floor":49},{"not_picked":["champ:FlashCut","champ:Devastate","champ:FalseCounter+1"],"picked":"SKIP","floor":52}],"player_experience":2805517,"relics_obtained":[{"floor":7.0,"key":"champ:DuelingGlove"},{"floor":12.0,"key":"Torii"},{"floor":20.0,"key":"MutagenicStrength"},{"floor":24.0,"key":"Eternal Feather"},{"floor":44,"key":"Toxic Egg 2"},{"floor":48,"key":"Orichalcum"},{"floor":52,"key":"Sundial"}],"event_choices":[{"damage_healed":0.0,"max_hp_gain":0.0,"max_hp_loss":0.0,"gold_gain":0.0,"event_name":"Scrap Ooze","player_choice":"Success","floor":3.0,"gold_loss":0.0,"damage_taken":18.0,"relics_obtained":["Oddly Smooth Stone"]},{"cards_removed":["champ:Defend"],"damage_healed":0,"gold_gain":0,"player_choice":"Removed Skill","damage_taken":0,"max_hp_gain":0,"max_hp_loss":0,"event_name":"Falling","floor":39,"gold_loss":0}],"is_beta":false,"boss_relics":[{"not_picked":["downfall:Hecktoplasm","sneckomod:SneckoTalon"],"picked":"Philosopher\u0027s Stone"},{"not_picked":["champ:PowerArmor","Fusion Hammer"],"picked":"expansioncontent:StudyCardRelic"}],"items_purged_floors":[26,38,53],"is_endless":false,"potions_floor_spawned":[4,8,12,15,25,27,29,31,32,33,46,47,48],"ascension_level":17}}