{"host":"utqe55yv0jihe4d6","time":1609302586,"event":{"mods":["2.2 Compatiblity","AchievementEnabler","BaseMod","Block Reminder","Colored Map","Colored Powertips","Minty Spire (QoL Compilation)","Quick Restart","Rare Cards Sparkle","Relic Stats","SuperFastMode"],"gold_per_floor":[111,131,131,5,24,24,42,42,42,67,80,80,96,125,125,203,203,219,246,45,56,56,56,56,89,89,119,119,149,165,185,185,257,257,273,283,283,283,307,332,332,363,363,378,378,394,394,425,425,425,425],"floor_reached":50,"playtime":1774,"items_purged":["Decay"],"score":1346,"play_id":"6cd37617-96d9-4bd1-868d-1df55d347b44","local_time":"20201229232946","is_ascension_mode":true,"campfire_choices":[{"data":"Inflame","floor":6,"key":"SMITH"},{"data":"Immolate","floor":8,"key":"SMITH"},{"floor":12,"key":"REST"},{"data":"Disarm","floor":15,"key":"SMITH"},{"data":"Feel No Pain","floor":23,"key":"SMITH"},{"data":"Battle Trance","floor":24,"key":"SMITH"},{"floor":28,"key":"REST"},{"data":"Entrench","floor":32,"key":"SMITH"},{"floor":41,"key":"REST"},{"data":"Inflame","floor":45,"key":"SMITH"},{"floor":49,"key":"REST"}],"circlet_count":0,"master_deck":["AscendersBane","Strike_R","Strike_R","Strike_R","Strike_R","Strike_R","Defend_R","Defend_R","Defend_R","Defend_R","Bash","Immolate+1","Pommel Strike","Inflame+1","Sword Boomerang","Disarm+1","Shrug It Off","Metallicize","Barricade","Pommel Strike","Feel No Pain+1","Feed","Offering","Entrench+1","Battle Trance+1","Shockwave","Feed","Spot Weakness","Inflame+1","Inflame","Body Slam+1","Enlightenment","Master of Strategy","Heavy Blade+1"],"relics":["Burning Blood","WingedGreaves","CaptainsWheel","Charon\u0027s Ashes","Busted Crown","Strawberry","Question Card","Matryoshka","Ancient Tea Set","Smiling Mask","Bag of Preparation","Molten Egg 2","SlaversCollar","Anchor","Boot","TungstenRod","Juzu Bracelet","Red Skull"],"acts_visited":["Exordium","TheCity","TheBeyond"],"potions_floor_usage":[10,14,25,29,30,40,48,50],"damage_taken":[{"damage":7.0,"enemies":"Small Slimes","floor":1.0,"turns":2.0},{"damage":14,"enemies":"Cultist","floor":2,"turns":4},{"damage":5,"enemies":"Jaw Worm","floor":5,"turns":3},{"damage":8,"enemies":"Blue Slaver","floor":7,"turns":3},{"damage":22,"enemies":"Lagavulin","floor":10,"turns":7},{"damage":29,"enemies":"Large Slime","floor":11,"turns":5},{"damage":8,"enemies":"Exordium Wildlife","floor":13,"turns":3},{"damage":8,"enemies":"Gremlin Nob","floor":14,"turns":3},{"damage":33,"enemies":"Hexaghost","floor":16,"turns":10},{"damage":2,"enemies":"Chosen","floor":18,"turns":8},{"damage":19,"enemies":"3 Byrds","floor":21,"turns":3},{"damage":10,"enemies":"Gremlin Leader","floor":25,"turns":4},{"damage":40,"enemies":"Slavers","floor":27,"turns":7},{"damage":23,"enemies":"Book of Stabbing","floor":29,"turns":6},{"damage":7,"enemies":"Cultist and Chosen","floor":30,"turns":5},{"damage":6,"enemies":"Chosen and Byrds","floor":31,"turns":3},{"damage":34,"enemies":"Champ","floor":33,"turns":12},{"damage":15,"enemies":"3 Shapes","floor":35,"turns":10},{"damage":14,"enemies":"Orb Walker","floor":36,"turns":2},{"damage":34,"enemies":"Nemesis","floor":40,"turns":11},{"damage":14,"enemies":"Giant Head","floor":42,"turns":8},{"damage":13,"enemies":"Jaw Worm Horde","floor":44,"turns":3},{"damage":18,"enemies":"3 Darklings","floor":46,"turns":5},{"damage":5,"enemies":"Reptomancer","floor":48,"turns":4},{"damage":144,"enemies":"Awakened One","floor":50,"turns":10}],"seed_played":"-905708696873183284","potions_obtained":[{"floor":1.0,"key":"Strength Potion"},{"floor":5,"key":"ElixirPotion"},{"floor":7,"key":"DuplicationPotion"},{"floor":14,"key":"LiquidBronze"},{"floor":18,"key":"SkillPotion"},{"floor":29,"key":"Regen Potion"},{"floor":30,"key":"LiquidMemories"},{"floor":31,"key":"Swift Potion"},{"floor":40,"key":"HeartOfIron"},{"floor":46,"key":"BloodPotion"},{"floor":48,"key":"Ancient Potion"}],"is_trial":false,"path_per_floor":["M","M","?","$","M","R","M","R","T","E","M","R","M","E","R","B",null,"M","T","$","M","T","R","R","E","T","E","R","E","M","M","R","B",null,"M","M","?","?","T","E","R","E","T","M","R","M","?","E","R","B"],"character_chosen":"IRONCLAD","items_purchased":["Disarm","Shrug It Off","Battle Trance","Shockwave"],"campfire_rested":4,"item_purchase_floors":[4,4,20,20],"current_hp_per_floor":[67,59,59,59,60,60,58,58,58,42,19,41,39,37,37,10,59,66,73,73,63,63,63,63,62,62,34,63,49,65,65,65,40,90,87,82,72,72,72,47,82,77,77,76,76,67,67,68,107,0,0],"gold":425,"neow_bonus":"THREE_RARE_CARDS","is_daily":false,"chose_seed":false,"campfire_upgraded":7,"win_rate":0.0,"timestamp":1609302586,"path_taken":["M","M","?","?","M","R","M","R","T","E","M","R","M","E","R","BOSS","M","?","$","?","?","R","R","E","T","E","R","E","M","M","R","BOSS","M","M","?","?","?","E","R","E","T","M","R","M","?","E","R","BOSS"],"items_purchased_type":["Card","Card","Card","Card"],"build_version":"2020-12-22","purchased_purges":1,"victory":false,"max_hp_per_floor":[75,75,75,75,75,75,75,75,75,75,75,75,75,75,75,75,75,78,85,85,88,88,88,88,91,91,97,97,100,103,103,103,106,106,112,115,115,115,115,118,118,121,121,127,127,130,130,130,130,130,130],"relic_stats":{"Busted Crown":36,"counters":[25,141],"Charon\u0027s Ashes":[304],"Bag of Preparation":[24],"Juzu Bracelet":0,"Question Card":16,"Smiling Mask":0,"Boot":[0],"obtain_stats":[{"Charon\u0027s Ashes":14,"Bag of Preparation":27,"Juzu Bracelet":43,"Question Card":22,"Ancient Tea Set":26,"Smiling Mask":26,"Boot":40,"Burning Blood":0,"SlaversCollar":34,"CaptainsWheel":10,"Anchor":39,"Busted Crown":17,"Matryoshka":25,"Strawberry":19,"Molten Egg 2":29,"WingedGreaves":9,"TungstenRod":42,"Red Skull":48},{"Charon\u0027s Ashes":8,"Bag of Preparation":13,"Juzu Bracelet":21,"Question Card":11,"Ancient Tea Set":12,"Smiling Mask":12,"Boot":20,"Burning Blood":0,"SlaversCollar":17,"CaptainsWheel":5,"Anchor":19,"Busted Crown":9,"Matryoshka":12,"Strawberry":10,"Molten Egg 2":14,"WingedGreaves":4,"TungstenRod":21,"Red Skull":24},{"Charon\u0027s Ashes":30,"Bag of Preparation":62,"Juzu Bracelet":119,"Question Card":51,"Ancient Tea Set":55,"Smiling Mask":55,"Boot":111,"Burning Blood":0,"SlaversCollar":88,"CaptainsWheel":19,"Anchor":100,"Busted Crown":40,"Matryoshka":55,"Strawberry":48,"Molten Egg 2":68,"WingedGreaves":12,"TungstenRod":119,"Red Skull":131}],"Burning Blood":144,"TungstenRod":19},"card_choices":[{"not_picked":["Berserk","Bludgeon"],"picked":"Immolate","floor":0.0},{"not_picked":["Dark Embrace","Twin Strike"],"picked":"Pommel Strike","floor":1.0},{"not_picked":["Body Slam","Rupture"],"picked":"Inflame","floor":2},{"not_picked":["Armaments","Sword Boomerang"],"picked":"Metallicize","floor":5},{"not_picked":["Clash","Body Slam","Sword Boomerang"],"picked":"SKIP","floor":7},{"not_picked":["Seeing Red","Sword Boomerang"],"picked":"Barricade","floor":10},{"not_picked":["Whirlwind","Thunderclap"],"picked":"Pommel Strike","floor":11},{"not_picked":["Flex","Heavy Blade"],"picked":"Feel No Pain","floor":13},{"not_picked":["Blood for Blood","Shrug It Off"],"picked":"Feed","floor":14},{"not_picked":["Brutality","Demon Form"],"picked":"Offering","floor":16},{"not_picked":[],"picked":"Entrench","floor":18},{"not_picked":["Sword Boomerang"],"picked":"SKIP","floor":21},{"not_picked":["Cleave"],"picked":"Feed","floor":25},{"not_picked":["Flex"],"picked":"Spot Weakness","floor":27},{"not_picked":["Perfected Strike+1"],"picked":"Inflame","floor":29},{"not_picked":["Cleave+1","Flex"],"picked":"SKIP","floor":30},{"not_picked":["Cleave+1"],"picked":"Inflame","floor":31},{"not_picked":["Twin Strike+1"],"picked":"Body Slam+1","floor":35},{"not_picked":["Carnage+1","Anger+1"],"picked":"SKIP","floor":36},{"not_picked":["Forethought"],"picked":"Swift Strike+1","floor":37},{"not_picked":["Discovery"],"picked":"Enlightenment","floor":37},{"not_picked":["Madness"],"picked":"Master of Strategy","floor":37},{"not_picked":["Headbutt+1","Wild Strike+1"],"picked":"SKIP","floor":40},{"not_picked":["Pommel Strike+1"],"picked":"Heavy Blade+1","floor":42},{"not_picked":["True Grit","Clash+1"],"picked":"SKIP","floor":44},{"not_picked":["Reckless Charge+1","Sever Soul+1"],"picked":"SKIP","floor":46},{"not_picked":["Iron Wave+1","Battle Trance"],"picked":"SKIP","floor":48}],"player_experience":2905690,"relics_obtained":[{"floor":9,"key":"WingedGreaves"},{"floor":10,"key":"CaptainsWheel"},{"floor":14,"key":"Charon\u0027s Ashes"},{"floor":19,"key":"Strawberry"},{"floor":22,"key":"Question Card"},{"floor":25,"key":"Matryoshka"},{"floor":26,"key":"Ancient Tea Set"},{"floor":26,"key":"Smiling Mask"},{"floor":27,"key":"Bag of Preparation"},{"floor":29,"key":"Molten Egg 2"},{"floor":39,"key":"Anchor"},{"floor":40,"key":"Boot"},{"floor":42,"key":"TungstenRod"},{"floor":43,"key":"Juzu Bracelet"},{"floor":48,"key":"Red Skull"}],"event_choices":[{"damage_healed":0,"gold_gain":0,"player_choice":"1 cards matched","damage_taken":0,"max_hp_gain":0,"max_hp_loss":0,"event_name":"Match and Keep!","floor":3,"gold_loss":0,"cards_obtained":["Sword Boomerang"]},{"damage_healed":0,"gold_gain":0,"player_choice":"Memory 3","damage_taken":10,"max_hp_gain":0,"max_hp_loss":0,"event_name":"SensoryStone","floor":37,"gold_loss":0},{"damage_healed":0,"gold_gain":0,"player_choice":"Ignored","damage_taken":0,"max_hp_gain":0,"max_hp_loss":0,"event_name":"Tomb of Lord Red Mask","floor":38,"gold_loss":0},{"cards_removed":["Swift Strike"],"damage_healed":0,"gold_gain":0,"player_choice":"Removed Attack","damage_taken":0,"max_hp_gain":0,"max_hp_loss":0,"event_name":"Falling","floor":47,"gold_loss":0}],"is_beta":false,"boss_relics":[{"not_picked":["SacredBark","Runic Dome"],"picked":"Busted Crown"},{"not_picked":["Fusion Hammer","Pandora\u0027s Box"],"picked":"SlaversCollar"}],"items_purged_floors":[20],"is_endless":false,"potions_floor_spawned":[1,5,7,14,18,29,30,31,35,40,46,48],"killed_by":"Awakened One","ascension_level":20}}