{"host":"51fyd6gkml7xavq8","time":1609361232,"event":{"mods":["BaseMod","BetterRewards","Colored Map","Energized Spire","Infinite Spire","Minty Spire (QoL Compilation)","Replay The Spire","Shop Mod","Spicy Shops","StSLib","The Blue Laboratory","[IsaacMod]????"],"gold_per_floor":[117,127,127,227,242,16,16,34,34,53,73,54,83,96,96,195,195,109,124,134,154,16,16,41,41,68,68,68],"floor_reached":27,"playtime":2669,"items_purged":["DoctorFetus","Dualcast"],"score":316,"play_id":"5dc8eb92-62fc-486e-9b89-3dc64150b8a7","local_time":"20201230174712","is_ascension_mode":true,"campfire_choices":[{"data":"Cold Snap","floor":7,"key":"SMITH"},{"data":"ReplayTheSpireMod:Calculation Training","floor":15,"key":"SMITH"},{"data":"Loop","floor":23,"key":"SMITH"},{"data":"Gash","floor":25,"key":"SMITH"}],"circlet_count":0,"master_deck":["Strike_B","Strike_B","Strike_B","Strike_B","Defend_B","Defend_B","Defend_B","Defend_B","Zap","Gash+1","Cold Snap+1","ReplayTheSpireMod:Calculation Training+1","Gash+1","Loop+1"],"relics":["Cracked Core","HushsDoor","Thread and Needle","ReplayTheSpireMod:CursedCoin","MerchantsRug","PokeGo","Incense Burner","Nuclear Battery","Shuriken","infinitespire:Freezer"],"acts_visited":["Exordium","TheCity"],"potions_floor_usage":[27],"damage_taken":[{"damage":11.0,"enemies":"Jaw Worm","floor":1.0,"turns":4.0},{"damage":0.0,"enemies":"Cultist","floor":2.0,"turns":2.0},{"damage":0.0,"enemies":"2 Louse","floor":5.0,"turns":3.0},{"damage":16,"enemies":"Gremlin Gang","floor":8,"turns":3},{"damage":1,"enemies":"Red Slaver","floor":10,"turns":4},{"damage":3,"enemies":"Exordium Wildlife","floor":11,"turns":9},{"damage":3,"enemies":"Replay:BlueRogue","floor":13,"turns":6},{"damage":0,"enemies":"2 Fungi Beasts","floor":14,"turns":3},{"damage":0,"enemies":"The Guardian","floor":16,"turns":13},{"damage":4,"enemies":"3 Byrds","floor":18,"turns":7},{"damage":0,"enemies":"Chosen","floor":19,"turns":6},{"damage":0,"enemies":"Centurion and Healer","floor":20,"turns":12},{"damage":0,"enemies":"Shelled Parasite and Fungi","floor":21,"turns":18},{"damage":42,"enemies":"Slavers","floor":24,"turns":8},{"damage":35,"enemies":"Gremlin Leader","floor":27,"turns":3}],"seed_played":"3059169924278793387","potions_obtained":[{"floor":2.0,"key":"blueLaboratory:LouseDecoction"},{"floor":5.0,"key":"PowerPotion"},{"floor":8,"key":"blueLaboratory:RelayPotion"},{"floor":24,"key":"blueLaboratory:CorrosionFlask"}],"is_trial":false,"path_per_floor":["M","M","?","?","M","$","R","M","T","M","M","$","E","M","R","B",null,"M","M","M","M","$","R","E","R","T","E"],"character_chosen":"DEFECT","items_purchased":["ReplayTheSpireMod:CursedCoin","MerchantsRug","PokeGo","Loop"],"campfire_rested":0,"item_purchase_floors":[6,6,6,22],"current_hp_per_floor":[64,64,64,64,64,64,64,48,48,47,44,44,41,41,41,41,75,71,71,71,71,71,71,29,29,29,0,0],"gold":68,"neow_bonus":"","is_daily":false,"chose_seed":false,"campfire_upgraded":4,"win_rate":0.0,"timestamp":1609361232,"path_taken":["M","M","?","?","M","$","R","M","T","M","?","$","E","M","R","BOSS","M","M","M","M","$","R","E","R","T","E"],"items_purchased_type":["Relic","Relic","Relic","Card"],"build_version":"2020-12-22","purchased_purges":2,"victory":false,"max_hp_per_floor":[75,75,75,75,75,75,75,75,75,75,75,75,75,75,75,75,75,75,75,75,75,75,75,75,75,75,75,75],"card_choices":[{"not_picked":[],"picked":"DoctorFetus","floor":0.0},{"not_picked":["Beam Cell","Recycle"],"picked":"Gash","floor":1.0},{"not_picked":["Panic Button","Redo","ReplayTheSpireMod:System Scan"],"picked":"SKIP","floor":2.0},{"not_picked":["Stack","Reinforced Body"],"picked":"Cold Snap","floor":5.0},{"not_picked":["Rainbow","Streamline"],"picked":"ReplayTheSpireMod:Calculation Training","floor":8},{"not_picked":["Coolheaded","Compile Driver","Distribution"],"picked":"SKIP","floor":10},{"not_picked":["Streamline","Steam","BasicCrystalCard"],"picked":"SKIP","floor":11},{"not_picked":["ReplaySolidLightProjector","Fan","ElectricPowerLearning"],"picked":"SKIP","floor":13},{"not_picked":["Ball Lightning","Streamline","Hologram"],"picked":"SKIP","floor":14},{"not_picked":["Steam","Crystallizer"],"picked":"Gash+1","floor":18},{"not_picked":["Beam Cell","Coolheaded+1","Turbo"],"picked":"SKIP","floor":19},{"not_picked":["Compile Driver","Undo","Go for the Eyes"],"picked":"SKIP","floor":20},{"not_picked":["Coolheaded+1","Double Energy","ReplaySolidLightProjector+1"],"picked":"SKIP","floor":21},{"not_picked":["Gash","Conserve Battery","Doom and Gloom"],"picked":"SKIP","floor":24}],"player_experience":426086,"relics_obtained":[{"floor":9,"key":"HowToJump"},{"floor":13,"key":"Incense Burner"},{"floor":24,"key":"Shuriken"},{"floor":26,"key":"infinitespire:Freezer"}],"event_choices":[{"damage_healed":0.0,"max_hp_gain":0.0,"max_hp_loss":0.0,"gold_gain":0.0,"event_name":"WeMeetAgain","player_choice":"Gave Potion","floor":3.0,"gold_loss":0.0,"damage_taken":0.0,"relics_obtained":["Thread and Needle"]}],"is_beta":false,"boss_relics":[{"not_picked":["energizedSpire:NeverEndingSparkler","Replay:Bronze Core"],"picked":"Nuclear Battery"},{"not_picked":[]}],"items_purged_floors":[12,22],"is_endless":false,"potions_floor_spawned":[2,5,8,24],"killed_by":"Gremlin Leader","ascension_level":2}}