{"host":"49hkj3l623wd5n00","time":1609342431,"event":{"mods":["2.2 Compatiblity","AchievementEnabler","Act Like it!","Aspiration","Astrologer","BaseMod","Better Altar","Better Match","Better Note","Better Skull","Better Third Choice","Better Vampires","Better-Laid Plans","BetterRewards","CCEM","CapriCore","Colored Map","Colored Powertips","Conspire","Displayed Cursed Tome","Downfall","Elementarium","Friendly Minions","Gensokyo","GifTheSpireLib","Hallownest","Hermit","Hubris","Ironclad Rager","Jorbs\u0027s Wanderer Trilogy","Koishi","MarisaÅiñ∂âJÅ@ñÇóùçπÅj","Menagerie","Mimic Mod","Minty Spire (QoL Compilation)","Pale of the Ancients","Permanent Neow","Quick Restart","Rare Cards Sparkle","Replay The Spire","Retaliation","Shade Mod","Spicy Shops","StSLib","Stuff the Spire","The Blackbeard","The Bug Knight","The Construct","The Cursed","The Druid","The Hierophant","The IronCluck","The Marked","The Runesmith","The Servant 0.9.4","The Vixen","The Wild Card","TheHero","Yuri Mod","slay the spire mod where everything is the same but ironclad has a cowboy hat"],"gold_per_floor":[114,114,131,131,27,54,71,98,98,98,139,155,155,30,30,154,154,173,153,178,178,178,178,219,219,219,242,242,323,29,68,68,197,197,221,221,244,258,278,309,330,373,396,416,416,25,56,75,75,75,75],"floor_reached":50,"playtime":3292,"items_purged":["theMarked:Strike","theMarked:Strike","Injury","theMarked:Defy"],"score":901,"play_id":"6044ca67-afaf-4512-b838-775790846660","local_time":"20201230103351","is_ascension_mode":true,"campfire_choices":[{"floor":15,"key":"REST"},{"floor":23,"key":"REST"},{"data":"theMarked:ThrowWeapon","floor":25,"key":"SMITH"},{"data":"theMarked:Convert","floor":32,"key":"PURGE"},{"floor":49,"key":"REST"}],"circlet_count":0,"master_deck":["theMarked:Defend+1","theMarked:Defend+1","theMarked:Defend","theMarked:Defend","theMarked:SoldierOfQuellstein+1","theMarked:EmpowerWeapon","theMarked:TunnelVision+1","theMarked:WardOff+1","theMarked:HeritageOfTheMarked","theMarked:Seal","theMarked:ThrowWeapon+1","theMarked:ChainLightning","ReplayTheSpireMod:Limb From Limb+1","theMarked:DeterminationOfTheMarked","theMarked:StartUp+1","RitualDagger","theMarked:BanishingWave+1","theMarked:Aftermath","hubris:DuctTapeCard","theMarked:Challenge","theMarked:Static","theMarked:ReduceFriction+1","theMarked:SelfDefenseTraining","Pot Of Greed","Pot Of Greed","theMarked:GodGivenPower","Pot Of Greed","theMarked:WardOff+1","theMarked:MagicAdept","Wraith"],"relics":["theMarked:ArtifactOfAir","Mercury Hourglass","Bag of Preparation","Potion Belt","Pet Ghost","ReplayTheSpireMod:CursedCoin","War Paint","Bronze Scales","StuffTheSpire:EmeraldSignet","Pantograph","Golden Idol","Gremlin Food","Replay:Mystery Machine","Empty Cage","aspiration:RitualStick","StuffTheSpire:SapphireSignet","Ornamental Fan","hubris:DuctTape","StuffTheSpire:Gunfinga","Prayer Wheel","hubris:ScarierMask","theMarked:DemonDagger","Grinning Jar","conspire:GlowingRock","Replay:Rubber Ducky","Durian","Eternal Feather"],"acts_visited":["Exordium","TheCity","TheBeyond"],"potions_floor_usage":[8,8,11,11,27,31,31,31,33,40,41,42,47,48,50,50,50],"damage_taken":[{"damage":3,"enemies":"Jaw Worm","floor":1,"turns":3},{"damage":1,"enemies":"Cultist","floor":3,"turns":3},{"damage":9,"enemies":"3 Sentries","floor":6,"turns":5},{"damage":0,"enemies":"Small Slimes","floor":7,"turns":2},{"damage":13,"enemies":"Lagavulin","floor":8,"turns":5},{"damage":0,"enemies":"Gremlin Nob","floor":11,"turns":2},{"damage":0,"enemies":"Blue Slaver","floor":12,"turns":3},{"damage":19,"enemies":"The Guardian","floor":16,"turns":8},{"damage":1,"enemies":"3 Byrds","floor":18,"turns":2},{"damage":16,"enemies":"conspire:FuzzyDice","floor":20,"turns":4},{"damage":12,"enemies":"HollowMod:Nosk","floor":24,"turns":4},{"damage":3,"enemies":"Centurion and Healer","floor":27,"turns":6},{"damage":16,"enemies":"Book of Stabbing","floor":31,"turns":3},{"damage":19,"enemies":"Automaton","floor":33,"turns":8},{"damage":0,"enemies":"Orb Walker","floor":35,"turns":1},{"damage":12,"enemies":"3 Shapes","floor":37,"turns":2},{"damage":9,"enemies":"Jaw Worm Horde","floor":38,"turns":3},{"damage":5,"enemies":"4 Shapes","floor":39,"turns":2},{"damage":33,"enemies":"Nemesis","floor":40,"turns":5},{"damage":0,"enemies":"Spire Growth","floor":41,"turns":3},{"damage":28,"enemies":"Reptomancer","floor":42,"turns":5},{"damage":4,"enemies":"HollowMod:SlobberingHusk","floor":44,"turns":5},{"damage":9,"enemies":"R_Hoarder","floor":47,"turns":6},{"damage":0,"enemies":"Jaw Worm Horde","floor":48,"turns":3},{"damage":73,"enemies":"Awakened One","floor":50,"turns":10}],"seed_played":"-6428911530495567110","potions_obtained":[{"floor":3,"key":"GamblersBrew"},{"floor":7,"key":"EntropicBrew"},{"floor":16,"key":"Dexterity Potion"},{"floor":19,"key":"FearPotion"},{"floor":20,"key":"Energy Potion"},{"floor":27,"key":"Strength Potion"},{"floor":31,"key":"FairyPotion"},{"floor":35,"key":"DDmod:CleansePotion"},{"floor":37,"key":"sneckomod:MuddlingPotion"},{"floor":40,"key":"Adrenaline Potion"},{"floor":41,"key":"DistilledChaos"},{"floor":42,"key":"EssenceOfSteel"}],"is_trial":false,"path_per_floor":["M","?","M","?","$","E","M","E","T","?","E","M","?","$","R","B",null,"M","?","M","?","?","R","E","R","T","M","T","T","$","E","R_BF","B",null,"M","?","M","M","M","E","M","E","T","M","?","$","E","M","R","B"],"character_chosen":"THE_DEFAULT","items_purchased":["theMarked:EmpowerWeapon","Mercury Hourglass","Bag of Preparation","Potion Belt","FearPotion","ReplayTheSpireMod:CursedCoin","War Paint","theMarked:HeritageOfTheMarked","StuffTheSpire:Gunfinga","Durian","PowerPotion","ColorlessPotion"],"campfire_rested":3,"item_purchase_floors":[0,0,0,0,0,5,5,5,30,46,46,46],"current_hp_per_floor":[53,53,52,52,52,43,43,30,30,30,30,30,7,7,28,34,70,69,69,53,47,33,54,42,42,42,41,41,41,41,25,25,31,70,70,70,58,49,44,11,11,8,8,8,8,13,4,4,44,0,0],"gold":75,"neow_bonus":"","is_daily":false,"chose_seed":false,"campfire_upgraded":1,"win_rate":0.0,"timestamp":1609342431,"path_taken":["M","?","M","?","$","E","?","E","T","?","E","M","?","$","R","BOSS","M","?","?","?","?","R","E","R","T","M","?","?","?","E","R_BF","BOSS","M","?","M","?","?","E","M","E","T","M","?","$","E","M","R","BOSS"],"items_purchased_type":["Card","Relic","Relic","Relic","Potion","Relic","Relic","Card","Relic","Relic","Potion","Potion"],"build_version":"2020-12-22","purchased_purges":4,"victory":false,"max_hp_per_floor":[70,70,70,70,70,70,70,70,70,70,70,70,70,70,70,70,70,70,70,70,70,70,70,70,70,70,70,70,70,70,70,70,70,70,70,70,70,70,70,70,70,70,70,70,70,75,75,75,75,75,75],"card_choices":[{"not_picked":["theMarked:Improvise","theMarked:WardOff"],"picked":"theMarked:TunnelVision","floor":1},{"not_picked":["theMarked:Improvise","theMarked:Parkour"],"picked":"theMarked:WardOff","floor":3},{"not_picked":["theMarked:Electrocute","theMarked:BanishingStrike","theMarked:WardOff"],"picked":"SKIP","floor":6},{"not_picked":["theMarked:HeightenedSenses","theMarked:RepellingDischarge"],"picked":"theMarked:Seal","floor":7},{"not_picked":["theMarked:TwofoldDefense","theMarked:WardOff"],"picked":"theMarked:ThrowWeapon","floor":8},{"not_picked":["theMarked:HeritageOfTheMarked","theMarked:WastefulAttack"],"picked":"theMarked:ChainLightning","floor":11},{"not_picked":["theMarked:CreepingChasm","theMarked:WastefulAttack"],"picked":"theMarked:Convert","floor":12},{"not_picked":["theMarked:SoldierForm","theMarked:FavorableWinds"],"picked":"theMarked:Defy","floor":16},{"not_picked":["theMarked:ContemptForTheProud","theMarked:Electrocute"],"picked":"theMarked:DeterminationOfTheMarked","floor":18},{"not_picked":["theMarked:Improvise","theMarked:SwordAndMagic+1"],"picked":"theMarked:StartUp+1","floor":20},{"not_picked":["theMarked:LightningStrikesTwice+1","theMarked:Generate"],"picked":"theMarked:BanishingWave+1","floor":24},{"not_picked":["theMarked:Electrocute","theMarked:WardOff"],"picked":"theMarked:Aftermath","floor":27},{"not_picked":["theMarked:RogueSparks","theMarked:WardOff","theMarked:RepellingDischarge"],"picked":"SKIP","floor":31},{"not_picked":["theMarked:ChannelForce","theMarked:FavorableWinds"],"picked":"theMarked:Challenge","floor":33},{"not_picked":["theMarked:SwordAndMagic+1","theMarked:ResourceFulStrike+1"],"picked":"theMarked:Static","floor":35},{"not_picked":["theMarked:Frustration","theMarked:ChainLightning+1","theMarked:Aftermath"],"picked":"SKIP","floor":35},{"not_picked":["theMarked:ResourceFulStrike+1","theMarked:SwordAndMagic"],"picked":"theMarked:ReduceFriction+1","floor":37},{"not_picked":["theMarked:WastefulDefense+1","theMarked:RepellingDischarge+1","theMarked:Static+1"],"picked":"SKIP","floor":37},{"not_picked":["theMarked:WastefulAttack","theMarked:EnhancedHearing"],"picked":"theMarked:SelfDefenseTraining","floor":38},{"not_picked":["theMarked:MysticalArsenal+1","theMarked:Parkour","theMarked:SelfDefenseTraining"],"picked":"SKIP","floor":38},{"not_picked":["theMarked:HeightenedSenses+1","theMarked:Overthink+1","theMarked:BanishingStrike"],"picked":"SKIP","floor":39},{"not_picked":["theMarked:MaelstromOfLightning+1","theMarked:WastefulAttack","theMarked:KeepCalmAndFightOn+1"],"picked":"SKIP","floor":39},{"not_picked":["theMarked:Opportunist","theMarked:TwofoldDefense"],"picked":"theMarked:GodGivenPower","floor":40},{"not_picked":["theMarked:ContemptForTheProud","theMarked:DeterminationOfTheMarked+1"],"picked":"theMarked:WardOff+1","floor":41},{"not_picked":["theMarked:ChainLightning","theMarked:Electrocute+1","theMarked:EmpowerWeapon+1"],"picked":"SKIP","floor":41},{"not_picked":["theMarked:ResourceFulStrike","theMarked:EmpowerWeapon+1"],"picked":"theMarked:MagicAdept","floor":42},{"not_picked":["theMarked:SuspiciousRaven","theMarked:ElectricStrings+1","theMarked:Aftermath"],"picked":"SKIP","floor":44},{"not_picked":["theMarked:RogueSparks","theMarked:Static","theMarked:ContemptForTheProud+1"],"picked":"SKIP","floor":44},{"not_picked":["theMarked:Opportunist+1","theMarked:Convert","theMarked:EmpowerWeapon+1"],"picked":"SKIP","floor":47},{"not_picked":["theMarked:WardOff+1","theMarked:EnhanceMovement","theMarked:Improvise"],"picked":"SKIP","floor":48},{"not_picked":["theMarked:Convert+1","theMarked:ResourceFulStrike","theMarked:GodGivenPower+1"],"picked":"SKIP","floor":48}],"player_experience":1056054,"relics_obtained":[{"floor":6,"key":"Bronze Scales"},{"floor":8,"key":"StuffTheSpire:EmeraldSignet"},{"floor":9,"key":"Pantograph"},{"floor":11,"key":"Gremlin Food"},{"floor":24,"key":"StuffTheSpire:SapphireSignet"},{"floor":26,"key":"Ornamental Fan"},{"floor":29,"key":"hubris:DuctTape"},{"floor":31,"key":"Prayer Wheel"},{"floor":36,"key":"theMarked:DemonDagger"},{"floor":40,"key":"Grinning Jar"},{"floor":42,"key":"conspire:GlowingRock"},{"floor":43,"key":"Replay:Rubber Ducky"},{"floor":47,"key":"Eternal Feather"}],"event_choices":[{"damage_healed":0,"gold_gain":0,"player_choice":"Grow","damage_taken":0,"max_hp_gain":0,"max_hp_loss":0,"event_name":"Living Wall","floor":2,"gold_loss":0,"cards_upgraded":["theMarked:SoldierOfQuellstein"]},{"damage_healed":0,"gold_gain":0,"player_choice":"Gave Potion","damage_taken":0,"relics_obtained":["Pet Ghost"],"max_hp_gain":0,"max_hp_loss":0,"event_name":"WeMeetAgain","floor":4,"gold_loss":0},{"damage_healed":0,"gold_gain":0,"player_choice":"Take Wound","damage_taken":0,"relics_obtained":["Golden Idol"],"max_hp_gain":0,"max_hp_loss":0,"event_name":"Golden Idol","floor":10,"gold_loss":0,"cards_obtained":["Injury"]},{"damage_healed":0,"gold_gain":1,"player_choice":"Card Relic ","damage_taken":23,"max_hp_gain":0,"max_hp_loss":0,"event_name":"betterThird:BetterScrap","floor":13,"gold_loss":0,"cards_obtained":["ReplayTheSpireMod:Limb From Limb","StuffTheSpire:TitanForm"]},{"damage_healed":0,"gold_gain":0,"player_choice":"Bought 1 Potion","damage_taken":0,"max_hp_gain":0,"max_hp_loss":0,"event_name":"The Woman in Blue","floor":19,"gold_loss":0},{"damage_healed":0,"gold_gain":0,"player_choice":"Dagger","damage_taken":6,"max_hp_gain":0,"max_hp_loss":0,"event_name":"betterThird:BetterNest","floor":21,"gold_loss":0,"cards_obtained":["RitualDagger"]},{"damage_healed":0,"gold_gain":0,"player_choice":"Relic","damage_taken":0,"max_hp_gain":0,"max_hp_loss":0,"event_name":"Wheel of Change","floor":36,"gold_loss":0},{"damage_healed":0,"gold_gain":0,"player_choice":"Ignored","damage_taken":0,"max_hp_gain":0,"max_hp_loss":0,"event_name":"OrinTheCat","floor":45,"gold_loss":0}],"is_beta":false,"boss_relics":[{"not_picked":["aspiration:FutureDiary","Coffee Dripper"],"picked":"Empty Cage"},{"not_picked":["aspiration:RitualDagger","conspire:RunicOctahedron"],"picked":"hubris:ScarierMask"}],"items_purged_floors":[0,5,14,30],"is_endless":false,"potions_floor_spawned":[3,7,16,20,27,31,35,37,40,41,42],"killed_by":"Awakened One","ascension_level":1}}