{"host":"9qh03gjyvt0jixwo","time":1609318760,"event":{"mods":["Act Like it!","BaseMod","CapriCore","Colored Map","Colored Powertips","Dota2Spire","Friendly Minions","Gensokyo","GifTheSpireLib","Highlight Path","Marisa£®ÏF”Í°°ƒß¿Ì…≥£©","Minty Spire (QoL Compilation)","Replay The Spire","StSLib"],"gold_per_floor":[117,117,67,67,78,112,112,130,130,142,142,31,31,51,51,154,154,167,167,184,184,204,204,219,234,258,286,286,36,55,69,69,165,165,181,228,128,178,0,28,28,28,53,53,53,53,53,53,53,53],"floor_reached":51,"playtime":2857,"items_purged":["Hyperbeam+1","Regret"],"score":716,"play_id":"d20a1bf3-8724-4272-a7f6-e63832788f04","local_time":"20201230165920","is_ascension_mode":false,"campfire_choices":[{"data":"Loop","floor":7,"key":"SMITH"},{"floor":15,"key":"DIG"},{"data":"Chaos","floor":23,"key":"SMITH"},{"floor":32,"key":"REST"},{"data":"Rainbow","floor":41,"key":"SMITH"},{"data":"GremboGang","floor":44,"key":"SMITH"},{"data":"Apotheosis","floor":46,"key":"SMITH"},{"floor":49,"key":"REST"}],"circlet_count":0,"master_deck":["Strike_B+1","Strike_B+1","Defend_B+1","Defend_B+1","Defend_B+1","Zap","Dualcast+1","ReplayTheSpireMod:GoodbyeWorld","Lockon","Loop+1","Chaos+1","BootSequence","Electrodynamics","Go for the Eyes+1","Storm+1","Barrage+1","GremboGang+1","Rainbow+1","Darkness+1","Buffer+1","ReplayTheSpireMod:Calculation Training+1","Ball Lightning+1","Electrodynamics","Apotheosis+1","Swift Strike","Magnetism"],"relics":["Cracked Core","NeowsBlessing","Anchor","ReplayTheSpireMod:Ring of Collecting","InkBottle","Dota2Spire:Bloodstone","Nloth\u0027s Gift","Juzu Bracelet","Ring of Shattering","Replay:Wax Seal","Astrolabe","CatCart","FossilizedHelix","Red Mask","Dota2Spire:AghanimScepter","Ring of Fury","Nunchaku"],"acts_visited":["Exordium","TheCity","TheBeyond"],"potions_floor_usage":[14,16,25,25,31,31,33],"damage_taken":[{"damage":0,"enemies":"Cultist","floor":1,"turns":1},{"damage":0,"enemies":"Small Slimes","floor":5,"turns":1},{"damage":0,"enemies":"Lagavulin","floor":6,"turns":1},{"damage":0,"enemies":"Jaw Worm","floor":8,"turns":3},{"damage":5,"enemies":"Blue Slaver","floor":10,"turns":4},{"damage":1,"enemies":"Exordium Wildlife","floor":14,"turns":3},{"damage":47,"enemies":"Slime Boss","floor":16,"turns":10},{"damage":8,"enemies":"2 Thieves","floor":18,"turns":4},{"damage":0,"enemies":"Shell Parasite","floor":20,"turns":4},{"damage":3,"enemies":"Centurion and Healer","floor":22,"turns":7},{"damage":3,"enemies":"Snecko","floor":24,"turns":4},{"damage":11,"enemies":"3 Cultists","floor":25,"turns":4},{"damage":12,"enemies":"Book of Stabbing","floor":27,"turns":4},{"damage":1,"enemies":"Snake Plant","floor":30,"turns":2},{"damage":0,"enemies":"Chosen and Byrds","floor":31,"turns":3},{"damage":43,"enemies":"Automaton","floor":33,"turns":8},{"damage":1,"enemies":"Orb Walker","floor":35,"turns":3},{"damage":1,"enemies":"Orin","floor":36,"turns":9},{"damage":0,"enemies":"Mind Bloom Boss Battle","floor":38,"turns":3},{"damage":4,"enemies":"Nemesis","floor":40,"turns":5},{"damage":139,"enemies":"Awakened One","floor":50,"turns":11}],"seed_played":"-8365100590343592962","potions_obtained":[{"floor":1,"key":"ColorlessPotion"},{"floor":8,"key":"SpeedPotion"},{"floor":10,"key":"Dota2Spire:Clarity"},{"floor":14,"key":"Reflective Coating"},{"floor":22,"key":"Weak Potion"},{"floor":24,"key":"ColorlessPotion"},{"floor":25,"key":"Dota2Spire:HealingSalve"},{"floor":30,"key":"Fire Potion"},{"floor":40,"key":"FairyPotion"}],"is_trial":false,"path_per_floor":["M","?","?","?","M","E","R","M","T","M","?","$","?","M","R_BF","B",null,"M","?","M","?","M","R","M","M","T","E","?","?","M","M","R","B",null,"M","?","$","?","?","E","R","?","T","R","?","R","?","?","R","B",null],"character_chosen":"DEFECT","items_purchased":["Hello World"],"campfire_rested":2,"item_purchase_floors":[12],"current_hp_per_floor":[75,75,75,60,60,60,60,60,60,55,55,55,55,54,54,7,75,67,67,67,67,64,64,61,50,50,38,24,24,23,29,53,31,80,79,78,78,78,78,74,74,80,80,80,70,70,70,70,80,2],"gold":53,"neow_bonus":"THREE_ENEMY_KILL","is_daily":false,"chose_seed":false,"campfire_upgraded":5,"win_rate":0.0,"timestamp":1609318760,"path_taken":["M","?","?","?","?","E","R","M","T","M","?","$","?","M","R_BF","BOSS","M","?","M","?","M","R","?","M","T","E","?","?","M","M","R","BOSS","M","?","$","?","?","E","R","?","T","R","?","R","?","?","R","BOSS"],"items_purchased_type":["Card"],"build_version":"2020-12-22","purchased_purges":2,"victory":true,"max_hp_per_floor":[75,75,75,75,75,75,75,75,75,75,75,75,75,75,75,75,75,75,75,75,75,75,75,75,75,75,75,80,80,80,80,80,80,80,80,80,80,80,80,80,80,80,80,80,80,80,80,80,80,80],"card_choices":[{"not_picked":["FTL","Hologram"],"picked":"ReplayTheSpireMod:GoodbyeWorld","floor":1},{"not_picked":["Go for the Eyes","Lockon"],"picked":"Loop","floor":5},{"not_picked":["Gash","Double Energy"],"picked":"Beam Cell","floor":6},{"not_picked":["Hello World","Hologram"],"picked":"Coolheaded","floor":8},{"not_picked":["Undo","ReplayTheSpireMod:Calculation Training"],"picked":"Chaos","floor":10},{"not_picked":["Coolheaded","Go for the Eyes"],"picked":"BootSequence","floor":14},{"not_picked":["Thunder Strike","Echo Form"],"picked":"Electrodynamics","floor":16},{"not_picked":["Recycle","Cold Snap"],"picked":"Go for the Eyes+1","floor":18},{"not_picked":["Steam+1","Compile Driver","Double Energy"],"picked":"SKIP","floor":20},{"not_picked":["Cold Snap","Reinforced Body"],"picked":"Storm+1","floor":22},{"not_picked":["Beam Cell","ReplaySort"],"picked":"Barrage+1","floor":24},{"not_picked":["Turbo","FTL+1","Undo+1"],"picked":"SKIP","floor":25},{"not_picked":["Undo","Leap","ReplayTheSpireMod:Omega Cannon"],"picked":"SKIP","floor":27},{"not_picked":["ReplayTheSpireMod:Reroute Power","Recycle","Sunder"],"picked":"SKIP","floor":30},{"not_picked":["Recycle","Melter","Glacier"],"picked":"SKIP","floor":31},{"not_picked":["Thunder Strike","Meteor Strike"],"picked":"Rainbow","floor":33},{"not_picked":["Compile Driver+1","Streamline+1"],"picked":"ReplayTheSpireMod:Calculation Training+1","floor":35},{"not_picked":["ReplayTheSpireMod:GoodbyeWorld+1","BasicCrystalCard"],"picked":"Ball Lightning+1","floor":38},{"not_picked":["BasicCrystalCard+1","ReplayTheSpireMod:GoodbyeWorld+1"],"picked":"Electrodynamics","floor":40},{"not_picked":["Thinking Ahead","Replay:Bootleg Shield Generator"],"picked":"Apotheosis","floor":45},{"not_picked":["Master of Strategy","Replay:BasicMightCard"],"picked":"Swift Strike","floor":45},{"not_picked":["Panacea","Replay:Sssssssssstrike"],"picked":"Magnetism","floor":45}],"player_experience":219666,"relics_obtained":[{"floor":6,"key":"Replay:Bottled Snecko"},{"floor":9,"key":"Anchor"},{"floor":13,"key":"ReplayTheSpireMod:Ring of Collecting"},{"floor":15,"key":"InkBottle"},{"floor":26,"key":"Juzu Bracelet"},{"floor":26,"key":"Ring of Shattering"},{"floor":27,"key":"Replay:Wax Seal"},{"floor":36,"key":"CatCart"},{"floor":38,"key":"FossilizedHelix"},{"floor":40,"key":"Dota2Spire:AghanimScepter"},{"floor":43,"key":"Ring of Fury"},{"floor":43,"key":"Nunchaku"}],"event_choices":[{"damage_healed":0,"gold_gain":0,"cards_transformed":["Strike_B"],"player_choice":"Change","damage_taken":0,"max_hp_gain":0,"max_hp_loss":0,"event_name":"Living Wall","floor":2,"gold_loss":0,"cards_obtained":["Lockon"]},{"cards_removed":["Defend_B"],"damage_healed":0,"gold_gain":0,"player_choice":"Card Removal","damage_taken":0,"max_hp_gain":0,"max_hp_loss":0,"event_name":"The Cleric","floor":3,"gold_loss":50},{"damage_healed":0,"gold_gain":0,"player_choice":"Entered Light","damage_taken":15,"max_hp_gain":0,"max_hp_loss":0,"event_name":"Shining Light","floor":4,"gold_loss":0,"cards_upgraded":["Dualcast","Defend_B"]},{"damage_healed":0,"gold_gain":0,"player_choice":"Simplicity","damage_taken":0,"max_hp_gain":0,"max_hp_loss":0,"event_name":"Back to Basics","floor":19,"gold_loss":0,"cards_upgraded":["Strike_B","Strike_B","Strike_B","Defend_B","Defend_B"]},{"damage_healed":0,"gold_gain":0,"player_choice":"Traded Relic","damage_taken":0,"relics_obtained":["Nloth\u0027s Gift"],"max_hp_gain":0,"max_hp_loss":0,"event_name":"N\u0027loth","floor":21,"relics_lost":["Replay:Bottled Snecko"],"gold_loss":0},{"damage_healed":0,"gold_gain":0,"player_choice":"Shed Blood","damage_taken":19,"max_hp_gain":5,"max_hp_loss":0,"event_name":"Forgotten Altar","floor":28,"gold_loss":0},{"damage_healed":0,"gold_gain":0,"player_choice":"Fight","damage_taken":0,"max_hp_gain":0,"max_hp_loss":0,"event_name":"OrinTheCat","floor":36,"gold_loss":0},{"damage_healed":0,"gold_gain":0,"player_choice":"Fight","damage_taken":0,"max_hp_gain":0,"max_hp_loss":0,"event_name":"MindBloom","floor":38,"gold_loss":0},{"damage_healed":0,"gold_gain":0,"player_choice":"Paid","damage_taken":0,"relics_obtained":["Red Mask"],"max_hp_gain":0,"max_hp_loss":0,"event_name":"Tomb of Lord Red Mask","floor":39,"gold_loss":178},{"damage_healed":6,"gold_gain":0,"player_choice":"Full Heal","damage_taken":0,"max_hp_gain":0,"max_hp_loss":0,"event_name":"Wheel of Change","floor":42,"gold_loss":0},{"damage_healed":0,"gold_gain":0,"player_choice":"Memory 3","damage_taken":10,"max_hp_gain":0,"max_hp_loss":0,"event_name":"SensoryStone","floor":45,"gold_loss":0},{"damage_healed":0,"gold_gain":0,"player_choice":"Ignored","damage_taken":0,"max_hp_gain":0,"max_hp_loss":0,"event_name":"Mysterious Sphere","floor":47,"gold_loss":0},{"cards_removed":["Strike_B"],"damage_healed":0,"gold_gain":0,"player_choice":"Removed Attack","damage_taken":0,"max_hp_gain":0,"max_hp_loss":0,"event_name":"Falling","floor":48,"gold_loss":0}],"is_beta":false,"boss_relics":[{"not_picked":["Painkiller Herb","FrozenCore"],"picked":"Dota2Spire:Bloodstone"},{"not_picked":["Velvet Choker","Snecko Eye"],"picked":"Astrolabe"}],"items_purged_floors":[12,37],"is_endless":false,"potions_floor_spawned":[1,8,10,14,22,24,25,30,40],"ascension_level":0}}