{"host":"873t0y8ybyo38pfq","time":1609293217,"event":{"mods":["BaseMod","Bestiary","Colored Map","Colored Powertips","Highlight Path","Minty Spire (QoL Compilation)","Quick Restart","RNG Fix","Rare Cards Sparkle","Relic Stats","StSLib"],"gold_per_floor":[111,111,125,144,161,194,194,219,244,244,0,0,0,18,18,92,92,105,105,105,9,25,60,60,71,97,112,129,146,146,163,163,242,242,257,257,257],"floor_reached":36,"playtime":1294,"items_purged":[],"score":917,"play_id":"c5fac3eb-32d9-4142-a5ca-cd06ccabac03","local_time":"20201229205337","is_ascension_mode":true,"campfire_choices":[{"data":"Corpse Explosion","floor":7,"key":"SMITH"},{"data":"Footwork","floor":10,"key":"SMITH"},{"floor":13,"key":"REST"},{"data":"Noxious Fumes","floor":15,"key":"SMITH"},{"data":"Catalyst","floor":24,"key":"SMITH"},{"floor":30,"key":"REST"},{"floor":32,"key":"REST"}],"circlet_count":0,"master_deck":["AscendersBane","Defend_G","Defend_G","Defend_G","Defend_G","Defend_G","Survivor","Neutralize","Swift Strike+1","All Out Attack+1","Blade Dance","Footwork+1","Corpse Explosion+1","Cloak And Dagger","Leg Sweep+1","Noxious Fumes+1","Catalyst+1","Blur","Catalyst","Adrenaline","Bite","Bite","Bite","Bite","Bite","Leg Sweep","Well Laid Plans+1","Escape Plan","Outmaneuver","Wraith Form v2+1","CurseOfTheBell"],"relics":["Ring of the Snake","Orichalcum","Oddly Smooth Stone","Bag of Marbles","Busted Crown","Nilry\u0027s Codex","Frozen Egg 2","Calling Bell","Happy Flower","Shuriken","Peace Pipe"],"acts_visited":["Exordium","TheCity","TheBeyond"],"potions_floor_usage":[6,8,16,16,23,27,33,33,36],"damage_taken":[{"damage":2,"enemies":"2 Louse","floor":1,"turns":4},{"damage":0,"enemies":"Small Slimes","floor":3,"turns":2},{"damage":2,"enemies":"Jaw Worm","floor":4,"turns":3},{"damage":4,"enemies":"Exordium Thugs","floor":5,"turns":6},{"damage":5,"enemies":"3 Sentries","floor":6,"turns":3},{"damage":0,"enemies":"Lagavulin","floor":8,"turns":6},{"damage":0,"enemies":"Gremlin Gang","floor":14,"turns":2},{"damage":24,"enemies":"Slime Boss","floor":16,"turns":8},{"damage":0,"enemies":"2 Thieves","floor":18,"turns":1},{"damage":4,"enemies":"Shell Parasite","floor":22,"turns":6},{"damage":27,"enemies":"Book of Stabbing","floor":23,"turns":7},{"damage":0,"enemies":"Sentry and Sphere","floor":25,"turns":9},{"damage":1,"enemies":"Centurion and Healer","floor":27,"turns":5},{"damage":16,"enemies":"Shelled Parasite and Fungi","floor":28,"turns":8},{"damage":38,"enemies":"Cultist and Chosen","floor":29,"turns":6},{"damage":20,"enemies":"Chosen and Byrds","floor":31,"turns":5},{"damage":14,"enemies":"Automaton","floor":33,"turns":8},{"damage":13,"enemies":"Orb Walker","floor":35,"turns":5},{"damage":40,"enemies":"2 Orb Walkers","floor":36,"turns":3}],"seed_played":"542088256164761513","potions_obtained":[{"floor":3,"key":"Explosive Potion"},{"floor":5,"key":"BlessingOfTheForge"},{"floor":6,"key":"SkillPotion"},{"floor":14,"key":"Explosive Potion"},{"floor":25,"key":"Swift Potion"},{"floor":28,"key":"SteroidPotion"},{"floor":31,"key":"PowerPotion"},{"floor":33,"key":"AttackPotion"},{"floor":35,"key":"Ancient Potion"}],"is_trial":false,"path_per_floor":["M","?","M","M","M","E","R","E","T","R","$","?","R","M","R","B",null,"M","?","?","$","M","E","R","M","T","M","M","M","R","M","R","B",null,"M","?"],"character_chosen":"THE_SILENT","items_purchased":["Noxious Fumes","Catalyst","Blur","Leg Sweep","Swift Potion"],"campfire_rested":3,"item_purchase_floors":[11,11,11,21,21],"current_hp_per_floor":[57,57,57,55,51,46,46,46,46,46,46,26,45,45,45,21,55,55,46,25,25,37,22,22,42,42,46,40,12,25,15,28,32,43,33,0,0],"gold":257,"neow_bonus":"RANDOM_COLORLESS","is_daily":false,"chose_seed":false,"campfire_upgraded":4,"win_rate":0.0,"timestamp":1609293217,"path_taken":["M","?","?","M","M","E","R","E","T","R","?","?","R","M","R","BOSS","M","?","?","?","?","E","R","M","T","M","M","M","R","M","R","BOSS","M","?"],"items_purchased_type":["Card","Card","Card","Card","Potion"],"build_version":"2020-12-22","purchased_purges":0,"victory":false,"max_hp_per_floor":[66,66,66,66,66,66,66,66,66,66,66,66,66,66,66,66,66,66,46,46,46,46,46,46,46,46,46,46,46,46,46,46,46,46,46,46,46],"relic_stats":{"Peace Pipe":0,"Busted Crown":22,"Happy Flower":[2],"counters":[19,97],"Shuriken":[5],"Orichalcum":[120],"obtain_stats":[{"Calling Bell":34,"Peace Pipe":34,"Busted Crown":17,"Happy Flower":34,"Nilry\u0027s Codex":20,"Shuriken":34,"Oddly Smooth Stone":8,"Bag of Marbles":9,"Orichalcum":6,"Frozen Egg 2":23,"Ring of the Snake":0},{"Calling Bell":17,"Peace Pipe":17,"Busted Crown":8,"Happy Flower":17,"Nilry\u0027s Codex":9,"Shuriken":17,"Oddly Smooth Stone":6,"Bag of Marbles":6,"Orichalcum":5,"Frozen Egg 2":11,"Ring of the Snake":0},{"Calling Bell":89,"Peace Pipe":89,"Busted Crown":34,"Happy Flower":89,"Nilry\u0027s Codex":35,"Shuriken":89,"Oddly Smooth Stone":24,"Bag of Marbles":24,"Orichalcum":18,"Frozen Egg 2":48,"Ring of the Snake":0}],"Ring of the Snake":[38]},"card_choices":[{"not_picked":["Panacea","Trip"],"picked":"Swift Strike","floor":0},{"not_picked":["Underhanded Strike","Concentrate"],"picked":"All Out Attack","floor":1},{"not_picked":["PiercingWail","Outmaneuver"],"picked":"Blade Dance","floor":3},{"not_picked":["PiercingWail","Acrobatics"],"picked":"Footwork","floor":4},{"not_picked":["Deflect","Finisher"],"picked":"Corpse Explosion","floor":5},{"not_picked":["Prepared","Blade Dance"],"picked":"Cloak And Dagger","floor":6},{"not_picked":["Bane","Escape Plan"],"picked":"Leg Sweep","floor":8},{"not_picked":["Terror","Flying Knee"],"picked":"Catalyst","floor":14},{"not_picked":["Grand Finale","Phantasmal Killer"],"picked":"Adrenaline","floor":16},{"not_picked":["Reflex"],"picked":"SKIP","floor":18},{"not_picked":["Flechettes"],"picked":"SKIP","floor":22},{"not_picked":[],"picked":"Well Laid Plans+1","floor":23},{"not_picked":[],"picked":"Escape Plan","floor":25},{"not_picked":[],"picked":"Outmaneuver","floor":27},{"not_picked":["Concentrate"],"picked":"SKIP","floor":28},{"not_picked":["Flying Knee"],"picked":"SKIP","floor":29},{"not_picked":["Outmaneuver"],"picked":"SKIP","floor":31},{"not_picked":[],"picked":"Wraith Form v2+1","floor":33},{"not_picked":["Deadly Poison"],"picked":"SKIP","floor":35}],"player_experience":1407345,"relics_obtained":[{"floor":6,"key":"Orichalcum"},{"floor":8,"key":"Oddly Smooth Stone"},{"floor":9,"key":"Bag of Marbles"},{"floor":20,"key":"Nilry\u0027s Codex"},{"floor":23,"key":"Frozen Egg 2"},{"floor":34,"key":"Happy Flower"},{"floor":34,"key":"Shuriken"},{"floor":34,"key":"Peace Pipe"}],"event_choices":[{"damage_healed":0,"gold_gain":0,"player_choice":"Upgraded","damage_taken":0,"max_hp_gain":0,"max_hp_loss":0,"event_name":"Upgrade Shrine","floor":2,"gold_loss":0,"cards_upgraded":["Swift Strike"]},{"damage_healed":0,"gold_gain":0,"player_choice":"Entered Light","damage_taken":20,"max_hp_gain":0,"max_hp_loss":0,"event_name":"Shining Light","floor":12,"gold_loss":0,"cards_upgraded":["Leg Sweep","All Out Attack"]},{"damage_healed":0,"gold_gain":0,"player_choice":"Became a vampire","damage_taken":0,"max_hp_gain":0,"max_hp_loss":20,"event_name":"Vampires","floor":19,"gold_loss":0,"cards_obtained":["Bite","Bite","Bite","Bite","Bite"]},{"damage_healed":0,"gold_gain":0,"player_choice":"Obtained Book","damage_taken":21,"max_hp_gain":0,"max_hp_loss":0,"event_name":"Cursed Tome","floor":20,"gold_loss":0},{"damage_healed":0,"gold_gain":0,"player_choice":"Fight","damage_taken":0,"max_hp_gain":0,"max_hp_loss":0,"event_name":"Mysterious Sphere","floor":36,"gold_loss":0}],"is_beta":false,"boss_relics":[{"not_picked":["Snecko Eye","WristBlade"],"picked":"Busted Crown"},{"not_picked":["Black Star","SacredBark"],"picked":"Calling Bell"}],"items_purged_floors":[],"is_endless":false,"potions_floor_spawned":[3,5,6,14,25,28,31,33,35],"killed_by":"2 Orb Walkers","ascension_level":20}}