{"host":"2tgyrzvaa7l04o2e","time":1609342921,"event":{"mods":["BaseMod","Highlight Path","Minty Spire (QoL Compilation)","Permanent Neow","Relic Stats"],"gold_per_floor":[109,128,12,30,49,49,69,69,69],"floor_reached":8,"playtime":350,"items_purged":["Injury"],"score":100,"play_id":"0ef968a1-2f4a-4bb1-af0b-c0e2bf98c7dc","local_time":"20201230164201","is_ascension_mode":true,"campfire_choices":[{"data":"Neutralize","floor":6,"key":"SMITH"}],"circlet_count":0,"master_deck":["AscendersBane","Strike_G","Strike_G","Strike_G","Strike_G","Strike_G","Defend_G","Defend_G","Defend_G","Defend_G","Defend_G","Survivor","Neutralize+1","Deadly Poison","Cloak And Dagger","Footwork","Infinite Blades","Backflip"],"relics":["Ring of the Snake","Peace Pipe"],"acts_visited":["Exordium"],"potions_floor_usage":[],"damage_taken":[{"damage":1,"enemies":"2 Louse","floor":1,"turns":3},{"damage":7,"enemies":"Jaw Worm","floor":2,"turns":5},{"damage":0,"enemies":"Small Slimes","floor":4,"turns":3},{"damage":3,"enemies":"Exordium Wildlife","floor":5,"turns":5},{"damage":14,"enemies":"Looter","floor":7,"turns":4},{"damage":43,"enemies":"Gremlin Nob","floor":8,"turns":4}],"seed_played":"-3209293519563599030","potions_obtained":[{"floor":2,"key":"Swift Potion"}],"is_trial":false,"path_per_floor":["M","M","$","M","M","R","M","E"],"character_chosen":"THE_SILENT","items_purchased":["Footwork"],"campfire_rested":0,"item_purchase_floors":[3],"current_hp_per_floor":[58,51,51,51,48,48,34,0,0],"gold":69,"neow_bonus":"ONE_RARE_RELIC","is_daily":false,"chose_seed":false,"campfire_upgraded":1,"win_rate":0.0,"timestamp":1609342921,"path_taken":["M","M","$","M","M","R","M","E"],"items_purchased_type":["Card"],"build_version":"2020-12-22","purchased_purges":1,"victory":false,"max_hp_per_floor":[66,66,66,66,66,66,66,66,66],"relic_stats":{"Peace Pipe":0,"counters":[6,24],"obtain_stats":[{"Peace Pipe":0,"Ring of the Snake":0},{"Peace Pipe":0,"Ring of the Snake":0},{"Peace Pipe":0,"Ring of the Snake":0}],"Ring of the Snake":[12]},"card_choices":[{"not_picked":["Infinite Blades","Outmaneuver"],"picked":"Deadly Poison","floor":1},{"not_picked":["Escape Plan","Sucker Punch"],"picked":"Cloak And Dagger","floor":2},{"not_picked":["Calculated Gamble","Tactician"],"picked":"Infinite Blades","floor":4},{"not_picked":["Dagger Throw","Envenom","Flying Knee"],"picked":"SKIP","floor":5},{"not_picked":["Sucker Punch","Eviscerate"],"picked":"Backflip","floor":7}],"player_experience":543025,"relics_obtained":[],"event_choices":[],"is_beta":false,"boss_relics":[],"items_purged_floors":[3],"is_endless":false,"potions_floor_spawned":[2],"killed_by":"Gremlin Nob","ascension_level":20}}