{"host":"w5ovz9boloi14a0g","time":1609312485,"event":{"mods":["BaseMod","Googly Eyes","Minty Spire (QoL Compilation)","StSLib","SuperFastMode"],"gold_per_floor":[109,109,128,128,143,170,170,204,204,204,204,214,214,53,53,155,155,167,180,180,196,47,47,47],"floor_reached":23,"playtime":534,"items_purged":["Doubt"],"score":229,"play_id":"eba49a74-311a-4a76-a7da-bb685c92931b","local_time":"20201230011445","is_ascension_mode":true,"campfire_choices":[{"data":"Bouncing Flask","floor":7,"key":"SMITH"},{"floor":10,"key":"REST"},{"floor":13,"key":"REST"},{"data":"Neutralize","floor":15,"key":"SMITH"}],"circlet_count":0,"master_deck":["Strike_G","Strike_G","Strike_G","Strike_G","Strike_G","Defend_G","Defend_G","Defend_G","Defend_G","Defend_G","Survivor","Neutralize+1","Bouncing Flask+1","Writhe","Poisoned Stab","Escape Plan","Jack Of All Trades","Blur","Calculated Gamble","Phantasmal Killer","Flying Knee"],"relics":["Cursed Key","Kunai","Akabeko","Tingsha","Lantern","GremlinMask","Runic Pyramid","Lee\u0027s Waffle"],"acts_visited":["Exordium","TheCity"],"potions_floor_usage":[],"damage_taken":[{"damage":5,"enemies":"2 Louse","floor":1,"turns":3},{"damage":0,"enemies":"Jaw Worm","floor":3,"turns":3},{"damage":1,"enemies":"Cultist","floor":5,"turns":4},{"damage":13,"enemies":"Lagavulin","floor":6,"turns":5},{"damage":22,"enemies":"Gremlin Nob","floor":8,"turns":4},{"damage":14,"enemies":"Lots of Slimes","floor":12,"turns":5},{"damage":14,"enemies":"The Guardian","floor":16,"turns":9},{"damage":6,"enemies":"Chosen","floor":18,"turns":5},{"damage":9,"enemies":"3 Byrds","floor":19,"turns":5},{"damage":21,"enemies":"Centurion and Healer","floor":21,"turns":8},{"damage":88,"enemies":"Gremlin Leader","floor":23,"turns":9}],"seed_played":"4809344076906734402","potions_obtained":[{"floor":5,"key":"DuplicationPotion"},{"floor":8,"key":"SpeedPotion"},{"floor":16,"key":"SteroidPotion"},{"floor":19,"key":"GhostInAJar"}],"is_trial":false,"path_per_floor":["M","?","M","T","M","E","R","E","T","R","?","M","R","$","R","B",null,"M","M","?","M","$","E"],"character_chosen":"THE_SILENT","items_purchased":["Jack Of All Trades","Lee\u0027s Waffle"],"campfire_rested":2,"item_purchase_floors":[14,22],"current_hp_per_floor":[65,65,65,65,64,51,51,29,29,50,50,36,57,57,57,43,70,64,55,55,34,77,0,0],"gold":47,"neow_bonus":"BOSS_RELIC","is_daily":false,"chose_seed":false,"campfire_upgraded":2,"win_rate":0.0,"timestamp":1609312485,"path_taken":["M","?","M","?","M","E","R","E","T","R","?","M","R","$","R","BOSS","M","M","?","?","$","E"],"items_purchased_type":["Card","Relic"],"build_version":"2020-12-22","purchased_purges":1,"victory":false,"max_hp_per_floor":[70,70,70,70,70,70,70,70,70,70,70,70,70,70,70,70,70,70,70,70,70,77,77,77],"card_choices":[{"not_picked":["Sucker Punch","Dash"],"picked":"Bouncing Flask","floor":1},{"not_picked":["PiercingWail","Dagger Throw","Backflip"],"picked":"SKIP","floor":3},{"not_picked":["Underhanded Strike","Distraction","Flechettes"],"picked":"SKIP","floor":5},{"not_picked":["Dagger Spray","Blur"],"picked":"Poisoned Stab","floor":6},{"not_picked":["Tactician","Dagger Spray","Malaise"],"picked":"SKIP","floor":8},{"not_picked":["PiercingWail","Slice"],"picked":"Escape Plan","floor":12},{"not_picked":["Deadly Poison","Flechettes"],"picked":"Blur","floor":18},{"not_picked":["Blade Dance+1","Dagger Throw+1"],"picked":"Calculated Gamble","floor":19},{"not_picked":["Dodge and Roll","Dagger Spray"],"picked":"Flying Knee","floor":21}],"player_experience":49959,"relics_obtained":[{"floor":4,"key":"Kunai"},{"floor":6,"key":"Akabeko"},{"floor":8,"key":"Tingsha"},{"floor":9,"key":"Lantern"}],"event_choices":[{"damage_healed":0,"gold_gain":0,"player_choice":"Ignored","damage_taken":0,"max_hp_gain":0,"max_hp_loss":0,"event_name":"Golden Wing","floor":2,"gold_loss":0},{"damage_healed":0,"gold_gain":0,"player_choice":"Trade","damage_taken":0,"relics_obtained":["GremlinMask"],"max_hp_gain":0,"max_hp_loss":0,"event_name":"FaceTrader","floor":11,"gold_loss":0},{"damage_healed":0,"gold_gain":0,"player_choice":"1 cards matched","damage_taken":0,"max_hp_gain":0,"max_hp_loss":0,"event_name":"Match and Keep!","floor":20,"gold_loss":0,"cards_obtained":["Phantasmal Killer"]}],"is_beta":false,"boss_relics":[{"not_picked":["HoveringKite","Fusion Hammer"],"picked":"Runic Pyramid"}],"items_purged_floors":[14],"is_endless":false,"potions_floor_spawned":[5,8,16,19,21],"killed_by":"Gremlin Leader","ascension_level":3}}