{"host":"36mulxq349byzoa2","time":1609369302,"event":{"mods":["AchievementEnabler","BaseMod","Better Match","Block Reminder","Colored Map","Colored Powertips","Minty Spire (QoL Compilation)","Rare Cards Sparkle","StSLib","SuperFastMode"],"gold_per_floor":[117,42,61,61,61,92,110,137,185,185,185,185,185,209,209,302,365,379,0,20,20,20,61,61,81,81,81,81],"floor_reached":27,"playtime":818,"items_purged":["Strike_G"],"score":464,"play_id":"be76ef23-0733-4c6d-a76a-b214622a1116","local_time":"20201230180142","is_ascension_mode":true,"campfire_choices":[{"data":"Eviscerate","floor":10,"key":"SMITH"},{"data":"Neutralize","floor":13,"key":"SMITH"},{"floor":15,"key":"REST"}],"circlet_count":0,"master_deck":["AscendersBane","Strike_G+1","Strike_G","Strike_G","Defend_G+1","Defend_G","Defend_G","Defend_G","Survivor","Neutralize+1","Dagger Throw+1","Dagger Throw","Backstab","Eviscerate+1","Dodge and Roll","Cloak And Dagger","Die Die Die","Concentrate","Underhanded Strike","Well Laid Plans","Eviscerate","Prepared","Acrobatics"],"relics":["Ring of the Snake","NeowsBlessing","Blue Candle","Snake Skull","Dream Catcher","Golden Idol","Tiny House","HandDrill","Red Mask","White Beast Statue"],"acts_visited":["Exordium","TheCity"],"potions_floor_usage":[8,20,27],"damage_taken":[{"damage":0,"enemies":"Jaw Worm","floor":1,"turns":1},{"damage":0,"enemies":"Small Slimes","floor":3,"turns":1},{"damage":0,"enemies":"Lagavulin","floor":6,"turns":1},{"damage":4,"enemies":"2 Louse","floor":7,"turns":4},{"damage":8,"enemies":"Gremlin Nob","floor":8,"turns":3},{"damage":4,"enemies":"Large Slime","floor":14,"turns":5},{"damage":43,"enemies":"The Guardian","floor":16,"turns":17},{"damage":11,"enemies":"Spheric Guardian","floor":18,"turns":3},{"damage":0,"enemies":"Shell Parasite","floor":20,"turns":2},{"damage":14,"enemies":"Masked Bandits","floor":23,"turns":4},{"damage":18,"enemies":"Snake Plant","floor":25,"turns":2},{"damage":21,"enemies":"Sentry and Sphere","floor":27,"turns":4}],"seed_played":"3986546082394981836","potions_obtained":[{"floor":6,"key":"Fire Potion"},{"floor":17,"key":"DistilledChaos"},{"floor":23,"key":"Fire Potion"}],"is_trial":false,"path_per_floor":["M","?","M","?","$","E","M","E","T","R","?","?","R","M","R","B",null,"M","$","M","$","?","?","?","M","T","M"],"character_chosen":"THE_SILENT","items_purchased":["Underhanded Strike","HandDrill","Well Laid Plans"],"campfire_rested":1,"item_purchase_floors":[19,19,19],"current_hp_per_floor":[59,59,59,64,64,64,60,52,52,52,52,33,33,29,48,5,54,43,43,43,43,43,29,29,11,11,0,0],"gold":81,"neow_bonus":"THREE_ENEMY_KILL","is_daily":false,"chose_seed":false,"campfire_upgraded":2,"win_rate":0.0,"timestamp":1609369302,"path_taken":["M","?","M","?","$","E","M","E","T","R","?","?","R","M","R","BOSS","M","$","M","$","?","?","?","M","T","?"],"items_purchased_type":["Card","Relic","Card"],"build_version":"2020-12-22","purchased_purges":1,"victory":false,"max_hp_per_floor":[66,66,66,71,71,71,71,71,71,71,64,64,64,64,64,64,69,69,69,69,69,69,69,69,69,69,69,69],"card_choices":[{"not_picked":["Deflect","Prepared"],"picked":"Dagger Throw","floor":1},{"not_picked":["Dodge and Roll","Blur","Cloak And Dagger"],"picked":"SKIP","floor":3},{"not_picked":["Backstab","Dodge and Roll"],"picked":"Dagger Throw","floor":6},{"not_picked":["Deflect","Infinite Blades"],"picked":"Backstab","floor":7},{"not_picked":["Dagger Throw","Backflip"],"picked":"Eviscerate","floor":8},{"not_picked":["Blade Dance","Doppelganger"],"picked":"Dodge and Roll","floor":14},{"not_picked":["Outmaneuver","Acrobatics"],"picked":"Cloak And Dagger","floor":15},{"not_picked":["Burst","Night Terror"],"picked":"Die Die Die","floor":16},{"not_picked":["Well Laid Plans","Blade Dance+1"],"picked":"Concentrate","floor":18},{"not_picked":["Cloak And Dagger","Tactician"],"picked":"Eviscerate","floor":20},{"not_picked":["Catalyst","Bouncing Flask"],"picked":"Acrobatics","floor":25}],"player_experience":987731,"relics_obtained":[{"floor":6,"key":"Blue Candle"},{"floor":8,"key":"Snake Skull"},{"floor":9,"key":"Dream Catcher"},{"floor":23,"key":"Red Mask"},{"floor":26,"key":"White Beast Statue"}],"event_choices":[{"cards_removed":["Defend_G"],"damage_healed":0,"gold_gain":0,"player_choice":"Card Removal","damage_taken":0,"max_hp_gain":0,"max_hp_loss":0,"event_name":"The Cleric","floor":2,"gold_loss":75},{"damage_healed":0,"gold_gain":0,"player_choice":"Donut","damage_taken":0,"max_hp_gain":5,"max_hp_loss":0,"event_name":"Big Fish","floor":4,"gold_loss":0},{"damage_healed":0,"gold_gain":0,"player_choice":"Lose Max HP","damage_taken":0,"relics_obtained":["Golden Idol"],"max_hp_gain":0,"max_hp_loss":7,"event_name":"Golden Idol","floor":11,"gold_loss":0},{"damage_healed":0,"gold_gain":0,"player_choice":"Entered Light","damage_taken":19,"max_hp_gain":0,"max_hp_loss":0,"event_name":"Shining Light","floor":12,"gold_loss":0,"cards_upgraded":["Dagger Throw","Strike_G"]},{"damage_healed":0,"gold_gain":0,"player_choice":"Read","damage_taken":0,"max_hp_gain":0,"max_hp_loss":0,"event_name":"The Library","floor":22,"gold_loss":0,"cards_obtained":["Prepared"]},{"damage_healed":0,"gold_gain":0,"player_choice":"Fought Bandits","damage_taken":0,"max_hp_gain":0,"max_hp_loss":0,"event_name":"Masked Bandits","floor":23,"gold_loss":0},{"cards_removed":["Strike_G"],"damage_healed":0,"gold_gain":0,"player_choice":"Elegance","damage_taken":0,"max_hp_gain":0,"max_hp_loss":0,"event_name":"Back to Basics","floor":24,"gold_loss":0}],"is_beta":false,"boss_relics":[{"not_picked":["Busted Crown","SacredBark"],"picked":"Tiny House"}],"items_purged_floors":[19],"is_endless":false,"potions_floor_spawned":[6,23],"killed_by":"Sentry and Sphere","ascension_level":18}}