{"host":"6wux4armhsntp4yb","time":1609300360,"event":{"mods":["BaseMod","Colored Map","DeckTracker","Minty Spire (QoL Compilation)","Relic Stats"],"gold_per_floor":[217,217,292,307,324,324,324,324,396,416,93,118,43,17,17,89,89,109,121,121,18,18,52,52,79,102,121,121,139,139,165,165,242,242,253,269,289,9,28,28,58,73,73,73,101,121,146,160,160,160,160,160,160,0,34,34],"floor_reached":57,"playtime":6746,"items_purged":["Strike_G"],"score":3200,"play_id":"ca312980-c6ac-4aac-a94a-f33752b4cb74","local_time":"20201230125240","is_ascension_mode":true,"campfire_choices":[{"data":"Neutralize","floor":6.0,"key":"SMITH"},{"data":"Predator","floor":8.0,"key":"SMITH"},{"data":"Calculated Gamble","floor":15.0,"key":"SMITH"},{"data":"Deep Breath","floor":24.0,"key":"SMITH"},{"data":"Tactician","floor":30.0,"key":"SMITH"},{"data":"Calculated Gamble","floor":32.0,"key":"SMITH"},{"data":"Acrobatics","floor":40.0,"key":"SMITH"},{"data":"Prepared","floor":44.0,"key":"SMITH"},{"floor":49.0,"key":"RECALL"},{"data":"Adrenaline","floor":53.0,"key":"SMITH"}],"circlet_count":0,"master_deck":["AscendersBane","Survivor","Neutralize+1","Dagger Throw","Predator+1","Calculated Gamble+1","Dagger Throw","Tactician+1","Heel Hook","Backflip","Tools of the Trade+1","Heel Hook+1","Crippling Poison","Dodge and Roll","Slice","Infinite Blades+1","Adrenaline+1","PiercingWail","Quick Slash","Deep Breath+1","Eviscerate+1","Backflip","Calculated Gamble+1","Prepared+1","Tools of the Trade+1","Wraith Form v2+1","Acrobatics+1","Blur","Venomology","Well Laid Plans+1","PiercingWail","PiercingWail","Malaise"],"relics":["Ring of the Snake","Letter Opener","Frozen Egg 2","TheAbacus","Incense Burner","Pandora\u0027s Box","Meat on the Bone","Ancient Tea Set","Anchor","Whetstone","Dream Catcher","Lantern","HoveringKite","Toy Ornithopter","Prayer Wheel","Molten Egg 2","Centennial Puzzle","Ornamental Fan","Medical Kit","Bottled Tornado"],"acts_visited":["Exordium","TheCity","TheBeyond","TheEnding"],"potions_floor_usage":[56,56],"damage_taken":[{"damage":7.0,"enemies":"Jaw Worm","floor":1.0,"turns":7.0},{"damage":0.0,"enemies":"2 Louse","floor":4.0,"turns":4.0},{"damage":0.0,"enemies":"Cultist","floor":5.0,"turns":3.0},{"damage":5.0,"enemies":"Exordium Thugs","floor":10.0,"turns":7.0},{"damage":10.0,"enemies":"3 Sentries","floor":12.0,"turns":8.0},{"damage":28.0,"enemies":"Hexaghost","floor":16.0,"turns":10.0},{"damage":0.0,"enemies":"Chosen","floor":18.0,"turns":3.0},{"damage":0.0,"enemies":"3 Byrds","floor":19.0,"turns":4.0},{"damage":0.0,"enemies":"Book of Stabbing","floor":23.0,"turns":4.0},{"damage":0.0,"enemies":"Gremlin Leader","floor":25.0,"turns":3.0},{"damage":1.0,"enemies":"Shelled Parasite and Fungi","floor":27.0,"turns":3.0},{"damage":0.0,"enemies":"Snecko","floor":29.0,"turns":4.0},{"damage":0.0,"enemies":"Slavers","floor":31.0,"turns":3.0},{"damage":0.0,"enemies":"Champ","floor":33.0,"turns":7.0},{"damage":0.0,"enemies":"3 Darklings","floor":35.0,"turns":3.0},{"damage":0.0,"enemies":"Orb Walker","floor":36.0,"turns":3.0},{"damage":0.0,"enemies":"3 Darklings","floor":37.0,"turns":2.0},{"damage":0.0,"enemies":"Transient","floor":39.0,"turns":6.0},{"damage":0.0,"enemies":"Giant Head","floor":41.0,"turns":4.0},{"damage":0.0,"enemies":"Jaw Worm Horde","floor":42.0,"turns":3.0},{"damage":0.0,"enemies":"Reptomancer","floor":45.0,"turns":4.0},{"damage":0.0,"enemies":"3 Darklings","floor":46.0,"turns":3.0},{"damage":0.0,"enemies":"Giant Head","floor":47.0,"turns":4.0},{"damage":0.0,"enemies":"Transient","floor":48.0,"turns":6.0},{"damage":27.0,"enemies":"Time Eater","floor":50.0,"turns":15.0},{"damage":3.0,"enemies":"Donu and Deca","floor":51.0,"turns":7.0},{"damage":0.0,"enemies":"Shield and Spear","floor":55.0,"turns":6.0},{"damage":72,"enemies":"The Heart","floor":56,"turns":9}],"seed_played":"3527391194071577630","potions_obtained":[{"floor":4.0,"key":"AttackPotion"},{"floor":10.0,"key":"Energy Potion"},{"floor":23.0,"key":"CunningPotion"},{"floor":27.0,"key":"SpeedPotion"},{"floor":31.0,"key":"PowerPotion"},{"floor":37.0,"key":"EssenceOfSteel"},{"floor":47.0,"key":"LiquidMemories"}],"is_trial":false,"path_per_floor":["M","?","?","M","M","R","T","R","T","M","$","E","?","$","R","B",null,"M","M","T","$","T","E","R","E","T","M","?","M","R","E","R","B",null,"M","M","M","$","M","R","E","M","T","R","E","M","E","M","R","B","B",null,"R","$","E","B",null],"character_chosen":"THE_SILENT","items_purchased":["TheAbacus","Tactician","Backflip","Deep Breath","CultistPotion","Toy Ornithopter","Medical Kit"],"campfire_rested":0,"item_purchase_floors":[11,11,14,21,38,38,54],"current_hp_per_floor":[52,57,46,46,46,46,46,46,46,41,41,31,31,31,31,3,54,54,54,54,54,54,54,54,54,54,53,53,53,53,53,53,53,67,67,67,67,67,67,67,67,71,71,71,71,71,71,71,71,47,44,64,64,64,71,16],"gold":34,"neow_bonus":"HUNDRED_GOLD","is_daily":false,"chose_seed":false,"campfire_upgraded":9,"win_rate":0.0,"timestamp":1609300360,"path_taken":["M","?","?","M","M","R","?","R","T","M","$","E","?","?","R","BOSS","M","M","?","?","?","E","R","E","T","M","?","M","R","E","R","BOSS","M","M","?","$","M","R","E","?","T","R","E","M","E","M","R","BOSS","BOSS","R","$","E","BOSS"],"items_purchased_type":["Relic","Card","Card","Card","Potion","Relic","Relic"],"build_version":"2020-12-22","purchased_purges":1,"victory":true,"max_hp_per_floor":[66,71,71,71,71,71,71,71,71,71,71,71,71,71,71,71,71,71,71,71,71,71,71,71,71,71,71,71,71,71,71,71,71,71,71,71,71,71,71,71,71,71,71,71,71,71,71,71,71,71,71,71,71,71,71,71],"relic_stats":{"counters":[28,145],"HoveringKite":[73],"Letter Opener":[847],"Whetstone":["Heel Hook","Eviscerate"],"Medical Kit":[7],"Dream Catcher":0,"Centennial Puzzle":[9],"TheAbacus":[954],"Ornamental Fan":[284],"Pandora\u0027s Box":["Heel Hook","Crippling Poison","Dodge and Roll","Slice","Infinite Blades","Adrenaline","PiercingWail","Quick Slash"],"Prayer Wheel":3,"obtain_stats":[{"Lantern":31,"HoveringKite":34,"Incense Burner":12,"Letter Opener":7,"Whetstone":26,"Frozen Egg 2":9,"Bottled Tornado":55,"Ancient Tea Set":23,"Medical Kit":54,"Anchor":25,"Dream Catcher":28,"Centennial Puzzle":45,"TheAbacus":11,"Ornamental Fan":47,"Pandora\u0027s Box":17,"Prayer Wheel":41,"Molten Egg 2":43,"Toy Ornithopter":38,"Ring of the Snake":0,"Meat on the Bone":20},{"Lantern":13,"HoveringKite":14,"Incense Burner":5,"Letter Opener":3,"Whetstone":10,"Frozen Egg 2":3,"Bottled Tornado":27,"Ancient Tea Set":9,"Medical Kit":26,"Anchor":10,"Dream Catcher":11,"Centennial Puzzle":21,"TheAbacus":4,"Ornamental Fan":23,"Pandora\u0027s Box":6,"Prayer Wheel":19,"Molten Egg 2":20,"Toy Ornithopter":17,"Ring of the Snake":0,"Meat on the Bone":8},{"Lantern":63,"HoveringKite":70,"Incense Burner":29,"Letter Opener":14,"Whetstone":53,"Frozen Egg 2":14,"Bottled Tornado":136,"Ancient Tea Set":50,"Medical Kit":130,"Anchor":53,"Dream Catcher":56,"Centennial Puzzle":95,"TheAbacus":21,"Ornamental Fan":102,"Pandora\u0027s Box":39,"Prayer Wheel":88,"Molten Egg 2":91,"Toy Ornithopter":78,"Ring of the Snake":0,"Meat on the Bone":46}],"Toy Ornithopter":17,"Ring of the Snake":[56],"Meat on the Bone":12},"card_choices":[{"not_picked":["Prepared","Underhanded Strike"],"picked":"Dagger Throw","floor":1.0},{"not_picked":["Concentrate","Underhanded Strike"],"picked":"Predator","floor":4.0},{"not_picked":["Choke","PiercingWail"],"picked":"Calculated Gamble","floor":5.0},{"not_picked":["Poisoned Stab","Underhanded Strike"],"picked":"Dagger Throw","floor":10.0},{"not_picked":["Outmaneuver","Underhanded Strike"],"picked":"Heel Hook","floor":12.0},{"not_picked":["Venomology","Night Terror"],"picked":"Tools of the Trade+1","floor":16.0},{"not_picked":["Deadly Poison","Poisoned Stab+1","Deflect"],"picked":"SKIP","floor":18.0},{"not_picked":["Poisoned Stab","Outmaneuver","Dash"],"picked":"SKIP","floor":19.0},{"not_picked":["Sucker Punch","Night Terror"],"picked":"Eviscerate","floor":23.0},{"not_picked":["Quick Slash","Blade Dance+1"],"picked":"Backflip","floor":25.0},{"not_picked":["Blade Dance","Prepared"],"picked":"Calculated Gamble","floor":27.0},{"not_picked":["Poisoned Stab","Outmaneuver"],"picked":"Prepared","floor":29.0},{"not_picked":["Riddle With Holes","Sucker Punch"],"picked":"Tools of the Trade+1","floor":31.0},{"not_picked":["Night Terror","Malaise"],"picked":"Wraith Form v2+1","floor":33.0},{"not_picked":["Flying Knee","Dash","Quick Slash"],"picked":"SKIP","floor":35.0},{"not_picked":["PiercingWail","Underhanded Strike"],"picked":"Acrobatics","floor":36.0},{"not_picked":["Quick Slash","Backflip","Dodge and Roll"],"picked":"SKIP","floor":37.0},{"not_picked":["Outmaneuver","Glass Knife"],"picked":"Blur","floor":39.0},{"not_picked":["Riddle With Holes","Dash"],"picked":"Venomology","floor":41.0},{"not_picked":["Dash","Dagger Spray","All Out Attack"],"picked":"SKIP","floor":42.0},{"not_picked":["Underhanded Strike","Riddle With Holes","Sucker Punch"],"picked":"SKIP","floor":42.0},{"not_picked":["Dodge and Roll","Prepared","Calculated Gamble+1"],"picked":"SKIP","floor":45.0},{"not_picked":["Bouncing Flask","Underhanded Strike+1"],"picked":"Well Laid Plans+1","floor":46.0},{"not_picked":["Setup","Bullet Time"],"picked":"PiercingWail","floor":46.0},{"not_picked":["Flying Knee+1","Unload+1"],"picked":"PiercingWail","floor":47.0},{"not_picked":["Dagger Throw+1","Deflect","Quick Slash+1"],"picked":"SKIP","floor":48.0},{"not_picked":["Flying Knee+1","Distraction+1","Acrobatics"],"picked":"SKIP","floor":48.0},{"not_picked":["Distraction+1","Adrenaline"],"picked":"Malaise","floor":55.0}],"player_experience":5717601,"relics_obtained":[{"floor":7.0,"key":"Letter Opener"},{"floor":9.0,"key":"Frozen Egg 2"},{"floor":12.0,"key":"Incense Burner"},{"floor":20.0,"key":"Meat on the Bone"},{"floor":23.0,"key":"Ancient Tea Set"},{"floor":25.0,"key":"Anchor"},{"floor":26.0,"key":"Whetstone"},{"floor":31.0,"key":"Lantern"},{"floor":41.0,"key":"Prayer Wheel"},{"floor":43.0,"key":"Molten Egg 2"},{"floor":45.0,"key":"Centennial Puzzle"},{"floor":47.0,"key":"Ornamental Fan"},{"floor":55.0,"key":"Bottled Tornado"}],"event_choices":[{"damage_healed":0.0,"max_hp_gain":5.0,"max_hp_loss":0.0,"gold_gain":0.0,"event_name":"Big Fish","player_choice":"Donut","floor":2.0,"gold_loss":0.0,"damage_taken":0.0},{"damage_healed":0.0,"max_hp_gain":0.0,"max_hp_loss":0.0,"gold_gain":75.0,"event_name":"World of Goop","player_choice":"Gather Gold","floor":3.0,"gold_loss":0.0,"damage_taken":11.0},{"cards_removed":["Strike_G"],"damage_healed":0.0,"max_hp_gain":0.0,"max_hp_loss":0.0,"gold_gain":0.0,"event_name":"The Cleric","player_choice":"Card Removal","floor":13.0,"gold_loss":75.0,"damage_taken":0.0},{"damage_healed":0.0,"max_hp_gain":0.0,"max_hp_loss":0.0,"gold_gain":0.0,"event_name":"WeMeetAgain","player_choice":"Gave Potion","floor":28.0,"gold_loss":0.0,"damage_taken":0.0,"relics_obtained":["Dream Catcher"]}],"is_beta":false,"boss_relics":[{"not_picked":["Snecko Eye","Fusion Hammer"],"picked":"Pandora\u0027s Box"},{"not_picked":["Runic Dome","Astrolabe"],"picked":"HoveringKite"}],"items_purged_floors":[11],"is_endless":false,"potions_floor_spawned":[4,10,23,27,31,37,41,45,47],"ascension_level":20}}