{"host":"z9grmtg2w0nmz8n1","time":1609304033,"event":{"mods":["Aspiration","Bard","BaseMod","Beaked The Cultist","Better Altar","Better Match","Better Note","Better Sensory Stone","Better Skull","Better Third Choice","BetterRewards","CCEM","Colored Map","Conspire","Downfall","GifTheSpireLib","Googly Eyes","Halation","Hermit","Highlight Path","Hubris","Hunter ??","Jedi Mod","Jorbs\u0027s Wanderer Trilogy","Mad Scientist","Marisa????????","Minty Spire (QoL Compilation)","Permanent Neow","Replay The Spire","Shade Mod","Shop Mod","Spicy Shops","StSLib","Stuff the Spire","The Bug Knight","The Construct","The Necromancer","The Runesmith","The Witch"],"gold_per_floor":[110,185,40,40,65,97,97,127,127,127,27,45,62,77,77,77,77],"floor_reached":16,"playtime":473,"items_purged":["Strike_B","Strike_B"],"score":119,"play_id":"7ea5c4a5-2d6f-4378-9199-26ccbdf724ab","local_time":"20201230025353","is_ascension_mode":true,"campfire_choices":[{"floor":7,"key":"RECALL"},{"floor":10,"key":"REST"},{"data":"Gash","floor":15,"key":"SMITH"}],"circlet_count":0,"master_deck":["Strike_B","Strike_B","Defend_B","Defend_B","Defend_B","Defend_B","Zap+1","Dualcast","Rip and Tear","Gash+1","Conserve Battery","Conserve Battery","Defragment"],"relics":["Cracked Core","Oddly Smooth Stone","Prayer Wheel","MealTicket"],"acts_visited":["Exordium"],"potions_floor_usage":[16],"damage_taken":[{"damage":0,"enemies":"Jaw Worm","floor":1,"turns":3},{"damage":24,"enemies":"Lagavulin","floor":6,"turns":5},{"damage":24,"enemies":"Gremlin Nob","floor":8,"turns":4},{"damage":0,"enemies":"Small Slimes","floor":12,"turns":2},{"damage":0,"enemies":"2 Louse","floor":13,"turns":2},{"damage":4,"enemies":"Large Slime","floor":14,"turns":6},{"damage":52,"enemies":"Slime Boss","floor":16,"turns":8}],"seed_played":"6210583764613362712","potions_obtained":[{"floor":1,"key":"SpeedPotion"},{"floor":8,"key":"Energy Potion"},{"floor":12,"key":"DuplicationPotion"}],"is_trial":false,"path_per_floor":["M","?","$","$","T","E","R","E","T","R","$","M","M","M","R","B"],"character_chosen":"DEFECT","items_purchased":["Gash"],"campfire_rested":1,"item_purchase_floors":[3],"current_hp_per_floor":[75,64,64,64,64,40,40,16,16,38,53,53,53,49,49,0,0],"gold":77,"neow_bonus":"UPGRADE_CARD","is_daily":false,"chose_seed":false,"campfire_upgraded":1,"win_rate":0.0,"timestamp":1609304033,"path_taken":["M","?","?","$","?","E","R","E","T","R","$","M","M","M","R","BOSS"],"items_purchased_type":["Card"],"build_version":"2020-12-22","purchased_purges":2,"victory":false,"max_hp_per_floor":[75,75,75,75,75,75,75,75,75,75,75,75,75,75,75,75,75],"card_choices":[{"not_picked":["jedi:overflow","jedi:blockon"],"picked":"Rip and Tear","floor":1},{"not_picked":["hubris:Prefetch","StuffTheSpire:LoadUp","Redo"],"picked":"SKIP","floor":6},{"not_picked":["ReplayTheSpireMod:Reroute Power","Stack"],"picked":"Conserve Battery","floor":8},{"not_picked":["Darkness","jedi:overflow","Panic Button"],"picked":"SKIP","floor":12},{"not_picked":["Double Energy","jedi:BurstFrost","Rebound"],"picked":"SKIP","floor":12},{"not_picked":["StuffTheSpire:CleanHardDrive","BasicCrystalCard"],"picked":"Conserve Battery","floor":13},{"not_picked":["Panic Button","Double Energy","Steam Power"],"picked":"SKIP","floor":13},{"not_picked":["StuffTheSpire:Plugnplay","Hyperbeam"],"picked":"Defragment","floor":14},{"not_picked":["Melter","jedi:blockon","Consume"],"picked":"SKIP","floor":14}],"player_experience":747523,"relics_obtained":[{"floor":5,"key":"Oddly Smooth Stone"},{"floor":6,"key":"Prayer Wheel"},{"floor":8,"key":"MealTicket"}],"event_choices":[{"damage_healed":0,"gold_gain":75,"player_choice":"Gold","damage_taken":11,"max_hp_gain":0,"max_hp_loss":0,"event_name":"betterThird:BetterGoop","floor":2,"gold_loss":0}],"is_beta":false,"boss_relics":[],"items_purged_floors":[3,11],"is_endless":false,"potions_floor_spawned":[1,8,12,13],"killed_by":"Slime Boss","ascension_level":2}}