{"host":"kh6fvhxn285ncg0o","time":1609299004,"event":{"mods":["Act Like it!","BaseMod","Colored Map","Friendly Minions","Keyboard Shortcuts","Minty Spire (QoL Compilation)","Quick Restart","Relic Stats","StSLib","SuperFastMode"],"gold_per_floor":[364,289,51,51,71,71,98,98,121,121,121,121,131,165,165,248,248,260,200,214,214,214],"floor_reached":21,"playtime":704,"items_purged":[],"score":370,"play_id":"8795d9f2-87ef-4ab8-8aa7-dd6943403d7a","local_time":"20201230123004","is_ascension_mode":true,"campfire_choices":[{"data":"Dual Wield","floor":6.0,"key":"SMITH"},{"data":"Dark Embrace","floor":8.0,"key":"SMITH"},{"data":"Bash","floor":12.0,"key":"SMITH"},{"data":"Dropkick","floor":15.0,"key":"SMITH"}],"circlet_count":0,"master_deck":["AscendersBane","Strike_R+1","Strike_R+1","Defend_R","Defend_R","Defend_R","Defend_R","Bash+1","Dropkick+1","Dual Wield+1","Dark Embrace+1","Second Wind","Rage","Feed"],"relics":["Burning Blood","Bag of Marbles","PreservedInsect","Happy Flower","Whetstone","Paper Frog","CeramicFish","Empty Cage","Blue Candle"],"acts_visited":["Exordium","TheCity"],"potions_floor_usage":[20],"damage_taken":[{"damage":4.0,"enemies":"2 Louse","floor":1.0,"turns":4.0},{"damage":7.0,"enemies":"Jaw Worm","floor":5.0,"turns":2.0},{"damage":32.0,"enemies":"Gremlin Nob","floor":7.0,"turns":4.0},{"damage":0.0,"enemies":"Cultist","floor":13.0,"turns":2.0},{"damage":35.0,"enemies":"3 Sentries","floor":14.0,"turns":6.0},{"damage":21,"enemies":"Slime Boss","floor":16,"turns":8},{"damage":34,"enemies":"Spheric Guardian","floor":18,"turns":6},{"damage":11,"enemies":"3 Byrds","floor":20,"turns":3},{"damage":37,"enemies":"Snecko","floor":21,"turns":3}],"seed_played":"4937068290553900327","potions_obtained":[{"floor":1.0,"key":"GamblersBrew"},{"floor":5.0,"key":"SteroidPotion"},{"floor":16,"key":"LiquidBronze"},{"floor":18,"key":"FearPotion"}],"is_trial":false,"path_per_floor":["M","?","$","?","M","R","E","R","T","T","T","R","M","E","R","B",null,"M","?","M","M"],"character_chosen":"IRONCLAD","items_purchased":["Bag of Marbles","Dual Wield"],"campfire_rested":0,"item_purchase_floors":[3,3],"current_hp_per_floor":[68,68,68,73,72,72,46,46,46,46,46,46,52,23,23,8,57,29,29,24,0,0],"gold":214,"neow_bonus":"TWO_FIFTY_GOLD","is_daily":false,"chose_seed":false,"campfire_upgraded":4,"win_rate":0.0,"timestamp":1609299004,"path_taken":["M","?","$","?","M","R","E","R","T","?","?","R","M","E","R","BOSS","M","?","?","M"],"items_purchased_type":["Relic","Card"],"build_version":"2020-12-22","purchased_purges":0,"victory":false,"max_hp_per_floor":[68,68,68,73,73,73,73,73,73,73,73,73,73,73,73,73,73,73,73,73,73,73],"relic_stats":{"Happy Flower":[9],"counters":[9,38],"CeramicFish":18,"Blue Candle":[0],"PreservedInsect":33,"Whetstone":["Strike_R","Strike_R"],"obtain_stats":[{"Happy Flower":9,"CeramicFish":14,"Blue Candle":19,"PreservedInsect":7,"Bag of Marbles":3,"Whetstone":10,"Empty Cage":17,"Burning Blood":0,"Paper Frog":11},{"Happy Flower":3,"CeramicFish":5,"Blue Candle":7,"PreservedInsect":3,"Bag of Marbles":1,"Whetstone":3,"Empty Cage":6,"Burning Blood":0,"Paper Frog":3},{"Happy Flower":10,"CeramicFish":18,"Blue Candle":32,"PreservedInsect":10,"Bag of Marbles":4,"Whetstone":10,"Empty Cage":26,"Burning Blood":0,"Paper Frog":10}],"Burning Blood":46},"card_choices":[{"not_picked":["Iron Wave","Pummel"],"picked":"Dropkick","floor":1.0},{"not_picked":["Flex","Pommel Strike"],"picked":"Dark Embrace","floor":5.0},{"not_picked":["Sentinel","Demon Form"],"picked":"Second Wind","floor":7.0},{"not_picked":["Cleave","Thunderclap","Twin Strike"],"picked":"SKIP","floor":13.0},{"not_picked":["Body Slam","Twin Strike"],"picked":"Rage","floor":14.0},{"not_picked":["Demon Form","Berserk"],"picked":"Feed","floor":16},{"not_picked":["Blood for Blood","Havoc+1","Clash"],"picked":"SKIP","floor":18},{"not_picked":["Ghostly Armor","Armaments","Heavy Blade+1"],"picked":"SKIP","floor":20}],"player_experience":3320709,"relics_obtained":[{"floor":7.0,"key":"PreservedInsect"},{"floor":9.0,"key":"Happy Flower"},{"floor":10.0,"key":"Whetstone"},{"floor":11.0,"key":"Paper Frog"},{"floor":14.0,"key":"CeramicFish"}],"event_choices":[{"cards_removed":["Strike_R"],"damage_healed":0.0,"max_hp_gain":0.0,"max_hp_loss":0.0,"gold_gain":0.0,"event_name":"The Cleric","player_choice":"Card Removal","floor":2.0,"gold_loss":75.0,"damage_taken":0.0},{"damage_healed":0.0,"max_hp_gain":5.0,"max_hp_loss":0.0,"gold_gain":0.0,"event_name":"Big Fish","player_choice":"Donut","floor":4.0,"gold_loss":0.0,"damage_taken":0.0},{"damage_healed":0,"gold_gain":0,"player_choice":"Paid Gold","damage_taken":0,"relics_obtained":["Blue Candle"],"max_hp_gain":0,"max_hp_loss":0,"event_name":"WeMeetAgain","floor":19,"gold_loss":60}],"is_beta":false,"boss_relics":[{"not_picked":["Cursed Key","Astrolabe"],"picked":"Empty Cage"}],"items_purged_floors":[],"is_endless":false,"potions_floor_spawned":[1,5,16,18],"killed_by":"Snecko","ascension_level":20}}