{"host":"hhnl3ciqs3ht0ep9","time":1609333584,"event":{"mods":["AchievementEnabler","BaseMod","Colored Map","Keyboard Shortcuts","Minty Spire (QoL Compilation)","StSLib","SuperFastMode"],"gold_per_floor":[18,29,29,48,48,60,85,97,133,173,198,233,266,30,30,30,30],"floor_reached":16,"playtime":526,"items_purged":["Strike_G"],"score":188,"play_id":"3f54a7b6-2005-4694-8f32-f976a0869ad5","local_time":"20201230220624","is_ascension_mode":true,"campfire_choices":[{"data":"Neutralize","floor":6.0,"key":"SMITH"},{"data":"Well Laid Plans","floor":8.0,"key":"SMITH"},{"data":"Footwork","floor":15.0,"key":"SMITH"}],"circlet_count":0,"master_deck":["AscendersBane","Strike_G","Strike_G","Strike_G","Strike_G","Defend_G","Defend_G","Defend_G","Defend_G","Defend_G","Survivor","Neutralize+1","PiercingWail","Flying Knee","Well Laid Plans+1","Acrobatics","Dagger Throw","Dash","Footwork+1"],"relics":["Ring of the Snake","Pocketwatch","Golden Idol","MawBank","Dream Catcher","Odd Mushroom","Lee\u0027s Waffle"],"acts_visited":["Exordium"],"potions_floor_usage":[],"damage_taken":[{"damage":3.0,"enemies":"Small Slimes","floor":1.0,"turns":6.0},{"damage":0.0,"enemies":"2 Louse","floor":2.0,"turns":3.0},{"damage":3.0,"enemies":"Jaw Worm","floor":4.0,"turns":4.0},{"damage":0.0,"enemies":"Looter","floor":7.0,"turns":4.0},{"damage":7.0,"enemies":"The Mushroom Lair","floor":10.0,"turns":4.0},{"damage":3.0,"enemies":"2 Fungi Beasts","floor":11.0,"turns":4.0},{"damage":12.0,"enemies":"Exordium Thugs","floor":12.0,"turns":7.0},{"damage":2.0,"enemies":"Blue Slaver","floor":13.0,"turns":5.0},{"damage":77,"enemies":"Slime Boss","floor":16,"turns":11}],"seed_played":"-4496005589491184947","potions_obtained":[{"floor":2.0,"key":"FearPotion"},{"floor":4.0,"key":"Poison Potion"},{"floor":7.0,"key":"SteroidPotion"}],"is_trial":false,"path_per_floor":["M","M","?","M","?","R","M","R","T","?","M","M","M","$","R","B"],"character_chosen":"THE_SILENT","items_purchased":["Lee\u0027s Waffle"],"campfire_rested":0,"item_purchase_floors":[14],"current_hp_per_floor":[56,56,33,30,25,25,25,25,25,18,15,3,1,73,73,0,0],"gold":30,"neow_bonus":"ONE_RARE_RELIC","is_daily":false,"chose_seed":false,"campfire_upgraded":3,"win_rate":0.0,"timestamp":1609333584,"path_taken":["M","M","?","M","?","R","M","R","T","?","M","?","M","$","R","BOSS"],"items_purchased_type":["Relic"],"build_version":"2020-12-22","purchased_purges":1,"victory":false,"max_hp_per_floor":[66,66,66,66,66,66,66,66,66,66,66,66,66,73,73,73,73],"card_choices":[{"not_picked":["Deadly Poison","Dodge and Roll"],"picked":"PiercingWail","floor":1.0},{"not_picked":["Concentrate","Terror"],"picked":"Flying Knee","floor":2.0},{"not_picked":["Flying Knee","PiercingWail","Dodge and Roll"],"picked":"SKIP","floor":4.0},{"not_picked":["Bane","Underhanded Strike"],"picked":"Well Laid Plans","floor":7.0},{"not_picked":["Eviscerate","Accuracy"],"picked":"Acrobatics","floor":10.0},{"not_picked":["Prepared","Dodge and Roll"],"picked":"Dagger Throw","floor":11.0},{"not_picked":["Setup","Predator"],"picked":"Dash","floor":12.0},{"not_picked":["Prepared","Quick Slash"],"picked":"Footwork","floor":13.0}],"player_experience":703306,"relics_obtained":[{"floor":9.0,"key":"Dream Catcher"},{"floor":10.0,"key":"Odd Mushroom"}],"event_choices":[{"damage_healed":0.0,"max_hp_gain":0.0,"max_hp_loss":0.0,"gold_gain":0.0,"event_name":"Golden Idol","player_choice":"Take Damage","floor":3.0,"gold_loss":0.0,"damage_taken":23.0,"relics_obtained":["Golden Idol"]},{"damage_healed":0.0,"max_hp_gain":0.0,"max_hp_loss":0.0,"gold_gain":0.0,"event_name":"Scrap Ooze","player_choice":"Success","floor":5.0,"gold_loss":0.0,"damage_taken":5.0,"relics_obtained":["MawBank"]},{"damage_healed":0.0,"max_hp_gain":0.0,"max_hp_loss":0.0,"gold_gain":0.0,"event_name":"Mushrooms","player_choice":"Fought Mushrooms","floor":10.0,"gold_loss":0.0,"damage_taken":0.0}],"is_beta":false,"boss_relics":[],"items_purged_floors":[14],"is_endless":false,"potions_floor_spawned":[2,4,7],"killed_by":"Slime Boss","ascension_level":20}}