{"host":"vztqq1va2gba8p9y","time":1609293028,"event":{"mods":["AchievementEnabler","BaseMod","DeckTracker","Minty Spire (QoL Compilation)","Permanent Neow","Rare Cards Sparkle","StSLib"],"gold_per_floor":[114,114,187,187,187,227,262,302,302,343,343,384,384,415,415,509,509,527,527,562,562,582,617,617,652,678,678,717,751,235,276,276,366,366,386,386,386,420,460,499,167,200,200,244,244,278,278,322,322,322,322],"floor_reached":52,"playtime":576,"items_purged":["Grand Finale+1"],"score":3841,"play_id":"f7b73768-0e06-4781-b705-2b48bfe555ab","local_time":"20201230105028","daily_mods":["Draft","Heirloom","Time Dilation","Flight","DeadlyEvents","Elite Swarm"],"is_ascension_mode":true,"campfire_choices":[{"data":"1","floor":11.0,"key":"LIFT"},{"data":"2","floor":13.0,"key":"LIFT"},{"data":"3","floor":15.0,"key":"LIFT"},{"data":"Scrawl","floor":24,"key":"SMITH"},{"floor":27,"key":"REST"},{"floor":32,"key":"REST"},{"floor":45,"key":"REST"},{"floor":47,"key":"REST"},{"floor":49,"key":"REST"}],"circlet_count":0,"master_deck":["Grand Finale+1","Grand Finale+1","Scrawl+1","Blasphemy+1","Scrawl+1"],"relics":["PureWater","Incense Burner","Golden Idol","Lizard Tail","Torii","Bag of Marbles","Pear","Girya","Pocketwatch","Dead Branch","Runic Pyramid","Question Card","Gremlin Horn","Pen Nib","War Paint","Omamori","StrikeDummy","Shuriken","Akabeko","Toxic Egg 2","Empty Cage","Bottled Flame","Mango","Prayer Wheel","Du-Vu Doll","Oddly Smooth Stone","Art of War","Anchor","Bottled Lightning","White Beast Statue","Letter Opener","Blue Candle"],"acts_visited":["Exordium","TheCity","TheBeyond"],"potions_floor_usage":[],"damage_taken":[{"damage":0.0,"enemies":"Small Slimes","floor":1.0,"turns":1.0},{"damage":0.0,"enemies":"Lagavulin","floor":6.0,"turns":1.0},{"damage":0.0,"enemies":"Gremlin Nob","floor":7.0,"turns":1.0},{"damage":0.0,"enemies":"3 Sentries","floor":8.0,"turns":1.0},{"damage":0.0,"enemies":"Lagavulin","floor":10.0,"turns":1.0},{"damage":0.0,"enemies":"3 Sentries","floor":12.0,"turns":1.0},{"damage":0.0,"enemies":"Lagavulin","floor":14.0,"turns":1.0},{"damage":0.0,"enemies":"The Guardian","floor":16.0,"turns":1.0},{"damage":0,"enemies":"3 Byrds","floor":18,"turns":1},{"damage":0,"enemies":"Gremlin Leader","floor":20,"turns":1},{"damage":0,"enemies":"Spheric Guardian","floor":22,"turns":1},{"damage":0,"enemies":"Book of Stabbing","floor":23,"turns":1},{"damage":0,"enemies":"Slavers","floor":25,"turns":1},{"damage":0,"enemies":"Book of Stabbing","floor":28,"turns":1},{"damage":0,"enemies":"Gremlin Leader","floor":29,"turns":1},{"damage":0,"enemies":"Slavers","floor":31,"turns":1},{"damage":0,"enemies":"Automaton","floor":33,"turns":1},{"damage":0,"enemies":"3 Darklings","floor":35,"turns":1},{"damage":0,"enemies":"Giant Head","floor":38,"turns":1},{"damage":0,"enemies":"Nemesis","floor":39,"turns":1},{"damage":0,"enemies":"Giant Head","floor":40,"turns":1},{"damage":0,"enemies":"Nemesis","floor":42,"turns":1},{"damage":0,"enemies":"Reptomancer","floor":44,"turns":1},{"damage":0,"enemies":"Nemesis","floor":46,"turns":1},{"damage":0,"enemies":"Giant Head","floor":48,"turns":1},{"damage":0,"enemies":"Donu and Deca","floor":50,"turns":1},{"damage":0,"enemies":"Time Eater","floor":51,"turns":1}],"seed_played":"1470519299507843953","potions_obtained":[{"floor":6.0,"key":"LiquidMemories"},{"floor":10.0,"key":"Block Potion"}],"is_trial":true,"path_per_floor":["M","?","?","$","?","E","E","E","T","E","R","E","R","E","R","B",null,"M","?","E","?","M","E","R","E","T","R","E","E","$","E","R","B",null,"M","?","T","E","E","E","$","E","T","E","R","E","R","E","R","B","B",null],"character_chosen":"WATCHER","items_purchased":["Shuriken","Akabeko","Oddly Smooth Stone","Art of War"],"campfire_rested":5,"item_purchase_floors":[30,30,41,41],"current_hp_per_floor":[61,61,61,61,61,61,61,61,71,71,71,71,71,71,71,71,72,72,72,72,72,72,72,72,72,72,72,72,72,72,72,72,72,72,72,72,72,86,86,86,86,86,86,86,86,86,86,86,86,86,86],"gold":322,"neow_bonus":"","is_daily":false,"chose_seed":false,"campfire_upgraded":1,"win_rate":0.0,"timestamp":1609293028,"path_taken":["M","?","?","?","?","E","E","E","T","E","R","E","R","E","R","BOSS","M","?","?","?","?","E","R","E","T","R","E","E","$","E","R","BOSS","M","?","?","?","?","E","?","E","T","E","R","E","R","E","R","BOSS","BOSS"],"items_purchased_type":["Relic","Relic","Relic","Relic"],"build_version":"2020-12-22","purchased_purges":1,"victory":true,"max_hp_per_floor":[68,62,62,62,62,62,62,62,72,72,72,72,72,72,72,72,72,72,72,72,72,72,72,72,72,72,72,72,72,72,72,72,72,72,72,72,72,86,86,86,86,86,86,86,86,86,86,86,86,86,86],"card_choices":[{"not_picked":["Prostrate","Study"],"picked":"Consecrate","floor":0.0},{"not_picked":["DeceiveReality","SashWhip"],"picked":"FlurryOfBlows","floor":0.0},{"not_picked":["Crescendo","ClearTheMind"],"picked":"MentalFortress","floor":0.0},{"not_picked":["EmptyFist","JustLucky"],"picked":"CrushJoints","floor":0.0},{"not_picked":["CutThroughFate","FlurryOfBlows"],"picked":"FearNoEvil","floor":0.0},{"not_picked":["Crescendo","FlurryOfBlows"],"picked":"EmptyFist","floor":0.0},{"not_picked":["TalkToTheHand","JustLucky"],"picked":"BowlingBash","floor":0.0},{"not_picked":["Halt","Crescendo"],"picked":"FollowUp","floor":0.0},{"not_picked":["WaveOfTheHand","FlyingSleeves"],"picked":"BattleHymn","floor":0.0},{"not_picked":["EmptyMind","SashWhip"],"picked":"CutThroughFate","floor":0.0},{"not_picked":["EmptyBody","ThirdEye"],"picked":"Halt","floor":0.0},{"not_picked":["MentalFortress","ThirdEye"],"picked":"Conclude","floor":0.0},{"not_picked":["WindmillStrike","PathToVictory"],"picked":"EmptyMind","floor":0.0},{"not_picked":["Conclude","CarveReality"],"picked":"Fasting2","floor":0.0},{"not_picked":["ReachHeaven","Halt"],"picked":"MentalFortress","floor":0.0},{"not_picked":["Prostrate","SashWhip","CutThroughFate"],"picked":"SKIP","floor":1.0},{"not_picked":["DeusExMachina","Ragnarok","Alpha"],"picked":"SKIP","floor":6.0},{"not_picked":["Wish","SpiritShield","LessonLearned"],"picked":"SKIP","floor":7.0},{"not_picked":["Wish","SpiritShield","LessonLearned"],"picked":"SKIP","floor":7.0},{"not_picked":["Alpha","SpiritShield","DevaForm"],"picked":"SKIP","floor":8.0},{"not_picked":["Establishment","LessonLearned","DeusExMachina"],"picked":"SKIP","floor":10.0},{"not_picked":["DeusExMachina","Omniscience","SpiritShield"],"picked":"SKIP","floor":12.0},{"not_picked":["DeusExMachina","MasterReality","Alpha"],"picked":"SKIP","floor":14.0},{"not_picked":["Crescendo","ReachHeaven","FlyingSleeves"],"picked":"SKIP","floor":18},{"not_picked":["Wish","Omniscience"],"picked":"Scrawl","floor":20},{"not_picked":["Evaluate","FlurryOfBlows","Crescendo","JustLucky"],"picked":"SKIP","floor":22},{"not_picked":["Alpha","ConjureBlade","Brilliance"],"picked":"Scrawl","floor":23},{"not_picked":["Ragnarok","Establishment","Alpha","Scrawl"],"picked":"SKIP","floor":25},{"not_picked":["Vault","Establishment","Judgement","Omniscience"],"picked":"SKIP","floor":28},{"not_picked":["ConjureBlade","Alpha","DevaForm","Judgement"],"picked":"SKIP","floor":29},{"not_picked":["Scrawl+1","Establishment","Alpha+1","Vault+1"],"picked":"SKIP","floor":31},{"not_picked":["Alpha+1","Scrawl+1","Brilliance"],"picked":"Blasphemy+1","floor":33},{"not_picked":["FearNoEvil+1","Study","CrushJoints+1","Perseverance+1"],"picked":"SKIP","floor":35},{"not_picked":["Alpha+1","ConjureBlade+1","Vault+1"],"picked":"Scrawl+1","floor":38},{"not_picked":["SpiritShield+1","Scrawl+1","Judgement+1","LessonLearned"],"picked":"SKIP","floor":39},{"not_picked":["Devotion","LessonLearned","Ragnarok","SpiritShield+1"],"picked":"SKIP","floor":40},{"not_picked":["Scrawl+1","SpiritShield+1","Alpha+1","Establishment"],"picked":"SKIP","floor":42},{"not_picked":["Establishment","Brilliance","DevaForm","Blasphemy+1"],"picked":"SKIP","floor":44},{"not_picked":["ConjureBlade+1","SpiritShield+1","Brilliance","Judgement+1"],"picked":"SKIP","floor":46},{"not_picked":["Establishment","Alpha+1","MasterReality","Ragnarok"],"picked":"SKIP","floor":48}],"player_experience":5098,"relics_obtained":[{"floor":6.0,"key":"Lizard Tail"},{"floor":7.0,"key":"Torii"},{"floor":8.0,"key":"Bag of Marbles"},{"floor":9.0,"key":"Pear"},{"floor":10.0,"key":"Girya"},{"floor":12.0,"key":"Pocketwatch"},{"floor":14.0,"key":"Dead Branch"},{"floor":20,"key":"Question Card"},{"floor":23,"key":"Gremlin Horn"},{"floor":25,"key":"Pen Nib"},{"floor":26,"key":"War Paint"},{"floor":28,"key":"Omamori"},{"floor":29,"key":"StrikeDummy"},{"floor":31,"key":"Toxic Egg 2"},{"floor":37,"key":"Bottled Flame"},{"floor":38,"key":"Mango"},{"floor":39,"key":"Prayer Wheel"},{"floor":40,"key":"Du-Vu Doll"},{"floor":42,"key":"Anchor"},{"floor":43,"key":"Bottled Lightning"},{"floor":44,"key":"White Beast Statue"},{"floor":46,"key":"Letter Opener"},{"floor":48,"key":"Blue Candle"}],"event_choices":[{"damage_healed":0.0,"max_hp_gain":0.0,"max_hp_loss":6.0,"gold_gain":0.0,"event_name":"Golden Idol","player_choice":"Lose Max HP","floor":2.0,"gold_loss":0.0,"damage_taken":0.0,"relics_obtained":["Golden Idol"]},{"damage_healed":0.0,"max_hp_gain":0.0,"max_hp_loss":0.0,"gold_gain":73.0,"event_name":"Golden Wing","player_choice":"Gained Gold","floor":3.0,"gold_loss":0.0,"damage_taken":0.0},{"cards_removed":["Grand Finale"],"damage_healed":0.0,"max_hp_gain":0.0,"max_hp_loss":0.0,"gold_gain":0.0,"event_name":"Living Wall","player_choice":"Forget","floor":5.0,"gold_loss":0.0,"damage_taken":0.0},{"damage_healed":0,"gold_gain":0,"player_choice":"Ignored","damage_taken":0,"max_hp_gain":0,"max_hp_loss":0,"event_name":"Upgrade Shrine","floor":19,"gold_loss":0},{"damage_healed":0,"gold_gain":0,"player_choice":"Ignored","damage_taken":0,"max_hp_gain":0,"max_hp_loss":0,"event_name":"Vampires","floor":21,"gold_loss":0},{"damage_healed":0,"gold_gain":0,"player_choice":"Memory 1","damage_taken":0,"max_hp_gain":0,"max_hp_loss":0,"event_name":"SensoryStone","floor":36,"gold_loss":0}],"is_beta":false,"boss_relics":[{"not_picked":["HolyWater","Busted Crown"],"picked":"Runic Pyramid"},{"not_picked":["VioletLotus","Calling Bell"],"picked":"Empty Cage"}],"items_purged_floors":[30],"is_endless":false,"potions_floor_spawned":[6,10,18,20,29,35,38,42,46,48],"ascension_level":20}}