{"host":"0ydzwspkajt4brzd","time":1609295749,"event":{"mods":["AchievementEnabler","BaseMod","Colored Map","DeckTracker","Googly Eyes","Highlight Path","Minty Spire (QoL Compilation)","Quick Restart","Random Character Button","Rare Cards Sparkle"],"gold_per_floor":[115,127,52,52,70,105,116,146,172,172,26,49,49,49,49,153,153,164,191,290,299,214,214,239,63,63,63,83,83,111,131,131,245,245,274,297,322,331,331,331],"floor_reached":39,"playtime":3037,"items_purged":["Strike_G","Strike_G"],"score":489,"play_id":"cbe0db72-bf05-4f8d-bf44-9de7e80a5067","local_time":"20201229183549","is_ascension_mode":true,"campfire_choices":[{"floor":15,"key":"REST"},{"data":"J.A.X.","floor":23,"key":"SMITH"},{"floor":27,"key":"REST"},{"data":"Infinite Blades","floor":29,"key":"SMITH"},{"floor":32,"key":"REST"}],"circlet_count":0,"master_deck":["Strike_G","Strike_G","Defend_G","Defend_G","Defend_G","Defend_G","Defend_G","Survivor","Neutralize","CurseOfTheBell","Quick Slash","Underhanded Strike","Burst","Flying Knee","Riddle With Holes","Bouncing Flask","Corpse Explosion","J.A.X.+1","Blade Dance","Infinite Blades+1","Slice","Blade Dance+1","Deadly Poison","Bullet Time","Cloak And Dagger","Caltrops+1","Corpse Explosion"],"relics":["Calling Bell","StoneCalendar","Omamori","Paper Crane","Snake Skull","Tiny Chest","CeramicFish","Happy Flower","Shuriken","WristBlade","Bronze Scales","Oddly Smooth Stone","Mummified Hand","Sozu","Regal Pillow"],"acts_visited":["Exordium","TheCity","TheBeyond"],"potions_floor_usage":[14,16,16,16,16,16,31],"damage_taken":[{"damage":9,"enemies":"Cultist","floor":1,"turns":6},{"damage":6,"enemies":"Jaw Worm","floor":2,"turns":5},{"damage":2,"enemies":"Small Slimes","floor":5,"turns":5},{"damage":20,"enemies":"Lagavulin","floor":6,"turns":7},{"damage":0,"enemies":"Red Slaver","floor":7,"turns":3},{"damage":24,"enemies":"3 Sentries","floor":8,"turns":7},{"damage":8,"enemies":"Exordium Wildlife","floor":12,"turns":4},{"damage":0,"enemies":"3 Louse","floor":14,"turns":1},{"damage":5,"enemies":"Hexaghost","floor":16,"turns":6},{"damage":22,"enemies":"Spheric Guardian","floor":18,"turns":4},{"damage":10,"enemies":"Shell Parasite","floor":24,"turns":5},{"damage":21,"enemies":"Snake Plant","floor":28,"turns":3},{"damage":12,"enemies":"Snecko","floor":30,"turns":3},{"damage":0,"enemies":"Centurion and Healer","floor":31,"turns":1},{"damage":31,"enemies":"Collector","floor":33,"turns":7},{"damage":18,"enemies":"3 Shapes","floor":35,"turns":3},{"damage":1,"enemies":"Orb Walker","floor":37,"turns":3},{"damage":37,"enemies":"Sphere and 2 Shapes","floor":39,"turns":3}],"seed_played":"6677676548593638251","potions_obtained":[{"floor":1,"key":"Strength Potion"},{"floor":6,"key":"BlessingOfTheForge"},{"floor":7,"key":"DistilledChaos"},{"floor":10,"key":"SmokeBomb"},{"floor":10,"key":"EntropicBrew"},{"floor":30,"key":"SkillPotion"},{"floor":31,"key":"BlessingOfTheForge"}],"is_trial":false,"path_per_floor":["M","M","$","?","M","E","M","E","T","?","$","M","T","M","R","B",null,"M","T","?","?","?","R","M","$","T","R","M","R","M","M","R","B",null,"M","T","M","?","M"],"character_chosen":"THE_SILENT","items_purchased":["Happy Flower","Infinite Blades","Slice"],"campfire_rested":3,"item_purchase_floors":[11,25,25],"current_hp_per_floor":[61,55,55,55,53,33,33,9,9,9,9,1,1,1,22,17,57,35,35,35,35,35,35,25,25,25,46,25,25,13,13,34,3,53,35,35,34,34,0,0],"gold":331,"neow_bonus":"BOSS_RELIC","is_daily":false,"chose_seed":false,"campfire_upgraded":2,"win_rate":0.0,"timestamp":1609295749,"path_taken":["M","?","$","?","M","E","M","E","T","?","$","?","?","M","R","BOSS","M","?","?","?","?","R","M","$","T","R","M","R","M","M","R","BOSS","M","?","M","?","?"],"items_purchased_type":["Relic","Card","Card"],"build_version":"2020-12-22","purchased_purges":2,"victory":false,"max_hp_per_floor":[70,70,70,70,70,70,70,70,70,70,70,70,70,70,70,70,70,70,70,70,70,70,70,70,70,70,70,70,70,70,70,70,70,70,70,70,70,70,70,70],"card_choices":[{"not_picked":["Blade Dance","Bane"],"picked":"Quick Slash","floor":1},{"not_picked":["Bane","Predator"],"picked":"Underhanded Strike","floor":2},{"not_picked":["Cloak And Dagger","Underhanded Strike"],"picked":"Burst","floor":5},{"not_picked":["Blur","A Thousand Cuts"],"picked":"Flying Knee","floor":6},{"not_picked":["Deflect","Bane","Dodge and Roll"],"picked":"SKIP","floor":7},{"not_picked":["Backflip","Underhanded Strike"],"picked":"Riddle With Holes","floor":8},{"not_picked":["Eviscerate","Quick Slash"],"picked":"Bouncing Flask","floor":12},{"not_picked":["Grand Finale","Unload"],"picked":"Corpse Explosion","floor":16},{"not_picked":["Quick Slash+1","All Out Attack","Dodge and Roll"],"picked":"SKIP","floor":18},{"not_picked":["Dagger Throw","Sucker Punch+1"],"picked":"Blade Dance","floor":24},{"not_picked":["Poisoned Stab+1","Sucker Punch"],"picked":"Blade Dance+1","floor":28},{"not_picked":["Acrobatics","Expertise"],"picked":"Deadly Poison","floor":30},{"not_picked":["Outmaneuver","Heel Hook","Poisoned Stab"],"picked":"SKIP","floor":31},{"not_picked":["Envenom","Tools of the Trade"],"picked":"Bullet Time","floor":33},{"not_picked":["Acrobatics+1","Bane+1"],"picked":"Cloak And Dagger","floor":35},{"not_picked":["Bane","Poisoned Stab"],"picked":"Caltrops+1","floor":37}],"player_experience":388612,"relics_obtained":[{"floor":0,"key":"StoneCalendar"},{"floor":0,"key":"Omamori"},{"floor":0,"key":"Paper Crane"},{"floor":6,"key":"Snake Skull"},{"floor":8,"key":"Tiny Chest"},{"floor":9,"key":"CeramicFish"},{"floor":13,"key":"Shuriken"},{"floor":19,"key":"Bronze Scales"},{"floor":26,"key":"Mummified Hand"},{"floor":36,"key":"Regal Pillow"}],"event_choices":[{"cards_removed":["Strike_G"],"damage_healed":0,"gold_gain":0,"player_choice":"Forget","damage_taken":0,"max_hp_gain":0,"max_hp_loss":0,"event_name":"Living Wall","floor":4,"gold_loss":0},{"damage_healed":0,"gold_gain":0,"player_choice":"Got Potions","damage_taken":0,"max_hp_gain":0,"max_hp_loss":0,"event_name":"Lab","floor":10,"gold_loss":0},{"damage_healed":0,"gold_gain":99,"player_choice":"Stole From Cult","damage_taken":0,"max_hp_gain":0,"max_hp_loss":0,"event_name":"Nest","floor":20,"gold_loss":0},{"damage_healed":0,"gold_gain":0,"player_choice":"Obtain J.A.X.","damage_taken":0,"max_hp_gain":0,"max_hp_loss":0,"event_name":"Drug Dealer","floor":21,"gold_loss":0,"cards_obtained":["J.A.X."]},{"damage_healed":0,"gold_gain":0,"player_choice":"Obtained Relic","damage_taken":0,"relics_obtained":["Oddly Smooth Stone"],"max_hp_gain":0,"max_hp_loss":0,"event_name":"Addict","floor":22,"gold_loss":85},{"damage_healed":0,"gold_gain":0,"player_choice":"Copied","damage_taken":0,"max_hp_gain":0,"max_hp_loss":0,"event_name":"Duplicator","floor":38,"gold_loss":0,"cards_obtained":["Corpse Explosion"]}],"is_beta":false,"boss_relics":[{"not_picked":["Runic Pyramid","Empty Cage"],"picked":"WristBlade"},{"not_picked":["Coffee Dripper","HoveringKite"],"picked":"Sozu"}],"items_purged_floors":[3,25],"is_endless":false,"potions_floor_spawned":[1,6,7,12,30,31,37],"killed_by":"Sphere and 2 Shapes","ascension_level":5}}