{"host":"w2kjv12xyhtt0cv2","time":1609339977,"event":{"mods":["Act Like it!","BaseMod","Colored Map","Friendly Minions","Gensokyo","Highlight Path","Hubris","Kiyohime（清姬）","Marisa（F雨　魔理沙）","Minty Spire (QoL Compilation)","Quick Restart","Reimu（博丽灵梦）","Relic Stats","Replay The Spire","RumiaBox-露米娅的神秘盒子","Shop Mod","Spicy Shops","StSLib","The Cursed","The Servant 0.9.4","UnlockEverythingMod","Waifu the Spire","[功能]功能增强和修复MOD","vexMod","【功能Mod】Neow奖励","【遗物卡牌】REMEMod","没有小屋子和绿帽子啦"],"gold_per_floor":[109,109,109,209,220,220,86,86,156,185,185,200,31,47,47,47,47],"floor_reached":16,"playtime":607,"items_purged":[],"score":192,"play_id":"a339c53f-25cc-4d5b-ab42-0266dbd0440c","local_time":"20201230225257","is_ascension_mode":true,"campfire_choices":[{"data":"Limit Break","floor":6.0,"key":"SMITH"},{"data":"KidneyShot","floor":8.0,"key":"SMITH"},{"floor":15,"key":"RECALL"}],"circlet_count":0,"master_deck":["Strike_S","Strike_S","Strike_S","Strike_S","Defend_S","Defend_S","Defend_S","KidneyShot+1","Exchange","Limit Break+1","Revamp","Parasite"],"relics":["Uniform","REME_ComplimentaryCards","REME_HandOfSuture","Singing Bowl","Bronze Scales","Membership Card","ClockworkSouvenir"],"acts_visited":["Exordium"],"potions_floor_usage":[14],"damage_taken":[{"damage":0.0,"enemies":"Jaw Worm","floor":1.0,"turns":5.0},{"damage":5.0,"enemies":"2 Louse","floor":5.0,"turns":4.0},{"damage":8.0,"enemies":"Gremlin Nob","floor":10.0,"turns":3.0},{"damage":0.0,"enemies":"Cultist","floor":12.0,"turns":2.0},{"damage":18,"enemies":"Exordium Wildlife","floor":14,"turns":5},{"damage":46,"enemies":"Hexaghost","floor":16,"turns":10}],"seed_played":"-3350180196832108704","potions_obtained":[{"floor":1.0,"key":"Flashbang"}],"is_trial":false,"path_per_floor":["M","$","?","?","M","R","$","R","T","E","?","M","$","M","R","B"],"character_chosen":"THE_SERVANT","items_purchased":["REME_HandOfSuture","Membership Card","ClockworkSouvenir"],"campfire_rested":0,"item_purchase_floors":[7,13,13],"current_hp_per_floor":[59,59,64,64,59,59,59,59,59,53,72,74,74,58,58,12,12],"gold":47,"neow_bonus":"TRANSFORM_CARD","is_daily":false,"chose_seed":false,"campfire_upgraded":2,"win_rate":0.0,"timestamp":1609339977,"path_taken":["M","$","?","?","?","R","$","R","T","E","?","?","?","M","R","BOSS"],"items_purchased_type":["Relic","Relic","Relic"],"build_version":"2020-12-22","purchased_purges":0,"victory":false,"max_hp_per_floor":[65,65,70,70,70,70,70,70,70,72,72,74,74,76,76,76,76],"relic_stats":{"Singing Bowl":6,"counters":[6,29],"Bronze Scales":[66],"obtain_stats":[{"Singing Bowl":9,"Bronze Scales":10,"REME_HandOfSuture":7,"Uniform":0,"Membership Card":13,"REME_ComplimentaryCards":0,"ClockworkSouvenir":13},{"Singing Bowl":2,"Bronze Scales":3,"REME_HandOfSuture":2,"Uniform":0,"Membership Card":4,"REME_ComplimentaryCards":0,"ClockworkSouvenir":4},{"Singing Bowl":9,"Bronze Scales":12,"REME_HandOfSuture":9,"Uniform":0,"Membership Card":14,"REME_ComplimentaryCards":0,"ClockworkSouvenir":14}]},"card_choices":[{"not_picked":["Reset","Potential","Rearm"],"picked":"SKIP","floor":1.0},{"not_picked":["DoubleEdge","Replace","Shuttle"],"picked":"SKIP","floor":5.0},{"not_picked":["Read","Moondial","ShiftingGears"],"picked":"Singing Bowl","floor":10.0},{"not_picked":["MoonPhase","BottledTime","TimeWarp"],"picked":"Singing Bowl","floor":12.0},{"not_picked":["DancingSilver","Contraction","Alleviate"],"picked":"Singing Bowl","floor":14}],"player_experience":70282,"relics_obtained":[{"floor":9.0,"key":"Singing Bowl"},{"floor":10.0,"key":"Bronze Scales"}],"event_choices":[{"damage_healed":0.0,"max_hp_gain":5.0,"max_hp_loss":0.0,"gold_gain":0.0,"event_name":"Big Fish","player_choice":"Donut","floor":3.0,"gold_loss":0.0,"damage_taken":0.0},{"damage_healed":0.0,"max_hp_gain":0.0,"max_hp_loss":0.0,"gold_gain":100.0,"event_name":"Golden Shrine","player_choice":"Pray","floor":4.0,"gold_loss":0.0,"damage_taken":0.0},{"damage_healed":19.0,"max_hp_gain":0.0,"max_hp_loss":0.0,"gold_gain":0.0,"event_name":"Wheel of Change","player_choice":"Full Heal","floor":11.0,"gold_loss":0.0,"damage_taken":0.0}],"is_beta":false,"boss_relics":[],"items_purged_floors":[],"is_endless":false,"potions_floor_spawned":[1],"killed_by":"Hexaghost","ascension_level":6}}