{"host":"aaqofma31c3gm2hj","time":1609321903,"event":{"mods":["BaseMod","Minty Spire (QoL Compilation)","Replay The Spire","Spicy Shops","StSLib"],"gold_per_floor":[109,129,129,129,129,154,154,173,173,173,173],"floor_reached":10,"playtime":115,"items_purged":[],"score":182,"play_id":"c601b1eb-525f-4194-96d1-c9ab605b6fbf","local_time":"20201230175143","is_ascension_mode":true,"campfire_choices":[{"data":"Acrobatics","floor":7,"key":"SMITH"}],"circlet_count":0,"master_deck":["AscendersBane","Strike_G","Strike_G","Strike_G","Strike_G","Defend_G","Defend_G","Defend_G","Defend_G","Survivor","Neutralize","Acrobatics+1","Calculated Gamble","Calculated Gamble","Finisher+1","Footwork"],"relics":["Ring of the Snake","NeowsBlessing","TungstenRod","Durian"],"acts_visited":["Exordium"],"potions_floor_usage":[],"damage_taken":[{"damage":0.0,"enemies":"Small Slimes","floor":1.0,"turns":1.0},{"damage":0,"enemies":"2 Louse","floor":2,"turns":1},{"damage":0,"enemies":"Gremlin Nob","floor":6,"turns":1},{"damage":2,"enemies":"Jaw Worm","floor":8,"turns":5},{"damage":0,"enemies":"Replay:BlueRogue","floor":10,"turns":1}],"seed_played":"-4026678781654823473","potions_obtained":[{"floor":2,"key":"Fire Potion"},{"floor":8,"key":"Strength Potion"}],"is_trial":false,"path_per_floor":["M","M","?","?","?","E","R","M","T","E"],"character_chosen":"THE_SILENT","items_purchased":[],"campfire_rested":0,"item_purchase_floors":[],"current_hp_per_floor":[59,59,59,59,59,59,59,57,62,62,62],"gold":173,"neow_bonus":"THREE_ENEMY_KILL","is_daily":false,"chose_seed":false,"campfire_upgraded":1,"win_rate":0.0,"timestamp":1609321903,"path_taken":["M","M","?","?","?","E","R","M","T","E"],"items_purchased_type":[],"build_version":"2020-12-22","purchased_purges":0,"victory":false,"max_hp_per_floor":[66,66,66,66,66,66,66,66,71,71,71],"card_choices":[{"not_picked":["Hidden Blade","Sucker Punch"],"picked":"Acrobatics","floor":1},{"not_picked":["Cloak And Dagger","Dodge and Roll"],"picked":"Calculated Gamble","floor":2},{"not_picked":["Crippling Poison","Catalyst"],"picked":"Footwork","floor":6},{"not_picked":["Slice","Blur","Corpse Explosion"],"picked":"SKIP","floor":8}],"player_experience":549866,"relics_obtained":[{"floor":6,"key":"TungstenRod"},{"floor":9,"key":"Durian"}],"event_choices":[{"damage_healed":0,"gold_gain":0,"cards_transformed":["Strike_G"],"player_choice":"Change","damage_taken":0,"max_hp_gain":0,"max_hp_loss":0,"event_name":"Living Wall","floor":3,"gold_loss":0,"cards_obtained":["Calculated Gamble"]},{"damage_healed":0,"gold_gain":0,"player_choice":"Ignored","damage_taken":0,"max_hp_gain":0,"max_hp_loss":0,"event_name":"Liars Game","floor":5,"gold_loss":0}],"is_beta":false,"boss_relics":[],"items_purged_floors":[],"is_endless":false,"potions_floor_spawned":[2,8],"killed_by":"Replay:BlueRogue","ascension_level":20}}