{"host":"waq1ashgqt0tulkv","time":1609369678,"event":{"mods":["BaseMod","Downfall","Hermit","Infinite Spire","Minty Spire (QoL Compilation)","Replay The Spire","StSLib","The Servant 0.9.4"],"gold_per_floor":[109,109,109,29,47,73,73,73,126,126,126,139,139,151,151,151,151],"floor_reached":16,"playtime":496,"items_purged":[],"score":123,"play_id":"1965007f-1395-4632-b2b2-854400dddeff","local_time":"20201230160758","is_ascension_mode":false,"campfire_choices":[{"data":"Dualcast","floor":7,"key":"SMITH"},{"data":"Ball Lightning","floor":10,"key":"SMITH"},{"floor":15,"key":"REST"}],"circlet_count":0,"master_deck":["Strike_B","Strike_B","Strike_B","Defend_B","Defend_B","Defend_B","Zap","Dualcast+1","Chill+1","Ball Lightning+1","Barrage","Leap","Ball Lightning+1","Beam Cell+1","infinitespire:Punishment","Ball Lightning","Sweeping Beam"],"relics":["Cracked Core","NeowsBlessing","ReplayTheSpireMod:Lightbulb","Ancient Tea Set"],"acts_visited":["Exordium"],"potions_floor_usage":[],"damage_taken":[{"damage":0,"enemies":"2 Louse","floor":1,"turns":1},{"damage":0,"enemies":"Jaw Worm","floor":5,"turns":1},{"damage":0,"enemies":"Lagavulin","floor":6,"turns":1},{"damage":0,"enemies":"Small Slimes","floor":12,"turns":1},{"damage":0,"enemies":"2 Fungi Beasts","floor":14,"turns":2},{"damage":90,"enemies":"Fading Forest","floor":16,"turns":10}],"seed_played":"3185474072036536398","potions_obtained":[{"floor":5,"key":"Death Potion"},{"floor":14,"key":"Milkshake"}],"is_trial":false,"path_per_floor":["M","?","?","$","M","E","R","?","T","R","?","M","?","M","R","B"],"character_chosen":"DEFECT","items_purchased":["Ball Lightning+1","Barrage"],"campfire_rested":1,"item_purchase_floors":[4,4],"current_hp_per_floor":[75,75,75,75,75,75,75,75,75,75,58,58,51,51,73,0,0],"gold":151,"neow_bonus":"THREE_ENEMY_KILL","is_daily":false,"chose_seed":false,"campfire_upgraded":2,"win_rate":0.0,"timestamp":1609369678,"path_taken":["M","?","?","$","M","E","R","?","T","R","?","M","?","M","R","BOSS"],"items_purchased_type":["Card","Card"],"build_version":"2020-12-13","purchased_purges":0,"victory":false,"max_hp_per_floor":[75,75,75,75,75,75,75,75,75,75,75,75,75,75,75,75,75],"card_choices":[{"not_picked":["Streamline","Reinforced Body"],"picked":"Chill","floor":1},{"not_picked":["Hologram","BasicCrystalCard"],"picked":"Leap","floor":5},{"not_picked":["Conserve Battery","ReplayTheSpireMod:Omega Cannon"],"picked":"Ball Lightning","floor":6},{"not_picked":["infinitespire:UltimateForm","ReplayTheSpireMod:Black Plague"],"picked":"infinitespire:Punishment","floor":11},{"not_picked":["Hologram","Steam"],"picked":"Ball Lightning","floor":12},{"not_picked":["Steam","Panic Button"],"picked":"Sweeping Beam","floor":14}],"player_experience":6263,"relics_obtained":[{"floor":6,"key":"ReplayTheSpireMod:Lightbulb"},{"floor":9,"key":"Ancient Tea Set"}],"event_choices":[{"damage_healed":0,"gold_gain":0,"player_choice":"Leave","damage_taken":0,"max_hp_gain":0,"max_hp_loss":0,"event_name":"The Cleric","floor":2,"gold_loss":0},{"cards_removed":["Strike_B"],"damage_healed":0,"gold_gain":0,"player_choice":"Card Removal","damage_taken":7,"max_hp_gain":0,"max_hp_loss":0,"event_name":"Golden Wing","floor":13,"gold_loss":0}],"is_beta":false,"boss_relics":[],"items_purged_floors":[],"is_endless":false,"potions_floor_spawned":[5,14],"killed_by":"Fading Forest","ascension_level":0}}