{"host":"ecaj4hn004xnnrw9","time":1609293633,"event":{"mods":["AchievementEnabler","BaseMod","Hermit","Minty Spire (QoL Compilation)","Quick Restart","Replay The Spire","Shop Mod","StSLib","The Jungle"],"gold_per_floor":[114,64,83,83,136,171,185,204,276,276,292,302,331,347,347,446,496,515,515,515,534,547,547,580,580,580,614,614,647,657,3,3,98,98,112,112,125,143,194,194,222,235,235,0,20,43,76,126,126,126],"floor_reached":51,"playtime":3472,"items_purged":["Strike_R"],"score":1020,"play_id":"967d7d2c-cdbd-4f86-abf9-19d1b5486191","local_time":"20201230020033","is_ascension_mode":true,"campfire_choices":[{"data":"Disarm","floor":15,"key":"SMITH"},{"data":"Metallicize","floor":23,"key":"SMITH"},{"data":"Metallicize","floor":25,"key":"SMITH"},{"data":"Sword Boomerang","floor":28,"key":"SMITH"},{"data":"Heavy Blade","floor":32,"key":"SMITH"},{"data":"Limit Break","floor":40,"key":"SMITH"}],"circlet_count":0,"master_deck":["Strike_R","Strike_R","Defend_R+1","Defend_R+1","Defend_R+1","Defend_R","Bash","Heavy Blade","Clothesline","Demonic Infusion+1","ReplayTheSpireMod:Muscle Training","Feed","Cleave","Sword Boomerang+1","ReplayTheSpireMod:Muscle Training","ReplayTheSpireMod:Muscle Training","Disarm+1","Reaper","Metallicize+1","Metallicize+1","Shrug It Off","Shrug It Off","Heavy Blade+1","Headbutt","Limit Break+1","Burning Pact+1","Uppercut","Secret Technique","Replay:Sssssssssshield"],"relics":["Burning Blood","NeowsBlessing","Replay:Mystery Machine","TungstenRod","Paper Frog","ReplayTheSpireMod:Lightbulb","Tiny House","theJungle:BirthdayCakeSlice","Magic Flower","Pondfish Scales","War Paint","Gambling Chip","BargainBundle","Unceasing Top","Dream Catcher","Ooze Armor","Vajra","Champion Belt","Incense Burner","Quantum Egg","Red Mask","Red Skull","Ornamental Fan","CaptainsWheel"],"acts_visited":["Exordium","Exordium","TheBeyond"],"potions_floor_usage":[13,18,22,24,33,33,39,41,48],"damage_taken":[{"damage":0,"enemies":"Jaw Worm","floor":1,"turns":1},{"damage":0,"enemies":"2 Louse","floor":3,"turns":1},{"damage":0,"enemies":"Gremlin Nob","floor":6,"turns":1},{"damage":0,"enemies":"Cultist","floor":7,"turns":4},{"damage":7,"enemies":"Blue Slaver","floor":8,"turns":6},{"damage":3,"enemies":"Exordium Wildlife","floor":11,"turns":6},{"damage":2,"enemies":"Red Slaver","floor":12,"turns":4},{"damage":9,"enemies":"Replay:BlueRogue","floor":13,"turns":4},{"damage":10,"enemies":"Looter","floor":14,"turns":2},{"damage":20,"enemies":"The Guardian","floor":16,"turns":10},{"damage":25,"enemies":"theJungle:GiantWrat","floor":18,"turns":4},{"damage":36,"enemies":"theJungle:5_Spyders","floor":21,"turns":7},{"damage":19,"enemies":"theJungle:JungleHuntersEncounter","floor":22,"turns":8},{"damage":58,"enemies":"theJungle:MamaSnecko","floor":24,"turns":8},{"damage":30,"enemies":"theJungle:Cassacara","floor":27,"turns":9},{"damage":16,"enemies":"theJungle:MamaSnecko","floor":29,"turns":9},{"damage":6,"enemies":"Snake Plant","floor":30,"turns":6},{"damage":74,"enemies":"theJungle:TotemBoss","floor":33,"turns":14},{"damage":2,"enemies":"Orb Walker","floor":35,"turns":3},{"damage":4,"enemies":"3 Darklings","floor":37,"turns":4},{"damage":55,"enemies":"4 Shapes","floor":38,"turns":7},{"damage":19,"enemies":"2 Orb Walkers","floor":39,"turns":6},{"damage":55,"enemies":"Giant Head","floor":41,"turns":8},{"damage":37,"enemies":"Writhing Mass","floor":42,"turns":12},{"damage":5,"enemies":"Spire Growth","floor":45,"turns":5},{"damage":0,"enemies":"R_Hoarder","floor":47,"turns":6},{"damage":0,"enemies":"Mind Bloom Boss Battle","floor":48,"turns":5},{"damage":28,"enemies":"Replay:Hell Engine","floor":50,"turns":9}],"seed_played":"-2622616859011992584","potions_obtained":[{"floor":3,"key":"Doom Potion"},{"floor":5,"key":"Fire Potion"},{"floor":11,"key":"Energy Potion"},{"floor":13,"key":"Strength Potion"},{"floor":24,"key":"FairyPotion"},{"floor":27,"key":"SpeedPotion"},{"floor":30,"key":"ElixirPotion"},{"floor":33,"key":"Reflective Coating"},{"floor":38,"key":"FearPotion"},{"floor":39,"key":"Adrenaline Potion"},{"floor":42,"key":"Energy Potion"},{"floor":48,"key":"ElixirPotion"}],"is_trial":false,"path_per_floor":["M","$","M","?","?","E","M","M","T","?","M","M","E","M","R","B",null,"M","?","?","M","M","R","E","R","T","E","R","E","M","$","R","B",null,"M","?","M","M","?","R","E","M","T","?","M","T","E","?","R","B",null],"character_chosen":"IRONCLAD","items_purchased":["Clothesline","BargainBundle","Shrug It Off","Heavy Blade","Headbutt","Unceasing Top","AttackPotion","ColorlessPotion","Dream Catcher"],"campfire_rested":0,"item_purchase_floors":[2,31,31,31,31,31,31,31,31],"current_hp_per_floor":[78,78,80,80,60,66,75,77,77,71,74,78,75,71,71,57,84,65,70,70,44,51,51,35,35,35,46,46,87,90,90,90,33,87,105,105,108,67,62,62,94,117,117,117,120,120,120,120,111,92],"gold":126,"neow_bonus":"THREE_ENEMY_KILL","is_daily":false,"chose_seed":false,"campfire_upgraded":6,"win_rate":0.0,"timestamp":1609293633,"path_taken":["M","$","M","?","?","E","M","M","T","?","?","?","E","M","R","BOSS","M","?","?","M","M","R","E","R","T","E","R","E","?","$","R","BOSS","M","?","?","M","?","R","E","M","T","?","M","?","E","?","R","BOSS"],"items_purchased_type":["Card","Relic","Card","Card","Card","Relic","Potion","Potion","Relic"],"build_version":"2020-12-22","purchased_purges":1,"victory":true,"max_hp_per_floor":[80,80,80,80,80,80,83,86,86,86,86,86,86,86,86,86,91,91,96,96,99,102,102,102,102,102,102,102,102,102,102,102,105,105,105,105,108,111,114,114,114,117,117,117,120,120,120,120,120,120],"card_choices":[{"not_picked":["Dark Embrace","Anger"],"picked":"Heavy Blade","floor":1},{"not_picked":["Iron Wave","Abandon","Armaments"],"picked":"SKIP","floor":3},{"not_picked":["Thunderclap","Body Slam"],"picked":"ReplayTheSpireMod:Muscle Training","floor":5},{"not_picked":["Inflame","Replay:Undeath\u0027s Touch"],"picked":"Feed","floor":6},{"not_picked":["Body Slam","Twin Strike"],"picked":"Cleave","floor":7},{"not_picked":["Run Through","Wild Strike"],"picked":"Sword Boomerang","floor":8},{"not_picked":["Flex","Shrug It Off"],"picked":"ReplayTheSpireMod:Muscle Training","floor":11},{"not_picked":["Defy Death","Shockwave","Hemokinesis"],"picked":"SKIP","floor":12},{"not_picked":["Sword Boomerang","Perfected Strike"],"picked":"ReplayTheSpireMod:Muscle Training","floor":13},{"not_picked":["Perfected Strike","Body Slam"],"picked":"Disarm","floor":14},{"not_picked":["Eclipse","Double Tap"],"picked":"Reaper","floor":16},{"not_picked":["Searing Blow","Infernal Blade","Replay:Undeath\u0027s Touch"],"picked":"SKIP","floor":18},{"not_picked":["Sever Soul","Cleave","ReplayTheSpireMod:Limb From Limb"],"picked":"SKIP","floor":21},{"not_picked":["ReplayTheSpireMod:Strike From Hell","Massacre"],"picked":"Metallicize","floor":22},{"not_picked":["Iron Wave","Anger"],"picked":"Metallicize","floor":24},{"not_picked":["Havoc","Wild Strike","Fiend Fire"],"picked":"SKIP","floor":27},{"not_picked":["Perfected Strike+1","Wild Strike+1","Flex"],"picked":"SKIP","floor":29},{"not_picked":["Havoc","ReplayReversal"],"picked":"Shrug It Off","floor":30},{"not_picked":["Reaper","Juggernaut"],"picked":"Limit Break","floor":33},{"not_picked":["Dual Wield+1","Sword Boomerang+1","Cleave+1"],"picked":"SKIP","floor":35},{"not_picked":["Sword Boomerang","True Grit","Armaments"],"picked":"SKIP","floor":37},{"not_picked":["Perfected Strike+1","Armaments+1","Anger+1"],"picked":"SKIP","floor":38},{"not_picked":["Sword Boomerang","Reckless Charge"],"picked":"Burning Pact+1","floor":39},{"not_picked":["Combust","ReplayTheSpireMod:Limb From Limb+1"],"picked":"Uppercut","floor":41},{"not_picked":["Cleave","Immolate","Run Through+1"],"picked":"SKIP","floor":42},{"not_picked":["Clothesline+1","Dark Embrace+1","Headbutt+1"],"picked":"SKIP","floor":45},{"not_picked":["Twin Strike+1","Power Through+1","Clash"],"picked":"SKIP","floor":47},{"not_picked":["Good Instincts","Replay:Parry"],"picked":"Secret Technique","floor":49},{"not_picked":["Bandage Up","Swift Strike"],"picked":"Replay:Sssssssssshield","floor":49}],"player_experience":207061,"relics_obtained":[{"floor":5,"key":"Replay:Mystery Machine"},{"floor":6,"key":"TungstenRod"},{"floor":9,"key":"Paper Frog"},{"floor":13,"key":"ReplayTheSpireMod:Lightbulb"},{"floor":24,"key":"Magic Flower"},{"floor":26,"key":"Pondfish Scales"},{"floor":27,"key":"War Paint"},{"floor":29,"key":"Gambling Chip"},{"floor":39,"key":"Champion Belt"},{"floor":41,"key":"Incense Burner"},{"floor":43,"key":"Quantum Egg"},{"floor":46,"key":"Red Skull"},{"floor":47,"key":"Ornamental Fan"},{"floor":48,"key":"CaptainsWheel"}],"event_choices":[{"cards_removed":["Strike_R"],"damage_healed":0,"gold_gain":0,"player_choice":"Card Removal","damage_taken":7,"max_hp_gain":0,"max_hp_loss":0,"event_name":"Golden Wing","floor":10,"gold_loss":0},{"damage_healed":0,"gold_gain":0,"player_choice":"0 cards matched","damage_taken":0,"max_hp_gain":0,"max_hp_loss":0,"event_name":"Match and Keep!","floor":20,"gold_loss":0,"cards_obtained":[]},{"damage_healed":0,"gold_gain":0,"player_choice":"Gave Potion","damage_taken":0,"relics_obtained":["Vajra"],"max_hp_gain":0,"max_hp_loss":0,"event_name":"WeMeetAgain","floor":36,"gold_loss":0},{"damage_healed":0,"gold_gain":0,"player_choice":"Fight","damage_taken":0,"max_hp_gain":0,"max_hp_loss":0,"event_name":"Mysterious Sphere","floor":39,"gold_loss":0},{"damage_healed":0,"gold_gain":0,"player_choice":"Paid","damage_taken":0,"relics_obtained":["Red Mask"],"max_hp_gain":0,"max_hp_loss":0,"event_name":"Tomb of Lord Red Mask","floor":44,"gold_loss":235},{"damage_healed":0,"gold_gain":0,"player_choice":"Fight","damage_taken":0,"max_hp_gain":0,"max_hp_loss":0,"event_name":"MindBloom","floor":48,"gold_loss":0},{"damage_healed":0,"gold_gain":0,"player_choice":"Memory 3","damage_taken":10,"max_hp_gain":0,"max_hp_loss":0,"event_name":"SensoryStone","floor":49,"gold_loss":0}],"is_beta":false,"boss_relics":[{"not_picked":["Black Star","Kintsugi"],"picked":"Tiny House"},{"not_picked":["Mark of Pain","Ring of Chaos"],"picked":"Ooze Armor"}],"items_purged_floors":[31],"is_endless":false,"potions_floor_spawned":[3,11,13,24,27,30,33,38,39,42,48],"ascension_level":9}}