{"host":"p245q48pmopyklqs","time":1609310204,"event":{"mods":["AchievementEnabler","BaseMod","DeckTracker","Minty Spire (QoL Compilation)","Relic Stats","Slay-I","StSLib","SuperFastMode"],"gold_per_floor":[112,128,128,128,139,139,164,164,218,143,143,159,309,44,44,118,118,129,129,44,44,44,44,69,119,142,161,177,0,0,11,11,11,11],"floor_reached":33,"playtime":3521,"items_purged":["Strike_B","Doubt"],"score":522,"play_id":"4b21710d-5f8c-40d1-bcc8-9bf3f7b9dc6e","local_time":"20201230153644","is_ascension_mode":true,"campfire_choices":[{"data":"Chaos","floor":6,"key":"SMITH"},{"data":"Zap","floor":8,"key":"SMITH"},{"data":"Dualcast","floor":11,"key":"SMITH"},{"data":"Coolheaded","floor":15,"key":"SMITH"},{"data":"Skim","floor":23,"key":"SMITH"},{"data":"Seek","floor":30,"key":"SMITH"},{"data":"Multi-Cast","floor":32,"key":"SMITH"}],"circlet_count":0,"master_deck":["AscendersBane","Strike_B","Defend_B","Defend_B","Defend_B","Zap+1","Dualcast+1","Chaos+1","Skim+1","Compile Driver","Coolheaded+1","Self Repair","Glacier","Compile Driver","Biased Cognition","Multi-Cast+1","Seek+1","Recycle"],"relics":["Cracked Core","Ancient Tea Set","Nunchaku","DataDisk","Philosopher\u0027s Stone","Potion Belt","Nilry\u0027s Codex","Vajra","Omamori"],"acts_visited":["Exordium","TheCity"],"potions_floor_usage":[7,7,7,24,33],"damage_taken":[{"damage":12.0,"enemies":"Small Slimes","floor":1.0,"turns":3.0},{"damage":2.0,"enemies":"2 Louse","floor":2.0,"turns":3.0},{"damage":5,"enemies":"Jaw Worm","floor":5,"turns":4},{"damage":13,"enemies":"3 Sentries","floor":7,"turns":6},{"damage":1,"enemies":"Blue Slaver","floor":12,"turns":3},{"damage":5,"enemies":"The Guardian","floor":16,"turns":11},{"damage":0,"enemies":"Chosen","floor":18,"turns":5},{"damage":33,"enemies":"Slavers","floor":24,"turns":5},{"damage":0,"enemies":"Spheric Guardian","floor":27,"turns":3},{"damage":4,"enemies":"Cultist and Chosen","floor":28,"turns":4},{"damage":17,"enemies":"Snake Plant","floor":31,"turns":4},{"damage":18,"enemies":"Automaton","floor":33,"turns":6}],"seed_played":"4068499377601310408","potions_obtained":[{"floor":2.0,"key":"EntropicBrew"},{"floor":5,"key":"Explosive Potion"},{"floor":16,"key":"ColorlessPotion"},{"floor":24,"key":"DuplicationPotion"},{"floor":27,"key":"Weak Potion"}],"is_trial":false,"path_per_floor":["M","M","?","?","M","R","E","R","T","$","R","M","?","$","R","B",null,"M","?","?","$","?","R","E","?","T","M","M","$","R","M","R","B"],"character_chosen":"DEFECT","items_purchased":["DataDisk","Seek"],"campfire_rested":0,"item_purchase_floors":[14,29],"current_hp_per_floor":[34,32,32,55,50,50,44,44,44,44,44,50,50,50,50,52,66,71,51,51,51,30,30,29,29,29,36,39,39,39,29,29,11,11],"gold":11,"neow_bonus":"TRANSFORM_TWO_CARDS","is_daily":false,"chose_seed":false,"campfire_upgraded":7,"win_rate":0.0,"timestamp":1609310204,"path_taken":["M","M","?","?","M","R","E","R","T","$","R","M","?","$","R","BOSS","M","?","?","$","?","R","E","?","T","M","M","?","R","?","R","BOSS"],"items_purchased_type":["Relic","Card"],"build_version":"2020-12-22","purchased_purges":2,"victory":false,"max_hp_per_floor":[71,71,71,71,71,71,71,71,71,71,71,71,71,71,71,71,71,71,76,76,76,76,76,76,76,76,76,76,76,76,76,76,76,76],"relic_stats":{"Nunchaku":[4],"counters":[12,57],"obtain_stats":[{"Potion Belt":20,"Nunchaku":9,"DataDisk":14,"Nilry\u0027s Codex":22,"Vajra":24,"Philosopher\u0027s Stone":17,"Omamori":26,"Cracked Core":0,"Ancient Tea Set":7},{"Potion Belt":7,"Nunchaku":4,"DataDisk":5,"Nilry\u0027s Codex":7,"Vajra":8,"Philosopher\u0027s Stone":6,"Omamori":8,"Cracked Core":0,"Ancient Tea Set":4},{"Potion Belt":35,"Nunchaku":16,"DataDisk":19,"Nilry\u0027s Codex":35,"Vajra":40,"Philosopher\u0027s Stone":30,"Omamori":40,"Cracked Core":0,"Ancient Tea Set":16}]},"card_choices":[{"not_picked":["Turbo","Sweeping Beam"],"picked":"Compile Driver","floor":1.0},{"not_picked":["Beam Cell","Capacitor"],"picked":"Coolheaded","floor":2.0},{"not_picked":["Tempest","Barrage"],"picked":"Self Repair","floor":5},{"not_picked":["Undo","Redo"],"picked":"Glacier","floor":7},{"not_picked":["Scrape","Darkness"],"picked":"Compile Driver","floor":12},{"not_picked":["Amplify","Machine Learning"],"picked":"Biased Cognition","floor":16},{"not_picked":["Ball Lightning","Streamline","Redo"],"picked":"SKIP","floor":18},{"not_picked":["Turbo+1","Rip and Tear"],"picked":"Multi-Cast","floor":24},{"not_picked":["Stack","Conserve Battery","Undo"],"picked":"SKIP","floor":27},{"not_picked":["Cold Snap","Stack","Leap"],"picked":"SKIP","floor":28},{"not_picked":["Force Field","Double Energy"],"picked":"Recycle","floor":31}],"player_experience":2322001,"relics_obtained":[{"floor":7,"key":"Ancient Tea Set"},{"floor":9,"key":"Nunchaku"},{"floor":22,"key":"Nilry\u0027s Codex"},{"floor":24,"key":"Vajra"},{"floor":26,"key":"Omamori"}],"event_choices":[{"cards_removed":["Defend_B"],"damage_healed":0,"gold_gain":0,"player_choice":"Forget","damage_taken":0,"max_hp_gain":0,"max_hp_loss":0,"event_name":"Living Wall","floor":3,"gold_loss":0},{"damage_healed":23,"gold_gain":0,"player_choice":"Banana","damage_taken":0,"max_hp_gain":0,"max_hp_loss":0,"event_name":"Big Fish","floor":4,"gold_loss":0},{"damage_healed":0,"gold_gain":150,"player_choice":"AGREE","damage_taken":0,"max_hp_gain":0,"max_hp_loss":0,"event_name":"Liars Game","floor":13,"gold_loss":0,"cards_obtained":["Doubt"]},{"damage_healed":0,"gold_gain":0,"player_choice":"Shed Blood","damage_taken":25,"max_hp_gain":5,"max_hp_loss":0,"event_name":"Forgotten Altar","floor":19,"gold_loss":0},{"damage_healed":0,"gold_gain":0,"player_choice":"Obtained Relic","damage_taken":0,"relics_obtained":["Potion Belt"],"max_hp_gain":0,"max_hp_loss":0,"event_name":"Addict","floor":20,"gold_loss":85},{"damage_healed":0,"gold_gain":0,"player_choice":"Obtained Book","damage_taken":21,"max_hp_gain":0,"max_hp_loss":0,"event_name":"Cursed Tome","floor":22,"gold_loss":0},{"damage_healed":0,"gold_gain":50,"player_choice":"Stole From Cult","damage_taken":0,"max_hp_gain":0,"max_hp_loss":0,"event_name":"Nest","floor":25,"gold_loss":0}],"is_beta":false,"boss_relics":[{"not_picked":["FrozenCore","Sozu"],"picked":"Philosopher\u0027s Stone"}],"items_purged_floors":[10,14],"is_endless":false,"potions_floor_spawned":[2,5,16,24,27],"killed_by":"Automaton","ascension_level":20}}