{"host":"avq773cl9g5msfol","time":1609316836,"event":{"mods":["AchievementEnabler","Act Like it!","Ascension Unlocker","Aspiration","Astrologer","Bard","Bartender","BaseMod","Better Altar","Better Third Choice","BetterRewards","CapriCore","ChefMod","Colored Map","Colored Powertips","Conspire","Dio Mod","Downfall","Elementarium","Energized Spire","Gensokyo","GifTheSpireLib","GungeonMod","Hallownest","Hermit","Highlight Path","Hubris","Humility","Infinite Spire","Jorbs\u0027s Wanderer Trilogy","Koishi","Magitek Elite","Marisa????????","Marked Mod","Menagerie","Minty Spire (QoL Compilation)","Pale of the Ancients","Potionbrewer","Quarter Circle Forward PUNCH!","Rare Cards Sparkle","Reimu??????","Relic Stats","Remilia??????","Replay The Spire","SacredBarkPlus","Shade Mod","Somnambulant","Spicy Shops","StSLib","Synergy Search","The Administrix","The Blue Laboratory","The Bug Knight","The Construct","The Cursed","The Dragon Tamer","The Exalted","The Hayseed","The Hierophant","The Immortal","The Judge","The Marked","The Mystic","The Problem Sleuth","The Runesmith","The Senshi","The Vixen","The Wild Card","TheArtist","TheFirefly","Wandering Minibosses","vexMod"],"gold_per_floor":[5438,5538,5538,124,124,163,163,194,238,267,148,181,181,197,210,286,286,174,174,174,190,200,200,200,200,231,250,278,278,290,323,342,417,517,442,462,462,462,643,662,734,734,752,534,534,579,579,629,642,542,542,577,391,391,391],"floor_reached":56,"playtime":5829,"items_purged":["hexamod:SoulSteal+1","Regret"],"score":3208,"play_id":"1492c596-b543-42f4-9cb4-c5a48f92e6d0","local_time":"20201230152716","is_ascension_mode":true,"campfire_choices":[{"data":"hexamod:Float","floor":1,"key":"SMITH"},{"floor":13,"key":"RECALL"},{"data":"Gensokyo:FourOfAKind","floor":23,"key":"SMITH"},{"data":"Gensokyo:FourOfAKind","floor":25,"key":"SMITH"},{"floor":45,"key":"REST"},{"floor":47,"key":"REST"},{"floor":54,"key":"REST"}],"circlet_count":0,"master_deck":["AscendersBane","hexamod:Sear+1","hexamod:Float+1","hexamod:GhostShield+1","hexamod:ShieldOfDarkness+1","hexamod:GhostLash+1","hexamod:EmpoweringStance+1","hexamod:BurningTouch+1","hexamod:RetreatToShadows+1","hexamod:SoulSteal+1","hubris:EnhanceAbility+1","hexamod:EmpoweredFlame+1","hexamod:ExtraCrispy+1","Sadistic Nature+1","hexamod:SpectersWail+1","hexamod:GhostLash+1","hexamod:PhantomFireball+1","hexamod:ShieldOfDarkness+1","hexamod:SwordOfDarkness+1","hexamod:RainOfEmbers+1","expansioncontent:DashGenerateEvil+1","hexamod:ParanormalForm+1","hexamod:TimeOfNeed+1","hexamod:HexaLevel+1","Master of Strategy+1","hexamod:UnleashSpirits+1","hexamod:GiftsFromTheDead+1","hexamod:FlamesFromBeyond+1","hexamod:TimeWarp+1","Panache+1","hexamod:SearingWound+1","hexamod:WildfireWeapon+1","hexamod:TimeWarp+1","Gensokyo:FourOfAKind+1","Gensokyo:FourOfAKind+1","Gensokyo:FourOfAKind+1","Gensokyo:FourOfAKind+1","hexamod:TurnItUp+1","hexamod:EmpoweringStance+1","hexamod:SpectersWail+1","Replay:SS_hec_2+1","hexamod:EtherealExpedition+1","hexamod:GiftsFromTheDead+1","hexamod:GiftsFromTheDead+1"],"relics":["hexamod:SpiritBrand","Golden Egg","Quantum Egg","PureWhite:ReiMu","Potion Belt","Happy Flower","construct:RocketBooster","ClockworkSouvenir","OrangePellets","Membership Card","vexMod:HeadHunter","hexamod:TheBrokenSeal","Ancient Tea Set","qcfpunch:Army_Boots","qcfpunch:Red_Beret","Vajra","wanderingMiniBosses:AbyssPearl","Cursed Key","downfall:HeartBlessingRed","downfall:HeartBlessingBlue","hubris:Icosahedron","qcfpunch:Lotus_Statue","WingedGreaves","Ornamental Fan","hubris:Towel","hubris:CrystalStatue","Replay:Wanted Poster","downfall:HeartBlessingGreen","qcfpunch:Wrestler\u0027s_Cloak","hexamod:InflammatoryLetter","Ice Cream","Bird Faced Urn","DemoMod:GlassGuonStoneRelic","InkBottle","HollowMod:JonisBlessing"],"acts_visited":["Gensokyo:Gensokyo","Gensokyo:Gensokyoer","TheBeyond","TheEnding"],"potions_floor_usage":[4,4,27,33,33,33,55,55,55,55,55],"damage_taken":[{"damage":0,"enemies":"Gensokyo:Gryphon","floor":4,"turns":3},{"damage":4,"enemies":"Gensokyo:Cirno","floor":6,"turns":6},{"damage":0,"enemies":"Gensokyo:Aya","floor":8,"turns":2},{"damage":0,"enemies":"Gensokyo:Cirno","floor":10,"turns":6},{"damage":3,"enemies":"downfall:FleeingMerchant","floor":11,"turns":4},{"damage":0,"enemies":"Gensokyo:Mamizou","floor":12,"turns":3},{"damage":0,"enemies":"Gensokyo:3_Fairies","floor":14,"turns":3},{"damage":3,"enemies":"Gensokyo:Python","floor":15,"turns":5},{"damage":10,"enemies":"downfall:Silent","floor":16,"turns":5},{"damage":0,"enemies":"Gensokyo:Chomper","floor":21,"turns":2},{"damage":0,"enemies":"Gensokyo:CosmicMonolith","floor":22,"turns":3},{"damage":0,"enemies":"Gensokyo:Reisen","floor":26,"turns":4},{"damage":5,"enemies":"Gensokyo:3_Gloops","floor":27,"turns":4},{"damage":0,"enemies":"Gensokyo:Tenshi","floor":28,"turns":2},{"damage":18,"enemies":"Gensokyo:Wraith","floor":30,"turns":4},{"damage":8,"enemies":"Gensokyo:Koishi","floor":31,"turns":5},{"damage":0,"enemies":"Gensokyo:Chomper_and_Gloop","floor":32,"turns":4},{"damage":23,"enemies":"downfall:Ironclad","floor":33,"turns":6},{"damage":3,"enemies":"3 Shapes","floor":36,"turns":3},{"damage":0,"enemies":"downfall:FleeingMerchant","floor":39,"turns":1},{"damage":0,"enemies":"3 Darklings","floor":40,"turns":3},{"damage":0,"enemies":"Transient","floor":43,"turns":7},{"damage":0,"enemies":"2 Orb Walkers","floor":46,"turns":3},{"damage":7,"enemies":"4 Shapes","floor":49,"turns":3},{"damage":0,"enemies":"downfall:Defect","floor":50,"turns":6},{"damage":0,"enemies":"downfall:CharBossMerchant","floor":52,"turns":5},{"damage":0,"enemies":"downfall:NeowBoss","floor":55,"turns":9}],"seed_played":"3811842154409577822","potions_obtained":[{"floor":4,"key":"blueLaboratory:ExaltedPotion"},{"floor":28,"key":"blueLaboratory:FruitPunch"},{"floor":33,"key":"potionbrewer:FireTonic"},{"floor":46,"key":"Block Potion"}],"is_trial":false,"path_per_floor":["R","?","?","M","$","E","T","E","?","E","$","E","R","M","M","B",null,"R_BF","?","?","M","M","R","T","R","E","M","E","?","M","E","M","B",null,"R","M","?","?","$","M","T","?","M","$","R","?","R","?","M","B",null,"E","$","R","B",null],"character_chosen":"THE_SPIRIT","items_purchased":["hubris:EnhanceAbility","hexamod:EmpoweredFlame","hexamod:ExtraCrispy","Sadistic Nature","hexamod:SpectersWail","PureWhite:ReiMu","Potion Belt","Dexterity Potion","Guardian:BlockOnCardUsePotion","hexamod:GhostLash","Happy Flower","hexamod:FirstSeal","hexamod:PhantomFireball","hexamod:ShieldOfDarkness","hexamod:SwordOfDarkness","Ancient Potion","potionbrewer:CleansingPotion","hexamod:ThirdSeal","hexamod:RainOfEmbers","expansioncontent:DashGenerateEvil","hexamod:FourthSeal","hexamod:ParanormalForm","construct:RocketBooster","ClockworkSouvenir","OrangePellets","hexamod:SecondSeal","hexamod:SixthSeal","hexamod:TimeOfNeed","Membership Card","hexamod:HexaLevel+1","Master of Strategy","Panache","qcfpunch:Wrestler\u0027s_Cloak","Ice Cream","Replay:SS_hec_2","hexamod:EtherealExpedition","HollowMod:JonisBlessing","hexamod:GiftsFromTheDead"],"campfire_rested":3,"item_purchase_floors":[0,0,0,0,0,0,0,0,0,0,0,0,0,0,0,0,0,0,0,0,0,0,0,0,0,0,0,0,0,0,0,11,39,44,44,53,53,53],"current_hp_per_floor":[57,57,57,63,63,73,73,73,73,73,70,70,70,70,67,57,69,79,79,54,54,54,54,54,54,54,49,49,49,31,23,23,2,43,43,40,45,45,45,45,45,45,45,45,56,56,56,56,52,56,56,56,56,56,56],"gold":391,"neow_bonus":"","is_daily":false,"chose_seed":false,"campfire_upgraded":3,"win_rate":0.0,"timestamp":1609316836,"path_taken":["R","?","?","M","?","E","T","E","?","E","$","E","R","?","M","BOSS","R_BF","?","?","M","M","R","T","R","E","?","E","?","M","E","M","BOSS","R","M","?","?","$","?","T","?","M","$","R","?","R","?","M","BOSS","E","$","R","BOSS"],"items_purchased_type":["Card","Card","Card","Card","Card","Relic","Relic","Potion","Potion","Card","Relic","Card","Card","Card","Card","Potion","Potion","Card","Card","Card","Card","Card","Relic","Relic","Relic","Card","Card","Card","Relic","Card","Card","Card","Relic","Relic","Card","Card","Relic","Card"],"build_version":"2020-12-22","purchased_purges":2,"victory":true,"max_hp_per_floor":[63,63,63,63,63,73,73,73,73,73,73,73,73,73,73,73,73,83,83,54,54,54,54,54,54,54,54,54,54,54,54,54,56,56,56,56,56,56,56,56,56,56,56,56,56,56,56,56,56,56,56,56,56,56,56],"relic_stats":{"OrangePellets":[41],"Happy Flower":[37],"counters":[102,325],"Ornamental Fan":[72],"Bird Faced Urn":[7],"Cursed Key":2,"obtain_stats":[{"Golden Egg":1,"downfall:HeartBlessingGreen":35,"wanderingMiniBosses:OtherGremlinHorn":4,"Ginger":29,"qcfpunch:Red_Beret":35,"Old Coin":41,"Replay:Wanted Poster":34,"vexMod:InvisibilityCloak":0,"aspiration:PoetsPen":34,"Ribbon":0,"qcfpunch:Lotus_Statue":24,"construct:RocketBooster":0,"DemoMod:OrangeGuonStone":23,"HollowMod:JonisBlessing":53,"potionbrewer:Torch":38,"DemoMod:GundromedaStrain":48,"infinitespire:Broken Mirror":4,"Bird Faced Urn":46,"Tintinnabulum":12,"Pandora\u0027s Box":4,"hubris:TenFootPole":14,"qcfpunch:Spiky_Bracers":0,"aspiration:Lifesprig":7,"Bromod:ArcanePistoleer":23,"wanderingMiniBosses:AbyssPearl":15,"hubris:EmptyBottle":0,"Ancient Tea Set":41,"Gensokyo:PortableGap":17,"Cursed Key":17,"Pet Ghost":3,"Gensokyo:LunaticRedEyes":4,"Replay:Rubber Ducky":39,"hubris:Backtick":34,"Toolbox":37,"WingedGreaves":4,"aspiration:FutureDiary":0,"Guardian:BottledAnomaly":0,"InkBottle":52,"Potion Belt":31,"Slimebound:SelfDamagePreventRelic":22,"downfall:HeartBlessingRed":18,"DemoMod:WeirdEgg":0,"PreservedInsect":4,"hexamod:InflammatoryLetter":41,"infinitespire:CheckeredPen":8,"infinitespire:Lucky Rock":13,"hubris:Towel":29,"PureWhite:ReiMu":0,"Ornamental Fan":22,"CrazyTorch:ReiMu":45,"Slimebound:AbsorbEndCombat":0,"Garlic":26,"ReplayTheSpireMod:Lightbulb":37,"Ice Cream":0,"DemoMod:BlueGuonStone":0,"hubris:CrystalStatue":34,"Tea:ReiMu":24,"Vajra":12,"DemoMod:GlassGuonStoneRelic":2,"DemoMod:RiddleOfLead":17,"DemoMod:MonsterBlood":42,"DemoMod:ClearGuonStone":0,"hexamod:SpiritBrand":0,"Guardian:BottledStasis":0,"Happy Flower":0,"Oddly Smooth Stone":44,"Guardian:ModeShifter":0,"hexamod:TheBrokenSeal":3,"potionbrewer:BhaskarasWheel":17,"War Paint":40,"Question Card":0,"hexamod:MatchstickCase":8,"OrangePellets":29,"Replay:Baseball":28,"Shuriken":0,"infinitespire:EmpoweringShard":0,"aspiration:HatOfInfinitePower":11,"Meat on the Bone":9,"Bromod:ArcaneAvenger":44,"theSenshi:SuperSailorFukuRelic":0,"Juzu Bracelet":41,"Incense Burner":0,"hubris:SlimyHat":0,"DemoMod:WhiteGuonStone":40,"Empty Cage":5,"ClockworkSouvenir":45,"DemoMod:SevenLeafClover":26,"Frozen Eye":25,"hubris:Icosahedron":19,"downfall:HeartBlessingBlue":18,"downfall:KnowingSkull":20,"Genji_Glove":26,"qcfpunch:Wrestler\u0027s_Cloak":39,"hubris:DisguiseKit":45,"qcfpunch:Army_Boots":26,"ReplayTheSpireMod:Ninjato":22,"Replay:Towering Pillar of Hats":0,"aspiration:FetidBarrel":0,"Quantum Egg":1,"qcfpunch:White_Boots":0,"Pondfish Scales":0,"vexMod:HeadHunter":0,"qcfpunch:Red_Headband":24,"Bag of Marbles":43,"Membership Card":0,"DemoMod:WaxWing":17,"potionbrewer:Keyblade":19,"hexamod:IceCube":34,"RuthlessExorcism:ReiMu":25},{"Golden Egg":0,"downfall:HeartBlessingGreen":93,"wanderingMiniBosses:OtherGremlinHorn":2,"Ginger":15,"qcfpunch:Red_Beret":43,"Old Coin":45,"Replay:Wanted Poster":93,"vexMod:InvisibilityCloak":25,"aspiration:PoetsPen":18,"Ribbon":51,"qcfpunch:Lotus_Statue":86,"construct:RocketBooster":74,"DemoMod:OrangeGuonStone":12,"HollowMod:JonisBlessing":101,"potionbrewer:Torch":45,"DemoMod:GundromedaStrain":23,"infinitespire:Broken Mirror":2,"Bird Faced Urn":98,"Tintinnabulum":7,"Pandora\u0027s Box":2,"hubris:TenFootPole":32,"qcfpunch:Spiky_Bracers":51,"aspiration:Lifesprig":28,"Bromod:ArcanePistoleer":37,"wanderingMiniBosses:AbyssPearl":83,"hubris:EmptyBottle":25,"Ancient Tea Set":45,"Gensokyo:PortableGap":60,"Cursed Key":84,"Pet Ghost":27,"Gensokyo:LunaticRedEyes":53,"Replay:Rubber Ducky":68,"hubris:Backtick":43,"Toolbox":68,"WingedGreaves":53,"aspiration:FutureDiary":0,"Guardian:BottledAnomaly":51,"InkBottle":101,"Potion Belt":41,"Slimebound:SelfDamagePreventRelic":11,"downfall:HeartBlessingRed":84,"DemoMod:WeirdEgg":51,"PreservedInsect":27,"hexamod:InflammatoryLetter":96,"infinitespire:CheckeredPen":29,"infinitespire:Lucky Rock":57,"hubris:Towel":89,"PureWhite:ReiMu":74,"Ornamental Fan":11,"CrazyTorch:ReiMu":22,"Slimebound:AbsorbEndCombat":0,"Garlic":39,"ReplayTheSpireMod:Lightbulb":68,"Ice Cream":51,"DemoMod:BlueGuonStone":25,"hubris:CrystalStatue":43,"Tea:ReiMu":62,"Vajra":81,"DemoMod:GlassGuonStoneRelic":1,"DemoMod:RiddleOfLead":60,"DemoMod:MonsterBlood":69,"DemoMod:ClearGuonStone":25,"hexamod:SpiritBrand":51,"Guardian:BottledStasis":25,"Happy Flower":25,"Oddly Smooth Stone":22,"Guardian:ModeShifter":25,"hexamod:TheBrokenSeal":53,"potionbrewer:BhaskarasWheel":9,"War Paint":21,"Question Card":25,"hexamod:MatchstickCase":54,"OrangePellets":40,"Replay:Baseball":14,"Shuriken":51,"infinitespire:EmpoweringShard":51,"aspiration:HatOfInfinitePower":56,"Meat on the Bone":30,"Bromod:ArcaneAvenger":72,"theSenshi:SuperSailorFukuRelic":25,"Juzu Bracelet":21,"Incense Burner":25,"hubris:SlimyHat":25,"DemoMod:WhiteGuonStone":21,"Empty Cage":76,"ClockworkSouvenir":22,"DemoMod:SevenLeafClover":39,"Frozen Eye":62,"hubris:Icosahedron":84,"downfall:HeartBlessingBlue":84,"downfall:KnowingSkull":10,"Genji_Glove":39,"qcfpunch:Wrestler\u0027s_Cloak":95,"hubris:DisguiseKit":22,"qcfpunch:Army_Boots":39,"ReplayTheSpireMod:Ninjato":62,"Replay:Towering Pillar of Hats":51,"aspiration:FetidBarrel":25,"Quantum Egg":0,"qcfpunch:White_Boots":51,"Pondfish Scales":25,"vexMod:HeadHunter":74,"qcfpunch:Red_Headband":12,"Bag of Marbles":71,"Membership Card":51,"DemoMod:WaxWing":34,"potionbrewer:Keyblade":60,"hexamod:IceCube":67,"RuthlessExorcism:ReiMu":63},{"Golden Egg":0,"downfall:HeartBlessingGreen":285,"wanderingMiniBosses:OtherGremlinHorn":8,"Ginger":42,"qcfpunch:Red_Beret":120,"Old Coin":126,"Replay:Wanted Poster":285,"vexMod:InvisibilityCloak":71,"aspiration:PoetsPen":52,"Ribbon":143,"qcfpunch:Lotus_Statue":256,"construct:RocketBooster":213,"DemoMod:OrangeGuonStone":33,"HollowMod:JonisBlessing":316,"potionbrewer:Torch":126,"DemoMod:GundromedaStrain":66,"infinitespire:Broken Mirror":8,"Bird Faced Urn":302,"Tintinnabulum":17,"Pandora\u0027s Box":8,"hubris:TenFootPole":86,"qcfpunch:Spiky_Bracers":143,"aspiration:Lifesprig":78,"Bromod:ArcanePistoleer":99,"wanderingMiniBosses:AbyssPearl":246,"hubris:EmptyBottle":71,"Ancient Tea Set":126,"Gensokyo:PortableGap":173,"Cursed Key":251,"Pet Ghost":76,"Gensokyo:LunaticRedEyes":151,"Replay:Rubber Ducky":193,"hubris:Backtick":120,"Toolbox":193,"WingedGreaves":151,"aspiration:FutureDiary":0,"Guardian:BottledAnomaly":143,"InkBottle":316,"Potion Belt":110,"Slimebound:SelfDamagePreventRelic":28,"downfall:HeartBlessingRed":251,"DemoMod:WeirdEgg":143,"PreservedInsect":76,"hexamod:InflammatoryLetter":292,"infinitespire:CheckeredPen":81,"infinitespire:Lucky Rock":163,"hubris:Towel":266,"PureWhite:ReiMu":213,"Ornamental Fan":28,"CrazyTorch:ReiMu":64,"Slimebound:AbsorbEndCombat":0,"Garlic":107,"ReplayTheSpireMod:Lightbulb":193,"Ice Cream":143,"DemoMod:BlueGuonStone":71,"hubris:CrystalStatue":120,"Tea:ReiMu":178,"Vajra":238,"DemoMod:GlassGuonStoneRelic":4,"DemoMod:RiddleOfLead":173,"DemoMod:MonsterBlood":197,"DemoMod:ClearGuonStone":71,"hexamod:SpiritBrand":143,"Guardian:BottledStasis":71,"Happy Flower":71,"Oddly Smooth Stone":64,"Guardian:ModeShifter":71,"hexamod:TheBrokenSeal":150,"potionbrewer:BhaskarasWheel":23,"War Paint":62,"Question Card":71,"hexamod:MatchstickCase":154,"OrangePellets":108,"Replay:Baseball":38,"Shuriken":143,"infinitespire:EmpoweringShard":143,"aspiration:HatOfInfinitePower":158,"Meat on the Bone":83,"Bromod:ArcaneAvenger":207,"theSenshi:SuperSailorFukuRelic":71,"Juzu Bracelet":62,"Incense Burner":71,"hubris:SlimyHat":71,"DemoMod:WhiteGuonStone":62,"Empty Cage":217,"ClockworkSouvenir":64,"DemoMod:SevenLeafClover":107,"Frozen Eye":178,"hubris:Icosahedron":251,"downfall:HeartBlessingBlue":251,"downfall:KnowingSkull":25,"Genji_Glove":107,"qcfpunch:Wrestler\u0027s_Cloak":289,"hubris:DisguiseKit":64,"qcfpunch:Army_Boots":107,"ReplayTheSpireMod:Ninjato":178,"Replay:Towering Pillar of Hats":143,"aspiration:FetidBarrel":71,"Quantum Egg":0,"qcfpunch:White_Boots":143,"Pondfish Scales":71,"vexMod:HeadHunter":213,"qcfpunch:Red_Headband":33,"Bag of Marbles":203,"Membership Card":143,"DemoMod:WaxWing":91,"potionbrewer:Keyblade":173,"hexamod:IceCube":192,"RuthlessExorcism:ReiMu":181}],"InkBottle":[7]},"card_choices":[{"not_picked":["hexamod:BurningTouch","hexamod:AdvancingGuard","hexamod:NecessarySacrifice"],"picked":"SKIP","floor":4},{"not_picked":["hexamod:ShieldOfDarkness","hexamod:RainOfEmbers","hexamod:PhantomFireball"],"picked":"SKIP","floor":4},{"not_picked":["hexamod:SearingWound","hexamod:ParanormalForm"],"picked":"hexamod:UnleashSpirits","floor":6},{"not_picked":["hexamod:HeatMetal","hexamod:Firestarter","hexamod:EmpoweredFlame"],"picked":"SKIP","floor":6},{"not_picked":["hexamod:VolcanoVisage","hexamod:GiftsFromTheDead"],"picked":"hexamod:ApocalypticArmor","floor":8},{"not_picked":["hexamod:SkipABeat","hexamod:ParanormalForm","hexamod:BurningTouch"],"picked":"SKIP","floor":8},{"not_picked":["hexamod:ParanormalForm","hexamod:UnleashSpirits"],"picked":"hexamod:GiftsFromTheDead","floor":10},{"not_picked":["hexamod:GhostOfSpireFuture","hexamod:DynamicBlow"],"picked":"hexamod:FlamesFromBeyond","floor":10},{"not_picked":["hexamod:StepThrough","hexamod:Firestarter"],"picked":"hexamod:TimeWarp","floor":11},{"not_picked":["hexamod:TimeWarp","hexamod:ParanormalForm"],"picked":"hexamod:SearingWound","floor":12},{"not_picked":["hexamod:GhostShield","hexamod:Hexaguard"],"picked":"hexamod:WildfireWeapon","floor":12},{"not_picked":["hexamod:SwordOfDarkness","hexamod:Firestarter","hexamod:InspiringFlames"],"picked":"SKIP","floor":14},{"not_picked":["hexamod:GhostflameBarrier","hexamod:GhostShield","hexamod:FastForward"],"picked":"SKIP","floor":15},{"not_picked":["hexamod:HexaLevel","hexamod:UnleashSpirits"],"picked":"hexamod:TimeWarp","floor":16},{"not_picked":["hexamod:FirstSeal","hexamod:GhostLash","hexamod:InspiringFlames"],"picked":"SKIP","floor":21},{"not_picked":["hexamod:GhostLash","hexamod:SwordOfDarkness","hexamod:SoulSteal"],"picked":"SKIP","floor":22},{"not_picked":["hexamod:SixthSeal","hexamod:HexaLevel","hexamod:ParanormalForm"],"picked":"SKIP","floor":26},{"not_picked":["hexamod:FastForward","hexamod:RainOfEmbers","hexamod:CatchUp"],"picked":"SKIP","floor":26},{"not_picked":["hexamod:RainOfEmbers","hexamod:GhostShield","hexamod:FastForward"],"picked":"SKIP","floor":27},{"not_picked":["hexamod:ApocalypticArmor","hexamod:VolcanoVisage"],"picked":"hexamod:TurnItUp","floor":28},{"not_picked":["hexamod:FifthSeal","hexamod:Hexaguard","hexamod:Firestarter+1"],"picked":"SKIP","floor":28},{"not_picked":["hexamod:SpectersWail","hexamod:Hexaguard","hexamod:TimeWarp"],"picked":"SKIP","floor":30},{"not_picked":["hexamod:TurnItUp","hexamod:ParanormalForm"],"picked":"hexamod:EmpoweringStance","floor":31},{"not_picked":["hexamod:NightmareGuise","hexamod:Haunt","hexamod:FastForward+1"],"picked":"SKIP","floor":31},{"not_picked":["hexamod:NightmareStrike","hexamod:GhostLash","hexamod:SwordOfDarkness"],"picked":"SKIP","floor":32},{"not_picked":["hexamod:FlamesFromBeyond","hexamod:ThermalTransfer","hexamod:PhantomCloak"],"picked":"SKIP","floor":36},{"not_picked":["hexamod:ShieldOfDarkness","hexamod:InspiringFlames"],"picked":"hexamod:SpectersWail+1","floor":39},{"not_picked":["hexamod:SwordOfDarkness","hexamod:GhostOfSpireFuture","hexamod:AdvancingGuard+1"],"picked":"SKIP","floor":40},{"not_picked":["hexamod:SwordOfDarkness","hexamod:FlamesFromBeyond","hexamod:PhantomFireball"],"picked":"SKIP","floor":43},{"not_picked":["hexamod:HeatCrush+1","hexamod:Hexaguard","hexamod:InspiringFlames"],"picked":"SKIP","floor":49},{"not_picked":["hexamod:HexaLevel","hexamod:FifthSeal","hexamod:EmpoweringStance"],"picked":"SKIP","floor":52},{"not_picked":["hexamod:ThermalTransfer","hexamod:EmpoweredFlame+1","hexamod:FastForward"],"picked":"SKIP","floor":52}],"player_experience":1250429,"relics_obtained":[{"floor":6,"key":"Ancient Tea Set"},{"floor":8,"key":"qcfpunch:Army_Boots"},{"floor":10,"key":"qcfpunch:Red_Beret"},{"floor":12,"key":"Vajra"},{"floor":15,"key":"wanderingMiniBosses:AbyssPearl"},{"floor":24,"key":"qcfpunch:Lotus_Statue"},{"floor":26,"key":"WingedGreaves"},{"floor":28,"key":"Ornamental Fan"},{"floor":31,"key":"hubris:CrystalStatue"},{"floor":41,"key":"hexamod:InflammatoryLetter"},{"floor":46,"key":"Bird Faced Urn"},{"floor":52,"key":"InkBottle"}],"event_choices":[{"damage_healed":0,"gold_gain":44,"player_choice":"Grab what you can","damage_taken":0,"max_hp_gain":0,"max_hp_loss":0,"event_name":"Creature of the Night","floor":9,"gold_loss":0},{"cards_removed":["Regret"],"damage_healed":0,"gold_gain":0,"player_choice":"Purged","damage_taken":0,"max_hp_gain":0,"max_hp_loss":0,"event_name":"Purifier","floor":38,"gold_loss":0},{"damage_healed":0,"gold_gain":0,"player_choice":"Fight","damage_taken":0,"max_hp_gain":0,"max_hp_loss":0,"event_name":"Mysterious Sphere","floor":46,"gold_loss":0}],"is_beta":false,"boss_relics":[{"not_picked":["Ring of Chaos","Pandora\u0027s Box"],"picked":"Cursed Key"},{"not_picked":["energizedSpire:DeadBattery","Busted Crown"],"picked":"Replay:Wanted Poster"}],"items_purged_floors":[0,39],"is_endless":false,"potions_floor_spawned":[12,16,28,32,33,43,46,49,52],"ascension_level":20}}