{"host":"1rf9pknejqhzkc4o","time":1609368573,"event":{"mods":["BaseMod","Colored Map","Colored Powertips","Communication Mod","Downfall","Minty Spire (QoL Compilation)","Quick Restart","Rare Cards Sparkle","Relic Stats","StSLib"],"gold_per_floor":[118,137,137,36,56,56,80,0,0,0,0,0,0,20,20,20,20],"floor_reached":16,"playtime":449,"items_purged":["Injury"],"score":90,"play_id":"5fe41214-abd2-40d7-bb11-d80433a526e7","local_time":"20201231014933","is_ascension_mode":false,"campfire_choices":[{"data":"Perfected Strike","floor":6,"key":"SMITH"},{"data":"Heavy Blade","floor":12,"key":"SMITH"},{"data":"Whirlwind","floor":15,"key":"SMITH"}],"circlet_count":0,"master_deck":["Strike_R","Strike_R","Strike_R","Strike_R","Strike_R","Defend_R","Defend_R","Defend_R","Defend_R","Bash","Havoc","Perfected Strike+1","Heavy Blade+1","Headbutt","Dropkick","Whirlwind+1","Iron Wave"],"relics":["Burning Blood","Blood Vial","Golden Idol","Question Card"],"acts_visited":["Exordium"],"potions_floor_usage":[16,16,16],"damage_taken":[{"damage":8,"enemies":"Cultist","floor":1,"turns":5},{"damage":12,"enemies":"Small Slimes","floor":2,"turns":3},{"damage":13,"enemies":"Jaw Worm","floor":5,"turns":3},{"damage":15,"enemies":"Looter","floor":7,"turns":3},{"damage":1,"enemies":"Exordium Thugs","floor":14,"turns":3},{"damage":81,"enemies":"Slime Boss","floor":16,"turns":12}],"seed_played":"3875764354641105205","potions_obtained":[{"floor":2,"key":"SkillPotion"},{"floor":5,"key":"ElixirPotion"},{"floor":7,"key":"sneckomod:MuddlingPotion"}],"is_trial":false,"path_per_floor":["M","M","?","$","M","R","M","$","T","$","$","R","?","M","R","B"],"character_chosen":"IRONCLAD","items_purchased":["Heavy Blade","Whirlwind"],"campfire_rested":0,"item_purchase_floors":[4,8],"current_hp_per_floor":[78,74,74,74,69,69,62,62,62,62,62,62,67,74,74,0,0],"gold":20,"neow_bonus":"RANDOM_COMMON_RELIC","is_daily":false,"chose_seed":false,"campfire_upgraded":3,"win_rate":0.0,"timestamp":1609368573,"path_taken":["M","?","?","$","M","R","M","$","T","?","$","R","?","M","R","BOSS"],"items_purchased_type":["Card","Card"],"build_version":"2020-12-22","purchased_purges":1,"victory":false,"max_hp_per_floor":[80,80,80,80,80,80,80,80,80,80,80,80,85,85,85,85,85],"relic_stats":{"Blood Vial":10,"counters":[6,29],"Golden Idol":13,"Question Card":1,"obtain_stats":[{"Blood Vial":0,"Golden Idol":3,"Question Card":9,"Burning Blood":0},{"Blood Vial":0,"Golden Idol":2,"Question Card":4,"Burning Blood":0},{"Blood Vial":0,"Golden Idol":8,"Question Card":14,"Burning Blood":0}],"Burning Blood":30},"card_choices":[{"not_picked":["Wild Strike","Sever Soul"],"picked":"Havoc","floor":1},{"not_picked":["Armaments","Twin Strike"],"picked":"Perfected Strike","floor":2},{"not_picked":["Disarm","Sword Boomerang"],"picked":"Headbutt","floor":5},{"not_picked":["Feel No Pain","Fire Breathing"],"picked":"Dropkick","floor":7},{"not_picked":["Flame Barrier","Headbutt","Pommel Strike"],"picked":"Iron Wave","floor":14}],"player_experience":153325,"relics_obtained":[{"floor":9,"key":"Question Card"}],"event_choices":[{"damage_healed":0,"gold_gain":0,"player_choice":"Take Wound","damage_taken":0,"relics_obtained":["Golden Idol"],"max_hp_gain":0,"max_hp_loss":0,"event_name":"Golden Idol","floor":3,"gold_loss":0,"cards_obtained":["Injury"]},{"damage_healed":0,"gold_gain":0,"player_choice":"Donut","damage_taken":0,"max_hp_gain":5,"max_hp_loss":0,"event_name":"Big Fish","floor":13,"gold_loss":0}],"is_beta":false,"boss_relics":[],"items_purged_floors":[4],"is_endless":false,"potions_floor_spawned":[2,5,7],"killed_by":"Slime Boss","ascension_level":0}}