{"host":"3a1ypf1irl30q4k8","time":1609341034,"event":{"mods":["AchievementEnabler","BaseMod","Bestiary","Colored Map","Minty Spire (QoL Compilation)","Relic Stats"],"gold_per_floor":[14,27,127,142,157,157,171,171,171,171,204,218,236,253,253,253,253],"floor_reached":16,"playtime":869,"items_purged":[],"score":122,"play_id":"7accba8e-ccd6-41f3-b086-5790e63c9938","local_time":"20201230151034","is_ascension_mode":true,"campfire_choices":[{"floor":6,"key":"REST"},{"floor":8,"key":"REST"},{"data":"Sadistic Nature","floor":10,"key":"SMITH"},{"floor":15,"key":"REST"}],"circlet_count":0,"master_deck":["Strike_P","Strike_P","Strike_P","Strike_P","Defend_P","Defend_P","Defend_P","Defend_P","Eruption","Vigilance","Sadistic Nature+1","CrushJoints","CrushJoints","EmptyBody","FollowUp","InnerPeace","Prostrate","SashWhip","FollowUp","BowlingBash"],"relics":["PureWater","Sundial","Girya"],"acts_visited":["Exordium"],"potions_floor_usage":[14,14,16,16],"damage_taken":[{"damage":7,"enemies":"Jaw Worm","floor":1,"turns":4},{"damage":2,"enemies":"Cultist","floor":2,"turns":3},{"damage":2,"enemies":"2 Louse","floor":4,"turns":3},{"damage":37,"enemies":"Gremlin Gang","floor":5,"turns":7},{"damage":11,"enemies":"3 Louse","floor":7,"turns":3},{"damage":29,"enemies":"Gremlin Nob","floor":11,"turns":4},{"damage":7,"enemies":"Exordium Wildlife","floor":12,"turns":7},{"damage":0,"enemies":"Blue Slaver","floor":13,"turns":3},{"damage":7,"enemies":"Exordium Thugs","floor":14,"turns":4},{"damage":40,"enemies":"The Guardian","floor":16,"turns":10}],"seed_played":"-2059359132793033946","potions_obtained":[{"floor":5,"key":"ColorlessPotion"},{"floor":11,"key":"Fire Potion"},{"floor":12,"key":"Fruit Juice"},{"floor":14,"key":"DuplicationPotion"}],"is_trial":false,"path_per_floor":["M","M","?","M","M","R","M","R","T","R","E","M","M","M","R","B"],"character_chosen":"WATCHER","items_purchased":[],"campfire_rested":3,"item_purchase_floors":[],"current_hp_per_floor":[65,63,63,61,24,45,34,55,55,55,26,19,19,17,40,0,0],"gold":253,"neow_bonus":"RANDOM_COLORLESS_2","is_daily":false,"chose_seed":false,"campfire_upgraded":1,"win_rate":0.0,"timestamp":1609341034,"path_taken":["M","M","?","M","M","R","M","R","T","R","E","M","M","M","R","BOSS"],"items_purchased_type":[],"build_version":"2020-12-22","purchased_purges":0,"victory":false,"max_hp_per_floor":[72,72,72,72,72,72,72,72,72,72,72,72,72,77,77,77,77],"relic_stats":{"counters":[10,48],"Sundial":[4],"obtain_stats":[{"Girya":11,"Sundial":9,"PureWater":0},{"Girya":6,"Sundial":5,"PureWater":0},{"Girya":24,"Sundial":20,"PureWater":0}]},"card_choices":[{"not_picked":["Thinking Ahead","Secret Weapon"],"picked":"Sadistic Nature","floor":0},{"not_picked":["ClearTheMind","LikeWater"],"picked":"CrushJoints","floor":1},{"not_picked":["Halt","Evaluate"],"picked":"CrushJoints","floor":2},{"not_picked":["ClearTheMind","Halt"],"picked":"EmptyBody","floor":4},{"not_picked":["FlyingSleeves","Consecrate"],"picked":"FollowUp","floor":5},{"not_picked":["Protect","FlyingSleeves"],"picked":"InnerPeace","floor":7},{"not_picked":["Meditate","ConjureBlade"],"picked":"Prostrate","floor":11},{"not_picked":["Consecrate","CutThroughFate"],"picked":"SashWhip","floor":12},{"not_picked":["BowlingBash","ThirdEye"],"picked":"FollowUp","floor":13},{"not_picked":["Meditate","EmptyFist"],"picked":"BowlingBash","floor":14}],"player_experience":912565,"relics_obtained":[{"floor":9,"key":"Sundial"},{"floor":11,"key":"Girya"}],"event_choices":[{"damage_healed":0,"gold_gain":100,"player_choice":"Pray","damage_taken":0,"max_hp_gain":0,"max_hp_loss":0,"event_name":"Golden Shrine","floor":3,"gold_loss":0}],"is_beta":false,"boss_relics":[],"items_purged_floors":[],"is_endless":false,"potions_floor_spawned":[5,11,12,14],"killed_by":"The Guardian","ascension_level":3}}