{"host":"dcj2yvrgcvh5dl2s","time":1609299738,"event":{"mods":["BaseMod","Better Note","Block Reminder","Colored Powertips","DeckTracker","Minty Spire (QoL Compilation)","Quick Restart","Rare Cards Sparkle","Relic Stats","StSLib"],"gold_per_floor":[20,39,87,102,180,211,228,553,553,570,600,620,635,647,647,647,647],"floor_reached":16,"playtime":776,"items_purged":[],"score":236,"play_id":"cfb8fc8c-aa7e-4a6b-8bbe-4d81ef29d530","local_time":"20201230134218","is_ascension_mode":true,"campfire_choices":[{"floor":15,"key":"REST"}],"circlet_count":0,"master_deck":["AscendersBane","Strike_R","Strike_R","Strike_R","Strike_R","Strike_R","Defend_R","Defend_R","Defend_R","Defend_R","Bash","Thunderclap","Flex","Body Slam","Pummel","Intimidate","Infernal Blade"],"relics":["Burning Blood","Champion Belt","PreservedInsect","Self Forming Clay","Vajra","Old Coin","Mummified Hand","Omamori","Odd Mushroom"],"acts_visited":["Exordium"],"potions_floor_usage":[8,16],"damage_taken":[{"damage":4,"enemies":"Cultist","floor":1,"turns":3},{"damage":11,"enemies":"Jaw Worm","floor":2,"turns":3},{"damage":7,"enemies":"Small Slimes","floor":4,"turns":3},{"damage":17,"enemies":"3 Sentries","floor":6,"turns":7},{"damage":7,"enemies":"Exordium Wildlife","floor":7,"turns":4},{"damage":17,"enemies":"Lagavulin","floor":8,"turns":5},{"damage":0,"enemies":"Large Slime","floor":10,"turns":4},{"damage":23,"enemies":"3 Sentries","floor":11,"turns":5},{"damage":20,"enemies":"The Mushroom Lair","floor":12,"turns":5},{"damage":8,"enemies":"Looter","floor":13,"turns":2},{"damage":7,"enemies":"3 Louse","floor":14,"turns":3},{"damage":37,"enemies":"Hexaghost","floor":16,"turns":9}],"seed_played":"-3979835114167357742","potions_obtained":[{"floor":1,"key":"Energy Potion"},{"floor":7,"key":"SneckoOil"},{"floor":8,"key":"Energy Potion"},{"floor":13,"key":"SkillPotion"}],"is_trial":false,"path_per_floor":["M","M","T","M","T","E","M","E","T","M","E","?","M","M","R","B"],"character_chosen":"IRONCLAD","items_purchased":[],"campfire_rested":1,"item_purchase_floors":[],"current_hp_per_floor":[70,65,65,64,64,53,52,41,41,47,30,16,14,13,35,0,0],"gold":647,"neow_bonus":"ONE_RARE_RELIC","is_daily":false,"chose_seed":false,"campfire_upgraded":0,"win_rate":0.0,"timestamp":1609299738,"path_taken":["M","M","?","M","?","E","M","E","T","M","E","?","M","M","R","BOSS"],"items_purchased_type":[],"build_version":"2020-12-22","purchased_purges":0,"victory":false,"max_hp_per_floor":[75,75,75,75,75,75,75,75,75,75,75,75,75,75,75,75,75],"relic_stats":{"counters":[12,53],"Self Forming Clay":[72],"Mummified Hand":[0],"PreservedInsect":95,"Champion Belt":[39],"obtain_stats":[{"Self Forming Clay":5,"Mummified Hand":9,"Vajra":6,"PreservedInsect":3,"Omamori":11,"Champion Belt":0,"Odd Mushroom":12,"Burning Blood":0,"Old Coin":8},{"Self Forming Clay":3,"Mummified Hand":6,"Vajra":4,"PreservedInsect":2,"Omamori":8,"Champion Belt":0,"Odd Mushroom":9,"Burning Blood":0,"Old Coin":6},{"Self Forming Clay":9,"Mummified Hand":25,"Vajra":16,"PreservedInsect":6,"Omamori":34,"Champion Belt":0,"Odd Mushroom":39,"Burning Blood":0,"Old Coin":25}],"Burning Blood":66},"card_choices":[{"not_picked":["Sentinel","Clash","Anger"],"picked":"SKIP","floor":1},{"not_picked":["Perfected Strike","Rage"],"picked":"Thunderclap","floor":2},{"not_picked":["Flame Barrier","Dark Embrace"],"picked":"Flex","floor":4},{"not_picked":["Pommel Strike","Bloodletting","Evolve"],"picked":"SKIP","floor":6},{"not_picked":["Warcry","Fiend Fire","Spot Weakness"],"picked":"SKIP","floor":7},{"not_picked":["Clothesline","True Grit"],"picked":"Body Slam","floor":8},{"not_picked":["Rampage","Havoc","Anger"],"picked":"SKIP","floor":10},{"not_picked":["Iron Wave","Thunderclap"],"picked":"Pummel","floor":11},{"not_picked":["Warcry","Clash"],"picked":"Intimidate","floor":13},{"not_picked":["Heavy Blade","Shrug It Off"],"picked":"Infernal Blade","floor":14}],"player_experience":2105967,"relics_obtained":[{"floor":3,"key":"PreservedInsect"},{"floor":5,"key":"Self Forming Clay"},{"floor":6,"key":"Vajra"},{"floor":8,"key":"Old Coin"},{"floor":9,"key":"Mummified Hand"},{"floor":11,"key":"Omamori"},{"floor":12,"key":"Odd Mushroom"}],"event_choices":[{"damage_healed":0,"gold_gain":0,"player_choice":"Fought Mushrooms","damage_taken":0,"max_hp_gain":0,"max_hp_loss":0,"event_name":"Mushrooms","floor":12,"gold_loss":0}],"is_beta":false,"boss_relics":[],"items_purged_floors":[],"is_endless":false,"potions_floor_spawned":[1,7,8,11,13],"killed_by":"Hexaghost","ascension_level":18}}