{"host":"o9zk16m4rt6ohnik","time":1609301770,"event":{"mods":["BaseMod","Minty Spire (QoL Compilation)","Shop Mod","StSLib","The Bug Knight"],"gold_per_floor":[111,111,129,92,92,92,111,146,146,146,212,212,212,212],"floor_reached":13,"playtime":526,"items_purged":[],"score":81,"play_id":"24b8e11f-6b8f-44e4-874d-05d154ee5b8f","local_time":"20201230011610","is_ascension_mode":false,"campfire_choices":[{"floor":6,"key":"REST"},{"floor":12,"key":"REST"}],"circlet_count":0,"master_deck":["Strike_P","Strike_P","Strike_P","Strike_P","Defend_P+1","Defend_P","Defend_P","Defend_P","Eruption+1","Vigilance","EmptyBody","FlyingSleeves","Study","Conclude","Consecrate","Injury"],"relics":["PureWater","NeowsBlessing","GremlinMask","Centennial Puzzle","Bottled Flame","Golden Idol"],"acts_visited":["Exordium"],"potions_floor_usage":[8],"damage_taken":[{"damage":0,"enemies":"Small Slimes","floor":1,"turns":1},{"damage":0,"enemies":"2 Louse","floor":3,"turns":1},{"damage":0,"enemies":"Cultist","floor":7,"turns":1},{"damage":63,"enemies":"3 Sentries","floor":8,"turns":9},{"damage":25,"enemies":"Gremlin Nob","floor":13,"turns":5}],"seed_played":"-5373497334628108321","potions_obtained":[{"floor":1,"key":"Weak Potion"}],"is_trial":false,"path_per_floor":["M","?","M","$","?","R","M","E","T","?","?","R","E"],"character_chosen":"WATCHER","items_purchased":["Study"],"campfire_rested":2,"item_purchase_floors":[4],"current_hp_per_floor":[72,58,58,58,58,72,72,9,9,9,9,30,5,5],"gold":212,"neow_bonus":"THREE_ENEMY_KILL","is_daily":false,"chose_seed":false,"campfire_upgraded":0,"win_rate":0.0,"timestamp":1609301770,"path_taken":["M","?","M","$","?","R","?","E","T","?","?","R","E"],"items_purchased_type":["Card"],"build_version":"2020-12-22","purchased_purges":0,"victory":false,"max_hp_per_floor":[72,72,72,72,72,72,72,72,72,72,72,72,72,72],"card_choices":[{"not_picked":["Fasting2","SashWhip"],"picked":"EmptyBody","floor":1},{"not_picked":["EmptyBody","Sanctity"],"picked":"FlyingSleeves","floor":3},{"not_picked":["CrushJoints","FlyingSleeves"],"picked":"Conclude","floor":7},{"not_picked":["Vault","Fasting2"],"picked":"Consecrate","floor":8}],"player_experience":154422,"relics_obtained":[{"floor":8,"key":"Centennial Puzzle"},{"floor":9,"key":"Bottled Flame"}],"event_choices":[{"damage_healed":0,"gold_gain":0,"player_choice":"Entered Light","damage_taken":14,"max_hp_gain":0,"max_hp_loss":0,"event_name":"Shining Light","floor":2,"gold_loss":0,"cards_upgraded":["Defend_P","Eruption"]},{"damage_healed":0,"gold_gain":0,"player_choice":"Trade","damage_taken":0,"relics_obtained":["GremlinMask"],"max_hp_gain":0,"max_hp_loss":0,"event_name":"FaceTrader","floor":5,"gold_loss":0},{"damage_healed":0,"gold_gain":0,"player_choice":"Take Wound","damage_taken":0,"relics_obtained":["Golden Idol"],"max_hp_gain":0,"max_hp_loss":0,"event_name":"Golden Idol","floor":10,"gold_loss":0,"cards_obtained":["Injury"]},{"damage_healed":0,"gold_gain":66,"player_choice":"Gained Gold","damage_taken":0,"max_hp_gain":0,"max_hp_loss":0,"event_name":"Golden Wing","floor":11,"gold_loss":0}],"is_beta":false,"boss_relics":[],"items_purged_floors":[],"is_endless":false,"potions_floor_spawned":[1],"killed_by":"Gremlin Nob","ascension_level":0}}