{"host":"Yuki","time":1609372041,"event":{"mods":["AchievementEnabler","BaseMod","Block Reminder","Colored Map","Colored Powertips","Googly Eyes","Highlight Path","Minty Spire (QoL Compilation)","Permanent Neow","Quick Restart","Random Character Button","Random Character Mod","Relic Stats","StSLib","The Wild Card","everything is the same but u backflip on backflip","slay the spire mod where everything is the same but ironclad has a cowboy hat"],"gold_per_floor":[112,127,147,159,171,204,204,231,286,286,316,99,99,115,115,214,264,278,295,314,314,65,94,111,38,65,65,91,91,116,128,128,226,226,239,114,134,150,169,169,201,201,201],"floor_reached":42,"playtime":3634,"items_purged":["Strike_P","Strike_P+1","Strike_P+1"],"score":586,"play_id":"30f09686-e383-4e24-ad70-31d4d26e04d5","local_time":"20201230174721","is_ascension_mode":true,"campfire_choices":[{"floor":7,"key":"REST"},{"floor":10,"key":"REST"},{"data":"TalkToTheHand","floor":15,"key":"SMITH"},{"floor":27,"key":"REST"},{"floor":29,"key":"REST"},{"floor":32,"key":"REST"},{"floor":40,"key":"RECALL"}],"circlet_count":0,"master_deck":["Strike_P+1","Defend_P+1","Defend_P+1","Defend_P+1","Defend_P+1","Eruption+1","Vigilance","FearNoEvil+1","SashWhip+1","WaveOfTheHand+1","EmptyFist+1","Wallop+1","ClearTheMind+1","Perseverance+1","TalkToTheHand+1","LessonLearned+1","EmptyBody+1","Sanctity+1","Tantrum+1","Study+1","FollowUp+1","Vault","Evaluate+1"],"relics":["VioletLotus","FossilizedHelix","Centennial Puzzle","War Paint","Sundial","Tiny House","Blood Vial","Anchor","Tiny Chest","Shuriken","Fusion Hammer","Strawberry"],"acts_visited":["Exordium","TheCity","TheBeyond"],"potions_floor_usage":[16,24],"damage_taken":[{"damage":12,"enemies":"Jaw Worm","floor":1,"turns":3},{"damage":0,"enemies":"Cultist","floor":2,"turns":2},{"damage":0,"enemies":"2 Louse","floor":3,"turns":4},{"damage":12,"enemies":"Looter","floor":4,"turns":4},{"damage":5,"enemies":"2 Fungi Beasts","floor":5,"turns":4},{"damage":29,"enemies":"Lagavulin","floor":6,"turns":7},{"damage":13,"enemies":"3 Sentries","floor":8,"turns":10},{"damage":8,"enemies":"Lagavulin","floor":11,"turns":5},{"damage":0,"enemies":"Blue Slaver","floor":14,"turns":5},{"damage":19,"enemies":"The Guardian","floor":16,"turns":19},{"damage":38,"enemies":"Spheric Guardian","floor":18,"turns":7},{"damage":5,"enemies":"Chosen","floor":19,"turns":9},{"damage":22,"enemies":"Sentry and Sphere","floor":20,"turns":12},{"damage":5,"enemies":"Book of Stabbing","floor":23,"turns":7},{"damage":1,"enemies":"Centurion and Healer","floor":24,"turns":9},{"damage":37,"enemies":"Slavers","floor":28,"turns":9},{"damage":5,"enemies":"Book of Stabbing","floor":30,"turns":7},{"damage":16,"enemies":"Chosen and Byrds","floor":31,"turns":8},{"damage":30,"enemies":"Collector","floor":33,"turns":12},{"damage":27,"enemies":"3 Darklings","floor":35,"turns":5},{"damage":0,"enemies":"3 Shapes","floor":37,"turns":8},{"damage":0,"enemies":"Maw","floor":38,"turns":11},{"damage":0,"enemies":"3 Darklings","floor":39,"turns":7},{"damage":62,"enemies":"Nemesis","floor":41,"turns":22},{"damage":11,"enemies":"4 Shapes","floor":42,"turns":5}],"seed_played":"-3404363258068064892","potions_obtained":[{"floor":1,"key":"Ambrosia"},{"floor":2,"key":"Fruit Juice"},{"floor":3,"key":"BlessingOfTheForge"},{"floor":16,"key":"SkillPotion"},{"floor":28,"key":"Strength Potion"}],"is_trial":false,"path_per_floor":["M","M","M","M","M","E","R","E","T","R","E","$","?","M","R","B",null,"M","M","M","?","$","E","M","$","T","R","E","R","E","M","R","B",null,"M","$","M","M","M","R","E","M"],"character_chosen":"WATCHER","items_purchased":["TalkToTheHand","LessonLearned","Blood Vial","Study"],"campfire_rested":5,"item_purchase_floors":[12,12,22,25],"current_hp_per_floor":[60,60,60,48,43,14,35,22,22,43,35,35,35,35,35,21,82,44,39,17,17,17,14,15,15,15,39,4,28,25,11,35,7,82,55,55,57,59,61,61,8,0,0],"gold":201,"neow_bonus":"BOSS_RELIC","is_daily":false,"chose_seed":false,"campfire_upgraded":1,"win_rate":0.0,"timestamp":1609372041,"path_taken":["M","M","M","M","M","E","R","E","T","R","E","$","?","?","R","BOSS","M","M","M","?","$","E","M","$","T","R","E","R","E","M","R","BOSS","M","$","M","M","M","R","E","M"],"items_purchased_type":["Card","Card","Relic","Card"],"build_version":"2020-12-18","purchased_purges":3,"victory":false,"max_hp_per_floor":[72,72,72,72,72,72,72,72,72,72,72,72,72,72,72,77,82,82,82,82,82,82,82,82,82,82,82,82,82,82,82,82,82,82,82,82,82,82,82,82,89,89,89],"relic_stats":{"Blood Vial":22,"Centennial Puzzle":[42],"counters":[25,201],"Sundial":[26],"Shuriken":[23],"Tiny Chest":0,"VioletLotus":[67],"War Paint":["WaveOfTheHand","Defend_P"],"obtain_stats":[{"Tiny House":17,"War Paint":9,"Blood Vial":22,"Centennial Puzzle":8,"Anchor":23,"Sundial":11,"Shuriken":30,"Strawberry":41,"Tiny Chest":28,"VioletLotus":0,"Fusion Hammer":34,"PureWater":0,"FossilizedHelix":6},{"Tiny House":10,"War Paint":7,"Blood Vial":13,"Centennial Puzzle":7,"Anchor":14,"Sundial":8,"Shuriken":17,"Strawberry":24,"Tiny Chest":16,"VioletLotus":0,"Fusion Hammer":19,"PureWater":0,"FossilizedHelix":6},{"Tiny House":63,"War Paint":34,"Blood Vial":91,"Centennial Puzzle":34,"Anchor":98,"Sundial":39,"Shuriken":123,"Strawberry":196,"Tiny Chest":116,"VioletLotus":0,"Fusion Hammer":143,"PureWater":0,"FossilizedHelix":24}]},"card_choices":[{"not_picked":["ReachHeaven","SignatureMove"],"picked":"FearNoEvil","floor":1},{"not_picked":["ThirdEye","Halt"],"picked":"SashWhip","floor":2},{"not_picked":["CrushJoints","WreathOfFlame"],"picked":"WaveOfTheHand","floor":3},{"not_picked":["CrushJoints","Wireheading"],"picked":"EmptyFist","floor":4},{"not_picked":["ForeignInfluence","EmptyFist"],"picked":"Wallop","floor":5},{"not_picked":["Tantrum","FlyingSleeves"],"picked":"ClearTheMind","floor":6},{"not_picked":["ThirdEye","CrushJoints","Protect"],"picked":"SKIP","floor":8},{"not_picked":["Swivel","DeceiveReality"],"picked":"Perseverance","floor":11},{"not_picked":["ClearTheMind","PathToVictory","Halt"],"picked":"SKIP","floor":14},{"not_picked":["BowlingBash","JustLucky"],"picked":"EmptyBody","floor":17},{"not_picked":["CrushJoints","Crescendo","Halt"],"picked":"SKIP","floor":18},{"not_picked":["Consecrate","CrushJoints+1"],"picked":"Sanctity","floor":19},{"not_picked":["Consecrate","BowlingBash+1"],"picked":"Tantrum","floor":20},{"not_picked":["Perseverance","Wish","Consecrate+1"],"picked":"SKIP","floor":23},{"not_picked":["ForeignInfluence","FlyingSleeves","ClearTheMind+1"],"picked":"SKIP","floor":24},{"not_picked":["Wireheading","Swivel","CrushJoints"],"picked":"SKIP","floor":28},{"not_picked":["Wish","SashWhip+1"],"picked":"FollowUp+1","floor":30},{"not_picked":["FearNoEvil+1","Nirvana+1","BattleHymn"],"picked":"SKIP","floor":31},{"not_picked":["ConjureBlade","MasterReality"],"picked":"Vault","floor":33},{"not_picked":["EmptyBody","EmptyFist"],"picked":"Evaluate","floor":35},{"not_picked":["PathToVictory+1","Study","JustLucky+1"],"picked":"SKIP","floor":37},{"not_picked":["Omniscience","EmptyBody","Protect+1"],"picked":"SKIP","floor":38},{"not_picked":["WreathOfFlame+1","ThirdEye","Protect+1"],"picked":"SKIP","floor":39},{"not_picked":["SpiritShield","CutThroughFate","EmptyBody"],"picked":"SKIP","floor":41}],"player_experience":1236388,"relics_obtained":[{"floor":6,"key":"FossilizedHelix"},{"floor":8,"key":"Centennial Puzzle"},{"floor":9,"key":"War Paint"},{"floor":11,"key":"Sundial"},{"floor":23,"key":"Anchor"},{"floor":28,"key":"Tiny Chest"},{"floor":30,"key":"Shuriken"},{"floor":41,"key":"Strawberry"}],"event_choices":[{"damage_healed":0,"gold_gain":0,"player_choice":"Upgraded","damage_taken":0,"max_hp_gain":0,"max_hp_loss":0,"event_name":"Upgrade Shrine","floor":13,"gold_loss":0,"cards_upgraded":["LessonLearned"]},{"damage_healed":0,"gold_gain":0,"player_choice":"Simplicity","damage_taken":0,"max_hp_gain":0,"max_hp_loss":0,"event_name":"Back to Basics","floor":21,"gold_loss":0,"cards_upgraded":["Strike_P","Strike_P","Defend_P","Defend_P","Defend_P"]}],"is_beta":true,"boss_relics":[{"not_picked":["Busted Crown","Velvet Choker"],"picked":"Tiny House"},{"not_picked":["SlaversCollar","Black Star"],"picked":"Fusion Hammer"}],"items_purged_floors":[12,22,36],"is_endless":false,"potions_floor_spawned":[1,2,3,4,16,19,28,31,33,39],"killed_by":"4 Shapes","ascension_level":2}}