{"host":"h4lp0eeso8a0ssq0","time":1609352241,"event":{"mods":["2.2 Compatiblity","AchievementEnabler","Astrologer","BaseMod","CapriCore","Colored Map","Downfall","Hermit","Lobotomy","Marisa£¨Ùöéë¡¡Øª×âÞÞ£©","Minty Spire (QoL Compilation)","StSLib","SuperFastMode","The Cursed","The Hierophant","The Immortal"],"gold_per_floor":[116,66,66,85,85,120,120,153,153,153,166,179,179,195,195,323,323,323,323,323,144,144,144,144,144,144,144,144,144,69,69,69,69,69,69,69,69,69,69,69,69,69,69,69,69,69,69,69,69,69,69,69,69,31,31,31],"floor_reached":55,"playtime":2390,"items_purged":["Strike_R"],"score":809,"play_id":"ad415387-a92c-4e46-bab0-0c7e98e54379","local_time":"20201231031721","is_ascension_mode":true,"campfire_choices":[{"data":"Shockwave","floor":7.0,"key":"SMITH"},{"data":"Havoc","floor":15.0,"key":"SMITH"},{"floor":24.0,"key":"REST"},{"floor":28,"key":"REST"},{"data":"Demon Form","floor":32,"key":"SMITH"},{"floor":41,"key":"REST"},{"floor":44,"key":"REST"},{"floor":47,"key":"REST"},{"floor":49,"key":"RECALL"},{"data":"Heavy Blade","floor":53,"key":"SMITH"}],"circlet_count":0,"master_deck":["Strike_R","Defend_R","Defend_R","Defend_R","Defend_R","Bash","Flex","Shockwave+1","Intimidate","Rampage","Havoc+1","Double Tap","Bandage Up","Flame Barrier","Demon Form+1","Warcry","Pummel","Headbutt+1","Limit Break+1","Shrug It Off+1","Warcry+1","Heavy Blade+1","Sword Boomerang+1"],"relics":["Burning Blood","NeowsBlessing","Golden Idol","Gremlin Horn","Pear","The Courier","Ectoplasm","Potion Belt","Anchor","Happy Flower","Sundial","Smiling Mask","SacredBark","CatCart","Toy Ornithopter","Bottled Lightning","Shovel"],"acts_visited":["Exordium","TheCity","TheBeyond","TheEnding"],"potions_floor_usage":[27,36,39,40,42,45,50],"damage_taken":[{"damage":0.0,"enemies":"Small Slimes","floor":1.0,"turns":1.0},{"damage":0.0,"enemies":"2 Louse","floor":4.0,"turns":1.0},{"damage":0.0,"enemies":"Gremlin Nob","floor":6.0,"turns":1.0},{"damage":28.0,"enemies":"3 Sentries","floor":8.0,"turns":14.0},{"damage":1.0,"enemies":"Cultist","floor":11.0,"turns":4.0},{"damage":2.0,"enemies":"3 Louse","floor":12.0,"turns":2.0},{"damage":0.0,"enemies":"Lots of Slimes","floor":14.0,"turns":3.0},{"damage":91.0,"enemies":"Slime Boss","floor":16.0,"turns":18.0},{"damage":14.0,"enemies":"3 Byrds","floor":18.0,"turns":5.0},{"damage":22.0,"enemies":"Shell Parasite","floor":22.0,"turns":7.0},{"damage":34.0,"enemies":"Slavers","floor":23.0,"turns":7.0},{"damage":32.0,"enemies":"Book of Stabbing","floor":25.0,"turns":6.0},{"damage":38,"enemies":"Gremlin Leader","floor":27,"turns":6},{"damage":0,"enemies":"Centurion and Healer","floor":29,"turns":6},{"damage":6,"enemies":"Shelled Parasite and Fungi","floor":31,"turns":4},{"damage":45,"enemies":"Collector","floor":33,"turns":9},{"damage":31,"enemies":"Orb Walker","floor":35,"turns":5},{"damage":21,"enemies":"Orin","floor":36,"turns":10},{"damage":36,"enemies":"3 Shapes","floor":37,"turns":5},{"damage":14,"enemies":"Maw","floor":39,"turns":6},{"damage":28,"enemies":"Nemesis","floor":40,"turns":7},{"damage":19,"enemies":"Giant Head","floor":42,"turns":7},{"damage":10,"enemies":"4 Shapes","floor":45,"turns":2},{"damage":44,"enemies":"Transient","floor":46,"turns":5},{"damage":9,"enemies":"3 Darklings","floor":48,"turns":6},{"damage":88,"enemies":"Donu and Deca","floor":50,"turns":7},{"damage":82,"enemies":"Shield and Spear","floor":55,"turns":6}],"seed_played":"7769837892322204735","potions_obtained":[{"floor":8.0,"key":"Block Potion"},{"floor":12.0,"key":"Block Potion"},{"floor":14.0,"key":"Swift Potion"},{"floor":18.0,"key":"Weak Potion"},{"floor":22.0,"key":"GamblersBrew"},{"floor":23.0,"key":"Block Potion"},{"floor":25.0,"key":"Explosive Potion"},{"floor":33,"key":"Explosive Potion"},{"floor":37,"key":"Explosive Potion"},{"floor":40,"key":"PowerPotion"}],"is_trial":false,"path_per_floor":["M","?","?","M","?","E","R","E","T","?","M","M","?","M","R","B",null,"M","T","?","$","M","E","R","E","T","E","R","M","?","M","R","B",null,"M","?","M","?","M","E","R","E","T","R","M","M","R","M","R","B",null,null,"R","$","E"],"character_chosen":"IRONCLAD","items_purchased":["Potion Belt","Weak Potion"],"campfire_rested":5,"item_purchase_floors":[21,54],"current_hp_per_floor":[80,80,60,66,66,72,72,60,60,90,90,90,90,90,90,9,90,86,86,86,86,74,50,77,55,55,27,54,64,64,68,68,33,90,69,58,32,32,28,10,37,33,33,60,61,27,54,55,55,41,41,90,90,90,12,12],"gold":31,"neow_bonus":"THREE_ENEMY_KILL","is_daily":false,"chose_seed":false,"campfire_upgraded":4,"win_rate":0.0,"timestamp":1609352241,"path_taken":["M","?","?","M","?","E","R","E","T","?","M","?","?","?","R","BOSS","M","?","?","$","M","E","R","E","T","E","R","M","?","M","R","BOSS","M","?","M","?","M","E","R","E","T","R","M","M","R","?","R","BOSS","R","$","E"],"items_purchased_type":["Relic","Potion"],"build_version":"2020-12-22","purchased_purges":1,"victory":false,"max_hp_per_floor":[80,80,80,80,80,80,80,90,90,90,90,90,90,90,90,90,90,90,90,90,90,90,90,90,90,90,90,90,90,90,90,90,90,90,90,90,90,90,90,90,90,90,90,90,90,90,90,90,90,90,90,90,90,90,90,90],"card_choices":[{"not_picked":["Warcry","Iron Wave"],"picked":"Flex","floor":1.0},{"not_picked":["Burning Pact","Warcry"],"picked":"Shockwave","floor":4.0},{"not_picked":["Cleave","Iron Wave"],"picked":"Sentinel","floor":6.0},{"not_picked":["Armaments","Body Slam"],"picked":"Rampage","floor":8.0},{"not_picked":["Cleave","Second Wind"],"picked":"Havoc","floor":11.0},{"not_picked":["Fire Breathing","Havoc"],"picked":"Double Tap","floor":12.0},{"not_picked":["Iron Wave","True Grit"],"picked":"Flame Barrier","floor":14.0},{"not_picked":["Barricade","Feed"],"picked":"Demon Form","floor":16.0},{"not_picked":["Rage+1","Anger"],"picked":"Warcry","floor":18.0},{"not_picked":["Twin Strike","Wild Strike"],"picked":"Pummel","floor":22.0},{"not_picked":["Pommel Strike","Dark Embrace","Fiend Fire"],"picked":"SKIP","floor":23.0},{"not_picked":["Feel No Pain","Body Slam"],"picked":"Headbutt+1","floor":25.0},{"not_picked":["Flex","Headbutt","Havoc"],"picked":"SKIP","floor":27},{"not_picked":["Headbutt","Metallicize","Body Slam"],"picked":"SKIP","floor":29},{"not_picked":["Armaments","Twin Strike+1","True Grit"],"picked":"SKIP","floor":31},{"not_picked":["Berserk","Corruption"],"picked":"Limit Break","floor":33},{"not_picked":["Uppercut+1","Metallicize","Sever Soul+1"],"picked":"SKIP","floor":35},{"not_picked":["Uppercut+1","Metallicize","Sever Soul+1"],"picked":"SKIP","floor":35},{"not_picked":["Second Wind+1","Flex"],"picked":"Shrug It Off+1","floor":37},{"not_picked":["Feel No Pain","Havoc","Perfected Strike+1"],"picked":"SKIP","floor":39},{"not_picked":["Shockwave","Wild Strike"],"picked":"Warcry+1","floor":40},{"not_picked":["Spot Weakness","Armaments+1"],"picked":"Heavy Blade","floor":42},{"not_picked":["Warcry","Barricade","Entrench+1"],"picked":"SKIP","floor":45},{"not_picked":["Clash","Entrench+1"],"picked":"Sword Boomerang+1","floor":46},{"not_picked":["Body Slam+1","Demon Form","Cleave+1"],"picked":"SKIP","floor":48}],"player_experience":60002,"relics_obtained":[{"floor":6.0,"key":"Gremlin Horn"},{"floor":8.0,"key":"Pear"},{"floor":9.0,"key":"The Courier"},{"floor":23.0,"key":"Anchor"},{"floor":25.0,"key":"Happy Flower"},{"floor":26.0,"key":"Sundial"},{"floor":27,"key":"Smiling Mask"},{"floor":36,"key":"CatCart"},{"floor":40,"key":"Toy Ornithopter"},{"floor":42,"key":"Bottled Lightning"},{"floor":43,"key":"Shovel"}],"event_choices":[{"cards_removed":["Strike_R"],"damage_healed":0.0,"max_hp_gain":0.0,"max_hp_loss":0.0,"gold_gain":0.0,"event_name":"The Cleric","player_choice":"Card Removal","floor":2.0,"gold_loss":50.0,"damage_taken":0.0},{"damage_healed":0.0,"max_hp_gain":0.0,"max_hp_loss":0.0,"gold_gain":0.0,"event_name":"Golden Idol","player_choice":"Take Damage","floor":3.0,"gold_loss":0.0,"damage_taken":20.0,"relics_obtained":["Golden Idol"]},{"damage_healed":0.0,"max_hp_gain":0.0,"max_hp_loss":0.0,"gold_gain":0.0,"cards_transformed":["Strike_R"],"event_name":"Living Wall","player_choice":"Change","floor":5.0,"gold_loss":0.0,"damage_taken":0.0,"cards_obtained":["Intimidate"]},{"cards_removed":["Sentinel"],"damage_healed":30.0,"max_hp_gain":0.0,"max_hp_loss":0.0,"gold_gain":0.0,"event_name":"Bonfire Elementals","player_choice":"Offered Uncommon","floor":10.0,"gold_loss":0.0,"damage_taken":0.0},{"damage_healed":0.0,"max_hp_gain":0.0,"max_hp_loss":0.0,"gold_gain":0.0,"event_name":"Match and Keep!","player_choice":"1 cards matched","floor":13.0,"gold_loss":0.0,"damage_taken":0.0,"cards_obtained":["Bandage Up"]},{"damage_healed":0.0,"max_hp_gain":0.0,"max_hp_loss":0.0,"gold_gain":0.0,"event_name":"Ghosts","player_choice":"Ignored","floor":20.0,"gold_loss":0.0,"damage_taken":0.0},{"cards_removed":["Strike_R"],"damage_healed":0,"gold_gain":0,"player_choice":"Gave Gold","damage_taken":0,"max_hp_gain":0,"max_hp_loss":0,"event_name":"Beggar","floor":30,"gold_loss":75},{"damage_healed":0,"gold_gain":0,"player_choice":"Fight","damage_taken":0,"max_hp_gain":0,"max_hp_loss":0,"event_name":"OrinTheCat","floor":36,"gold_loss":0},{"damage_healed":0,"gold_gain":0,"player_choice":"Forge","damage_taken":0,"max_hp_gain":0,"max_hp_loss":0,"event_name":"Accursed Blacksmith","floor":38,"gold_loss":0,"cards_upgraded":["Limit Break"]}],"is_beta":false,"boss_relics":[{"not_picked":["Cursed Key","Fusion Hammer"],"picked":"Ectoplasm"},{"not_picked":["Empty Cage","Calling Bell"],"picked":"SacredBark"}],"items_purged_floors":[21],"is_endless":false,"potions_floor_spawned":[8,12,14,18,22,23,25,33,37,40],"killed_by":"Shield and Spear","ascension_level":1}}