{"host":"b4oqa93y40rb9616","time":1609348675,"event":{"mods":["BaseMod","Colored Map","Custom Start","DeckTracker","Keyboard Shortcuts","Minty Spire (QoL Compilation)","Permanent Neow","Quick Restart","StSLib","SuperFastMode","everything is the same but u backflip on backflip"],"gold_per_floor":[19,19,29,42,58,58,69,69,69,85,10,45,63,78,78,78,78],"floor_reached":16,"playtime":448,"items_purged":[],"score":196,"play_id":"02f0f4a8-fbda-44c7-bdca-5b0439c3342b","local_time":"20201231021755","is_ascension_mode":true,"campfire_choices":[{"data":"Shockwave","floor":6,"key":"SMITH"},{"data":"Perfected Strike","floor":15,"key":"SMITH"}],"circlet_count":0,"master_deck":["AscendersBane","Strike_R","Strike_R","Strike_R","Defend_R","Defend_R","Bash","Shockwave+1","Power Through","Wild Strike","Shrug It Off","Battle Trance","Ghostly Armor","Dark Embrace","Perfected Strike+1"],"relics":["Burning Blood","Du-Vu Doll","Unceasing Top"],"acts_visited":["Exordium"],"potions_floor_usage":[],"damage_taken":[{"damage":1,"enemies":"Cultist","floor":1,"turns":3},{"damage":1,"enemies":"Small Slimes","floor":3,"turns":5},{"damage":17,"enemies":"Jaw Worm","floor":4,"turns":5},{"damage":4,"enemies":"2 Fungi Beasts","floor":5,"turns":4},{"damage":1,"enemies":"3 Louse","floor":7,"turns":4},{"damage":8,"enemies":"Exordium Thugs","floor":10,"turns":5},{"damage":39,"enemies":"3 Sentries","floor":12,"turns":8},{"damage":1,"enemies":"Blue Slaver","floor":13,"turns":5},{"damage":3,"enemies":"2 Fungi Beasts","floor":14,"turns":4},{"damage":41,"enemies":"Slime Boss","floor":16,"turns":8}],"seed_played":"5083248207048074623","potions_obtained":[{"floor":1,"key":"SpeedPotion"},{"floor":4,"key":"Dexterity Potion"}],"is_trial":false,"path_per_floor":["M","?","M","M","M","R","M","$","T","M","?","E","M","M","R","B"],"character_chosen":"IRONCLAD","items_purchased":[],"campfire_rested":0,"item_purchase_floors":[],"current_hp_per_floor":[73,73,75,64,66,66,71,71,71,69,69,36,41,44,44,3,3],"gold":78,"neow_bonus":"REMOVE_TWO","is_daily":false,"chose_seed":false,"campfire_upgraded":2,"win_rate":0.0,"timestamp":1609348675,"path_taken":["M","?","M","M","M","R","M","$","T","?","?","E","M","M","R","BOSS"],"items_purchased_type":[],"build_version":"2020-12-22","purchased_purges":0,"victory":false,"max_hp_per_floor":[75,75,75,75,75,75,75,75,75,75,75,75,75,75,75,75,75],"card_choices":[{"not_picked":["Fire Breathing","Disarm"],"picked":"Shockwave","floor":1},{"not_picked":["Clash","Pummel"],"picked":"Power Through","floor":3},{"not_picked":["Armaments","Shrug It Off"],"picked":"Wild Strike","floor":4},{"not_picked":["Armaments","Twin Strike"],"picked":"Shrug It Off","floor":5},{"not_picked":["Power Through","Infernal Blade"],"picked":"Battle Trance","floor":7},{"not_picked":["Body Slam","Double Tap","Havoc"],"picked":"SKIP","floor":10},{"not_picked":["Pummel","Dark Embrace"],"picked":"Ghostly Armor","floor":12},{"not_picked":["Ghostly Armor","Cleave"],"picked":"Dark Embrace","floor":13},{"not_picked":["Pommel Strike","Headbutt"],"picked":"Perfected Strike","floor":14}],"player_experience":412069,"relics_obtained":[{"floor":9,"key":"Du-Vu Doll"},{"floor":12,"key":"Unceasing Top"}],"event_choices":[{"cards_removed":["Defend_R"],"damage_healed":0,"gold_gain":0,"player_choice":"Purged","damage_taken":0,"max_hp_gain":0,"max_hp_loss":0,"event_name":"Purifier","floor":2,"gold_loss":0},{"cards_removed":["Defend_R"],"damage_healed":0,"gold_gain":0,"player_choice":"Card Removal","damage_taken":0,"max_hp_gain":0,"max_hp_loss":0,"event_name":"The Cleric","floor":11,"gold_loss":75}],"is_beta":false,"boss_relics":[],"items_purged_floors":[],"is_endless":false,"potions_floor_spawned":[1,4,7],"killed_by":"Slime Boss","ascension_level":17}}