{"host":"jj2vjthyc0953amx","time":1609310857,"event":{"mods":["Act Like it!","Arknights The Spire","BaseMod","Conspire","Dota2Spire","Gensokyo","Lobotomy","LobotomyExtend","Minty Spire (QoL Compilation)","MostiFishMod","Replay The Spire","Shop Mod","Spicy Shops","StSLib","vexMod","【功能Mod】聪明的最终Boss","【遗物卡牌】REMEMod","篝火指南"],"gold_per_floor":[116,216,228,238,258,283,150,150,150],"floor_reached":8,"playtime":537,"items_purged":[],"score":58,"play_id":"1cb7f5ae-9026-4c24-ae55-57228c794d70","local_time":"20201230144737","is_ascension_mode":false,"campfire_choices":[],"circlet_count":0,"master_deck":["ats:Strike C","ats:Strike G","ats:Strike S","ats:Strike V","ats:Armor Crushing Shot","ats:Defend","ats:Defend","ats:Defend","ats:Defend","ats:Emotion Absorption","ats:Consecutive Shot Auto","ats:Disruption Kick","ats:Red Shift","ats:Overload","ats:Mental Burst","ats:Healing Strengthening","ats:Leaping Hammer"],"relics":["ats:Sanity","DaveBox","REME_ComplimentaryCards","CogitoBucket","SynthV:TestCard","CombinedTypeHook","ats:Originium","ats:Rhine Circuitry"],"acts_visited":["Exordium"],"potions_floor_usage":[],"damage_taken":[{"damage":7,"enemies":"conspire:RoseBush","floor":1,"turns":3},{"damage":1,"enemies":"Cultist","floor":3,"turns":4},{"damage":0,"enemies":"2 Louse","floor":4,"turns":2},{"damage":3,"enemies":"Red Slaver","floor":5,"turns":2},{"damage":39,"enemies":"Lagavulin","floor":6,"turns":7},{"damage":22,"enemies":"Replay:BlueRogue","floor":8,"turns":3}],"seed_played":"3608494757808161845","potions_obtained":[],"is_trial":false,"path_per_floor":["M","?","M","M","M","E","R","E"],"character_chosen":"DOCTOR_CLASS","items_purchased":["ats:Healing Strengthening","ats:Leaping Hammer"],"campfire_rested":0,"item_purchase_floors":[7,7],"current_hp_per_floor":[65,65,64,64,61,22,22,0,0],"gold":150,"neow_bonus":"","is_daily":false,"chose_seed":false,"campfire_upgraded":0,"win_rate":0.0,"timestamp":1609310857,"path_taken":["M","?","M","M","M","E","R","E"],"items_purchased_type":["Card","Card"],"build_version":"2020-12-22","purchased_purges":0,"victory":false,"max_hp_per_floor":[72,72,72,72,72,72,72,72,72],"card_choices":[{"not_picked":["ats:Revitalization","ats:Spore Proliferation"],"picked":"ats:Consecutive Shot Auto","floor":1},{"not_picked":["ats:Mental Burst","ats:Shell Defense","ats:Childhood Dance","ats:Consecutive Shot Auto"],"picked":"ats:Disruption Kick","floor":3},{"not_picked":["ats:Hammer On","ats:Apocalypse","ats:Thermite Blade","ats:Leaping Hammer"],"picked":"ats:Red Shift","floor":4},{"not_picked":["ats:Neurotoxin","ats:Apocalypse","ats:Explosion Area Strengthen","ats:Flexible Camouflage"],"picked":"ats:Overload","floor":5},{"not_picked":["ats:Childhood Dance","ats:Beaten Up","ats:Flexible Camouflage","ats:Directed Diagnosis"],"picked":"ats:Mental Burst","floor":6}],"player_experience":3587,"relics_obtained":[{"floor":1,"key":"SynthV:TestCard"},{"floor":6,"key":"ats:Originium"},{"floor":6,"key":"ats:Rhine Circuitry"}],"event_choices":[{"damage_healed":0,"gold_gain":100,"player_choice":"Pray","damage_taken":0,"max_hp_gain":0,"max_hp_loss":0,"event_name":"Golden Shrine","floor":2,"gold_loss":0}],"is_beta":false,"boss_relics":[],"items_purged_floors":[],"is_endless":false,"potions_floor_spawned":[],"killed_by":"Replay:BlueRogue","ascension_level":0}}