{"host":"tq7pufgtqftqw8yr","time":1609344388,"event":{"mods":["BaseMod","Downfall","Minty Spire (QoL Compilation)","StSLib"],"gold_per_floor":[99,118,132,145,165,22,48,48,48,81,81,100,25,25,37,138,138,138,154,170,180,23,23,23],"floor_reached":23,"playtime":2225,"items_purged":["Regret"],"score":218,"play_id":"cc74a7a6-4e10-41e4-9a57-9b05e9740658","local_time":"20201231000628","is_ascension_mode":false,"campfire_choices":[{"data":"sneckomod:Unknown","floor":1,"key":"SMITH"},{"floor":9,"key":"REST"},{"floor":13,"key":"REST"},{"data":"sneckomod:Unknown3Cost","floor":18,"key":"SMITH"}],"circlet_count":0,"master_deck":["sneckomod:Strike","sneckomod:Strike","sneckomod:Defend+1","sneckomod:Defend","sneckomod:Defend","sneckomod:TailWhip+1","sneckomod:SnekBite+1","sneckomod:Unknown+1","sneckomod:Unknown","sneckomod:DiceCrush","sneckomod:UnknownCommonAttack","sneckomod:SoulRoll","sneckomod:UnknownClassSLIMEBOUND","sneckomod:UnknownClassSLIMEBOUND","sneckomod:MasterEye","sneckomod:QuickBite","Regret","sneckomod:UnknownRareAttack","sneckomod:SerpentIdol","sneckomod:Unknown3Cost+1","sneckomod:UnknownBlock","sneckomod:WideSting","sneckomod:SoulCleanse","sneckomod:QuickMove+1","sneckomod:CheapStock"],"relics":["sneckomod:SuperSneckoSoul","Tiny Chest","Pen Nib","downfall:HeartBlessingGreen","Mummified Hand"],"acts_visited":["Exordium","TheCity"],"potions_floor_usage":[10,10,16],"damage_taken":[{"damage":6,"enemies":"Cultist","floor":2,"turns":3},{"damage":1,"enemies":"Jaw Worm","floor":3,"turns":4},{"damage":3,"enemies":"Small Slimes","floor":4,"turns":3},{"damage":9,"enemies":"3 Louse","floor":5,"turns":4},{"damage":13,"enemies":"downfall:FleeingMerchant","floor":6,"turns":4},{"damage":39,"enemies":"3 Sentries","floor":10,"turns":7},{"damage":1,"enemies":"Large Slime","floor":12,"turns":3},{"damage":12,"enemies":"Exordium Thugs","floor":15,"turns":3},{"damage":66,"enemies":"downfall:Silent","floor":16,"turns":13},{"damage":21,"enemies":"Spheric Guardian","floor":19,"turns":4},{"damage":48,"enemies":"Shelled Parasite and Fungi","floor":20,"turns":5},{"damage":19,"enemies":"Centurion and Healer","floor":21,"turns":4},{"damage":7,"enemies":"downfall:FleeingMerchant","floor":22,"turns":4},{"damage":28,"enemies":"Snake Plant","floor":23,"turns":4}],"seed_played":"4597536549272651583","potions_obtained":[{"floor":2,"key":"LiquidBronze"},{"floor":3,"key":"PowerPotion"},{"floor":10,"key":"Swift Potion"},{"floor":16,"key":"Dexterity Potion"},{"floor":19,"key":"sneckomod:CheatPotion"}],"is_trial":false,"path_per_floor":["R","M","M","M","M","$","T","?","R","E","?","M","R","?","M","B",null,"R","M","M","M","$","M"],"character_chosen":"THE_SNECKO","items_purchased":["sneckomod:MasterEye","sneckomod:QuickBite","sneckomod:CheapStock"],"campfire_rested":2,"item_purchase_floors":[6,6,22],"current_hp_per_floor":[99,93,93,90,82,78,78,78,102,66,66,65,95,95,83,36,118,118,97,49,30,27,0,0],"gold":23,"neow_bonus":"TEN_PERCENT_HP_BONUS","is_daily":false,"chose_seed":false,"campfire_upgraded":2,"win_rate":0.0,"timestamp":1609344388,"path_taken":["R","M","M","M","?","$","T","?","R","E","?","M","R","?","M","BOSS","R","M","M","M","$","M"],"items_purchased_type":["Card","Card","Card"],"build_version":"2020-12-22","purchased_purges":1,"victory":false,"max_hp_per_floor":[99,99,100,100,101,102,102,102,102,103,103,103,103,103,103,104,118,118,118,118,118,118,118,118],"card_choices":[{"not_picked":["sneckomod:UnknownClassBLUE","sneckomod:Unknown1Cost"],"picked":"sneckomod:DiceCrush","floor":2},{"not_picked":["sneckomod:QuickMove","sneckomod:Unknown1Cost"],"picked":"sneckomod:UnknownCommonAttack","floor":3},{"not_picked":["sneckomod:UnknownClassRED","sneckomod:UnknownClassTHE_CHAMP_GRAY"],"picked":"sneckomod:SoulRoll","floor":4},{"not_picked":["sneckomod:IronFang","sneckomod:SoulCleanse"],"picked":"sneckomod:UnknownClassSLIMEBOUND","floor":5},{"not_picked":["sneckomod:Restock","sneckomod:UnknownEthereal"],"picked":"sneckomod:UnknownClassSLIMEBOUND","floor":6},{"not_picked":["sneckomod:WideSting","sneckomod:SoulRoll"],"picked":"sneckomod:UnknownRareAttack","floor":10},{"not_picked":["sneckomod:QuickBite","sneckomod:DiceBoulder"],"picked":"sneckomod:SerpentIdol","floor":12},{"not_picked":["sneckomod:DiceBlock","sneckomod:SerpentIdol","sneckomod:Nope"],"picked":"SKIP","floor":15},{"not_picked":["sneckomod:SerpentMind","sneckomod:DangerNoodle"],"picked":"sneckomod:Unknown3Cost","floor":16},{"not_picked":["sneckomod:SoulRoll+1","sneckomod:UnknownVulnerable"],"picked":"sneckomod:UnknownBlock","floor":19},{"not_picked":["sneckomod:TrashToTreasure","sneckomod:UnknownWeak"],"picked":"sneckomod:WideSting","floor":20},{"not_picked":["sneckomod:Nope","sneckomod:SoulRoll"],"picked":"sneckomod:SoulCleanse","floor":21},{"not_picked":["sneckomod:UnknownCommonAttack","sneckomod:UnknownCommonSkill"],"picked":"sneckomod:QuickMove+1","floor":22}],"player_experience":767194,"relics_obtained":[{"floor":7,"key":"Tiny Chest"},{"floor":10,"key":"Pen Nib"}],"event_choices":[{"damage_healed":0,"gold_gain":0,"player_choice":"Box","damage_taken":0,"relics_obtained":["Mummified Hand"],"max_hp_gain":0,"max_hp_loss":0,"event_name":"Big Fish","floor":14,"gold_loss":0,"cards_obtained":["Regret"]}],"is_beta":false,"boss_relics":[{"not_picked":["Busted Crown","downfall:Hecktoplasm"],"picked":"sneckomod:SuperSneckoSoul"}],"items_purged_floors":[22],"is_endless":false,"potions_floor_spawned":[2,3,10,16,19],"killed_by":"Snake Plant","ascension_level":0}}