{"host":"phniwng9zo19jwdb","time":1609331110,"event":{"mods":["AchievementEnabler","BaseMod","Colored Powertips","Faster Ascension Climbing","GifTheSpireLib","Minty Spire (QoL Compilation)","Permanent Neow","Rare Cards Sparkle","Somnambulant","StSLib"],"gold_per_floor":[119,119,136,148,160,190,202,214,226,238,284,296,308,308],"floor_reached":13,"playtime":300,"items_purged":[],"score":158,"play_id":"a2aa6924-bf2d-42ef-9bbf-3679d997724e","local_time":"20201230132510","is_ascension_mode":true,"campfire_choices":[{"data":"Bash","floor":7,"key":"SMITH"},{"data":"Heavy Blade","floor":10,"key":"SMITH"},{"data":"Demon Form","floor":12,"key":"SMITH"}],"circlet_count":0,"master_deck":["AscendersBane","Strike_R","Strike_R","Strike_R","Strike_R","Strike_R","Defend_R","Defend_R","Defend_R","Defend_R","Bash+1","Inflame","Iron Wave","Heavy Blade+1","Hemokinesis","Flex","Demon Form+1"],"relics":["Burning Blood","Torii","FaceOfCleric","MawBank","Anchor","Pantograph"],"acts_visited":["Exordium"],"potions_floor_usage":[6],"damage_taken":[{"damage":2,"enemies":"2 Louse","floor":1,"turns":4},{"damage":7,"enemies":"Cultist","floor":3,"turns":4},{"damage":6,"enemies":"Jaw Worm","floor":4,"turns":4},{"damage":4,"enemies":"Blue Slaver","floor":5,"turns":5},{"damage":29,"enemies":"Gremlin Nob","floor":6,"turns":4},{"damage":22,"enemies":"Lagavulin","floor":11,"turns":5},{"damage":32,"enemies":"Gremlin Nob","floor":13,"turns":4}],"seed_played":"6362432971029695012","potions_obtained":[{"floor":1,"key":"DistilledChaos"},{"floor":6,"key":"Explosive Potion"}],"is_trial":false,"path_per_floor":["M","?","M","M","M","E","R","$","T","R","E","R","E"],"character_chosen":"IRONCLAD","items_purchased":[],"campfire_rested":0,"item_purchase_floors":[],"current_hp_per_floor":[68,68,68,69,71,49,49,49,49,49,34,34,2,2],"gold":308,"neow_bonus":"ONE_RARE_RELIC","is_daily":false,"chose_seed":false,"campfire_upgraded":3,"win_rate":0.0,"timestamp":1609331110,"path_taken":["M","?","M","M","M","E","R","?","T","R","E","R","E"],"items_purchased_type":[],"build_version":"2020-12-22","purchased_purges":0,"victory":false,"max_hp_per_floor":[68,68,69,70,71,72,72,72,72,72,73,73,73,73],"card_choices":[{"not_picked":["Headbutt","Twin Strike"],"picked":"Inflame","floor":1},{"not_picked":["Anger","Wild Strike"],"picked":"Iron Wave","floor":3},{"not_picked":["Dual Wield","Wild Strike"],"picked":"Heavy Blade","floor":4},{"not_picked":["Reckless Charge","Heavy Blade"],"picked":"Hemokinesis","floor":5},{"not_picked":["Reckless Charge","Twin Strike"],"picked":"Flex","floor":6},{"not_picked":["Sword Boomerang","Battle Trance"],"picked":"Demon Form","floor":11}],"player_experience":28517,"relics_obtained":[{"floor":6,"key":"MawBank"},{"floor":9,"key":"Anchor"},{"floor":11,"key":"Pantograph"}],"event_choices":[{"damage_healed":0,"gold_gain":0,"player_choice":"Trade","damage_taken":0,"relics_obtained":["FaceOfCleric"],"max_hp_gain":0,"max_hp_loss":0,"event_name":"FaceTrader","floor":2,"gold_loss":0}],"is_beta":false,"boss_relics":[],"items_purged_floors":[],"is_endless":false,"potions_floor_spawned":[1,6],"killed_by":"Gremlin Nob","ascension_level":14}}