{"host":"nq94nk05vinbgath","time":1609310745,"event":{"mods":["BaseMod","Colored Powertips","Minty Spire (QoL Compilation)"],"gold_per_floor":[115,129,129,129,93,93,134,134,158,183,226,239,263,279,279,407,407,421,446,396,414,439,439,65,86,110,110,110,125,250,250,250,376,376,389,389,89,104,117,117,117,136,136,150,150,22,22,35,35,35,35],"floor_reached":50,"playtime":2892,"items_purged":["Strike_G","Strike_G"],"score":456,"play_id":"01e284cd-b3e8-4c80-a767-626e1a59f8cf","local_time":"20201230144545","is_ascension_mode":false,"campfire_choices":[{"data":"Bouncing Flask","floor":6,"key":"SMITH"},{"floor":8,"key":"REST"},{"floor":15,"key":"REST"},{"floor":23,"key":"REST"},{"floor":27,"key":"REST"},{"floor":32,"key":"REST"},{"floor":40,"key":"REST"},{"floor":41,"key":"REST"},{"floor":45,"key":"REST"},{"data":"Catalyst","floor":47,"key":"SMITH"},{"data":"Noxious Fumes","floor":49,"key":"SMITH"}],"circlet_count":0,"master_deck":["Strike_G","Strike_G","Strike_G","Defend_G+1","Defend_G","Defend_G","Defend_G+1","Defend_G","Survivor","Neutralize","Tools of the Trade","Bouncing Flask+1","Dagger Spray","Masterful Stab","Deadly Poison","Poisoned Stab","Noxious Fumes+1","Backflip","Escape Plan","Backstab","Bullet Time","Crippling Poison+1","Slice+1","Flying Knee+1","Slice","PiercingWail","Flechettes+1","CurseOfTheBell","Dash+1","Flying Knee+1","Blade Dance+1","Bane+1","Catalyst+1","Bane+1"],"relics":["Ring of the Snake","Golden Idol","Pen Nib","Meat on the Bone","Vajra","Lizard Tail","HoveringKite","Ice Cream","War Paint","Molten Egg 2","Peace Pipe","Pantograph","Calling Bell","MealTicket","Ornamental Fan","WingedGreaves","TwistedFunnel","Frozen Egg 2"],"acts_visited":["Exordium","TheCity","TheBeyond"],"potions_floor_usage":[16,16,22,30,30,33,50,50,50],"damage_taken":[{"damage":1,"enemies":"Jaw Worm","floor":1,"turns":4},{"damage":0,"enemies":"Cultist","floor":2,"turns":4},{"damage":31,"enemies":"3 Sentries","floor":7,"turns":8},{"damage":0,"enemies":"2 Louse","floor":10,"turns":2},{"damage":26,"enemies":"Gremlin Nob","floor":11,"turns":4},{"damage":13,"enemies":"2 Fungi Beasts","floor":12,"turns":3},{"damage":10,"enemies":"Large Slime","floor":13,"turns":4},{"damage":15,"enemies":"Exordium Thugs","floor":14,"turns":4},{"damage":10,"enemies":"Slime Boss","floor":16,"turns":8},{"damage":14,"enemies":"Spheric Guardian","floor":18,"turns":4},{"damage":21,"enemies":"2 Thieves","floor":19,"turns":4},{"damage":22,"enemies":"Sentry and Sphere","floor":21,"turns":4},{"damage":26,"enemies":"Snake Plant","floor":22,"turns":4},{"damage":30,"enemies":"Snecko","floor":25,"turns":6},{"damage":16,"enemies":"Cultist and Chosen","floor":29,"turns":5},{"damage":5,"enemies":"Colosseum Slavers","floor":30,"turns":2},{"damage":1,"enemies":"Colosseum Nobs","floor":30,"turns":3},{"damage":74,"enemies":"Champ","floor":33,"turns":10},{"damage":0,"enemies":"Orb Walker","floor":35,"turns":2},{"damage":15,"enemies":"3 Darklings","floor":38,"turns":3},{"damage":41,"enemies":"Sphere and 2 Shapes","floor":39,"turns":6},{"damage":5,"enemies":"Transient","floor":42,"turns":5},{"damage":27,"enemies":"Maw","floor":44,"turns":7},{"damage":7,"enemies":"4 Shapes","floor":48,"turns":3},{"damage":71,"enemies":"Donu and Deca","floor":50,"turns":8}],"seed_played":"5938586566724347275","potions_obtained":[{"floor":2,"key":"Strength Potion"},{"floor":11,"key":"ColorlessPotion"},{"floor":14,"key":"SteroidPotion"},{"floor":25,"key":"EssenceOfSteel"},{"floor":29,"key":"DuplicationPotion"},{"floor":30,"key":"LiquidMemories"},{"floor":39,"key":"SteroidPotion"},{"floor":44,"key":"PowerPotion"}],"is_trial":false,"path_per_floor":["M","M","?","?","$","R","E","R","T","M","E","M","M","M","R","B",null,"M","M","?","M","M","R","$","M","T","R","T","M","?","?","R","B",null,"M","?","$","M","M","R","R","M","T","M","R","$","R","M","R","B"],"character_chosen":"THE_SILENT","items_purchased":["Masterful Stab","Ice Cream","TwistedFunnel","Flying Knee+1","Catalyst","Block Potion"],"campfire_rested":8,"item_purchase_floors":[5,24,37,37,46,46],"current_hp_per_floor":[69,69,69,51,51,51,20,41,41,41,27,26,28,25,46,36,70,56,47,47,37,23,44,44,26,26,47,47,43,37,37,58,47,70,70,70,70,55,26,47,68,63,63,36,57,70,70,63,63,0,0],"gold":35,"neow_bonus":"ONE_RANDOM_RARE_CARD","is_daily":false,"chose_seed":false,"campfire_upgraded":3,"win_rate":0.0,"timestamp":1609310745,"path_taken":["M","M","?","?","$","R","E","R","T","M","E","M","M","M","R","BOSS","M","M","?","M","?","R","?","M","T","R","?","M","?","?","R","BOSS","M","?","?","M","M","R","R","M","T","M","R","$","R","M","R","BOSS"],"items_purchased_type":["Card","Relic","Relic","Card","Card","Potion"],"build_version":"2020-12-22","purchased_purges":2,"victory":false,"max_hp_per_floor":[70,70,70,70,70,70,70,70,70,70,70,70,70,70,70,70,70,70,70,70,70,70,70,70,70,70,70,70,70,70,70,70,70,70,70,70,70,70,70,70,70,70,70,70,70,70,70,70,70,70,70],"card_choices":[{"not_picked":["Deadly Poison","Dagger Throw"],"picked":"Bouncing Flask","floor":1},{"not_picked":["Blade Dance","PiercingWail"],"picked":"Dagger Spray","floor":2},{"not_picked":["Bane","Corpse Explosion"],"picked":"Deadly Poison","floor":7},{"not_picked":["Choke","Slice"],"picked":"Poisoned Stab","floor":10},{"not_picked":["Prepared","PiercingWail"],"picked":"Noxious Fumes","floor":11},{"not_picked":["PiercingWail","Acrobatics"],"picked":"Backflip","floor":12},{"not_picked":["Deadly Poison","Acrobatics"],"picked":"Escape Plan","floor":13},{"not_picked":["Blade Dance","Tactician"],"picked":"Backstab","floor":14},{"not_picked":["Wraith Form v2","Tools of the Trade"],"picked":"Bullet Time","floor":16},{"not_picked":["Blade Dance","Quick Slash"],"picked":"Crippling Poison+1","floor":18},{"not_picked":["Dodge and Roll+1","Quick Slash"],"picked":"Slice+1","floor":19},{"not_picked":["Underhanded Strike","Outmaneuver"],"picked":"Flying Knee+1","floor":21},{"not_picked":["PiercingWail","Acrobatics"],"picked":"Slice","floor":22},{"not_picked":["Dagger Throw","Riddle With Holes+1","Sucker Punch"],"picked":"SKIP","floor":25},{"not_picked":["Terror","Outmaneuver"],"picked":"PiercingWail","floor":29},{"not_picked":["Bouncing Flask+1","Poisoned Stab+1"],"picked":"Flechettes+1","floor":30},{"not_picked":["Deadly Poison+1","Caltrops+1"],"picked":"Dash+1","floor":35},{"not_picked":["All Out Attack+1","Calculated Gamble+1"],"picked":"Blade Dance+1","floor":38},{"not_picked":["Dagger Throw+1","Dagger Spray+1","Quick Slash+1"],"picked":"SKIP","floor":39},{"not_picked":["Infinite Blades","Reflex","Backflip"],"picked":"SKIP","floor":42},{"not_picked":["Crippling Poison","PiercingWail+1"],"picked":"Bane+1","floor":44},{"not_picked":["A Thousand Cuts+1","Backflip"],"picked":"Bane+1","floor":48}],"player_experience":35873,"relics_obtained":[{"floor":7,"key":"Meat on the Bone"},{"floor":9,"key":"Vajra"},{"floor":11,"key":"Lizard Tail"},{"floor":26,"key":"War Paint"},{"floor":28,"key":"Molten Egg 2"},{"floor":30,"key":"Peace Pipe"},{"floor":30,"key":"Pantograph"},{"floor":34,"key":"MealTicket"},{"floor":34,"key":"Ornamental Fan"},{"floor":34,"key":"WingedGreaves"},{"floor":43,"key":"Frozen Egg 2"}],"event_choices":[{"damage_healed":0,"gold_gain":0,"player_choice":"Take Wound","damage_taken":0,"relics_obtained":["Golden Idol"],"max_hp_gain":0,"max_hp_loss":0,"event_name":"Golden Idol","floor":3,"gold_loss":0,"cards_obtained":["Injury"]},{"damage_healed":0,"gold_gain":0,"player_choice":"Success","damage_taken":18,"relics_obtained":["Pen Nib"],"max_hp_gain":0,"max_hp_loss":0,"event_name":"Scrap Ooze","floor":4,"gold_loss":0},{"damage_healed":0,"gold_gain":0,"player_choice":"Bet on Murderer","damage_taken":0,"max_hp_gain":0,"max_hp_loss":0,"event_name":"The Joust","floor":20,"gold_loss":50},{"damage_healed":0,"gold_gain":0,"player_choice":"Fight","damage_taken":0,"max_hp_gain":0,"max_hp_loss":0,"event_name":"Colosseum","floor":30,"gold_loss":0},{"damage_healed":0,"gold_gain":0,"player_choice":"Fought Nobs","damage_taken":0,"max_hp_gain":0,"max_hp_loss":0,"event_name":"Colosseum","floor":30,"gold_loss":0},{"damage_healed":0,"gold_gain":0,"player_choice":"Ignored","damage_taken":0,"max_hp_gain":0,"max_hp_loss":0,"event_name":"Ghosts","floor":31,"gold_loss":0},{"cards_removed":["Injury"],"damage_healed":0,"gold_gain":0,"player_choice":"Removed Curses","damage_taken":0,"max_hp_gain":0,"max_hp_loss":0,"event_name":"Fountain of Cleansing","floor":36,"gold_loss":0}],"is_beta":false,"boss_relics":[{"not_picked":["WristBlade","Black Star"],"picked":"HoveringKite"},{"not_picked":["SacredBark","Snecko Eye"],"picked":"Calling Bell"}],"items_purged_floors":[24,37],"is_endless":false,"potions_floor_spawned":[2,11,14,25,29,30,30,39,44],"killed_by":"Donu and Deca","ascension_level":0}}