{"host":"cbnfbo28eyz4xcn1","time":1609354229,"event":{"mods":["BaseMod","Colored Map","Colored Powertips","Infinite Spire","Minty Spire (QoL Compilation)","Replay The Spire","StSLib"],"gold_per_floor":[218,218,218,218,238,238,264,264,318,17,17,48,123,139,139,244,244,254,48,48,48,67,96,96,114,114,146,164,164,189,207,207,302,302,332,332,365,365,403,461,461,519,519,429,429,469,514,577,577,577,577,577,87,119,119],"floor_reached":56,"playtime":5666,"items_purged":["Strike_G","Strike_G"],"score":2382,"play_id":"e3dd95f8-f211-4911-a49d-0b0045a720e8","local_time":"20201230195029","is_ascension_mode":true,"campfire_choices":[{"data":"Neutralize","floor":6.0,"key":"SMITH"},{"floor":8.0,"key":"REST"},{"data":"Apotheosis","floor":11.0,"key":"SMITH"},{"data":"Prepared","floor":15.0,"key":"SMITH"},{"floor":29.0,"key":"RECALL"},{"floor":32.0,"key":"REST"},{"floor":45.0,"key":"REST"},{"floor":49.0,"key":"REST"},{"floor":52.0,"key":"REST"}],"circlet_count":0,"master_deck":["AscendersBane","Strike_G","Defend_G","Defend_G","Defend_G","Defend_G","Survivor","Neutralize+1","Dagger Spray+1","Accuracy","Hidden Blade+1","ReplayTheSpireMod:Scrap Shanks","Apotheosis+1","Dagger Throw","Backstab","Prepared+1","Calculated Gamble","Outmaneuver+1","Reflex+1","infinitespire:TheBestDefense","Dagger Throw","Calculated Gamble","Hidden Blade+1","Blade Dance+1","Tactician","Mayhem","Concentrate","Hidden Blade","Adrenaline+1","ReplayTheSpireMod:Shiv Toss","Prepared","Infinite Blades","Hidden Blade"],"relics":["Ring of the Serpent","Snack Pack","Smiling Mask","infinitespire:Beetle Shell","Anchor","Regal Pillow","Fusion Hammer","infinitespire:CheckeredPen","Matryoshka","War Paint","Ginger","SacredBark","infinitespire:EvilPickle","Divine Protection","Boot","Onion Ring","Toy Ornithopter","Omamori","Snake Skull","Lee\u0027s Waffle","Pen Nib","Gambling Chip"],"acts_visited":["Exordium","TheCity","TheBeyond","TheEnding"],"potions_floor_usage":[55,55],"damage_taken":[{"damage":0.0,"enemies":"Small Slimes","floor":1.0,"turns":4.0},{"damage":5.0,"enemies":"2 Louse","floor":5.0,"turns":2.0},{"damage":20.0,"enemies":"Gremlin Nob","floor":7.0,"turns":4.0},{"damage":4.0,"enemies":"Lagavulin","floor":12.0,"turns":5.0},{"damage":0.0,"enemies":"Cultist","floor":14.0,"turns":3.0},{"damage":4.0,"enemies":"Fading Forest","floor":16.0,"turns":11.0},{"damage":22.0,"enemies":"Shell Parasite","floor":18.0,"turns":4.0},{"damage":0.0,"enemies":"Spheric Guardian","floor":22.0,"turns":2.0},{"damage":19.0,"enemies":"Replay:Snechameleon","floor":23.0,"turns":5.0},{"damage":1.0,"enemies":"Snecko","floor":25.0,"turns":3.0},{"damage":1.0,"enemies":"Book of Stabbing","floor":27.0,"turns":3.0},{"damage":1.0,"enemies":"Shelled Parasite and Fungi","floor":28.0,"turns":2.0},{"damage":3.0,"enemies":"Nightmare","floor":30.0,"turns":6.0},{"damage":3.0,"enemies":"Snake Plant","floor":31.0,"turns":2.0},{"damage":10.0,"enemies":"Pondfish","floor":33.0,"turns":4.0},{"damage":4.0,"enemies":"3 Shapes","floor":35.0,"turns":3.0},{"damage":0.0,"enemies":"3 Darklings","floor":37.0,"turns":2.0},{"damage":2.0,"enemies":"Spire Growth","floor":39.0,"turns":3.0},{"damage":0.0,"enemies":"Giant Head","floor":40.0,"turns":1.0},{"damage":0.0,"enemies":"Reptomancer","floor":42.0,"turns":2.0},{"damage":0.0,"enemies":"4 Shapes","floor":46.0,"turns":3.0},{"damage":0.0,"enemies":"Writhing Mass","floor":47.0,"turns":1.0},{"damage":20.0,"enemies":"R_Hoarder","floor":48.0,"turns":6.0},{"damage":47.0,"enemies":"Awakened One","floor":50.0,"turns":6.0},{"damage":14.0,"enemies":"Shield and Spear","floor":54.0,"turns":2.0},{"damage":52,"enemies":"The Heart","floor":55,"turns":5}],"seed_played":"-2099402344127704141","potions_obtained":[{"floor":1.0,"key":"DistilledChaos"},{"floor":5.0,"key":"SteroidPotion"},{"floor":12.0,"key":"Explosive Potion"},{"floor":22.0,"key":"EssenceOfSteel"},{"floor":27.0,"key":"Flashbang"},{"floor":28.0,"key":"LiquidBronze"},{"floor":31.0,"key":"FearPotion"},{"floor":39.0,"key":"EssenceOfSteel"}],"is_trial":false,"path_per_floor":["M","?","?","?","M","R","E","R","T","$","R","E","?","M","R","B",null,"M","$","?","?","M","E","AVR","M","T","E","M","R","NM","M","R","B",null,"M","?","M","?","M","E","T","E","T","?","R","M","M","E","R","B",null,"R","$","E","B",null],"character_chosen":"THE_SILENT","items_purchased":["ReplayTheSpireMod:Scrap Shanks","Apotheosis","Dagger Throw","Anchor","Infinite Blades","Hidden Blade","Lee\u0027s Waffle","Pen Nib"],"campfire_rested":5,"item_purchase_floors":[10,10,10,19,53,53,53,53],"current_hp_per_floor":[63,63,56,56,51,51,31,52,52,52,52,54,47,51,51,69,70,52,52,52,52,56,45,45,50,50,53,58,58,70,69,70,70,70,68,68,70,60,64,70,70,70,70,70,70,70,70,56,70,41,63,70,77,67,41],"gold":119,"neow_bonus":"HUNDRED_GOLD","is_daily":false,"chose_seed":false,"campfire_upgraded":3,"win_rate":0.0,"timestamp":1609354229,"path_taken":["M","?","?","?","?","R","E","R","T","?","R","E","?","?","R","BOSS","M","$","?","?","M","E","AVR","M","T","E","M","R","NM","M","R","BOSS","M","?","M","?","M","E","?","E","T","?","R","M","M","E","R","BOSS","R","$","E","BOSS"],"items_purchased_type":["Card","Card","Card","Relic","Card","Card","Relic","Relic"],"build_version":"2020-12-22","purchased_purges":2,"victory":true,"max_hp_per_floor":[70,70,70,70,70,70,70,70,70,70,70,70,70,70,70,70,70,70,70,70,70,70,70,70,70,70,70,70,70,70,70,70,70,70,70,70,70,70,70,70,70,70,70,70,70,70,70,70,70,70,70,70,77,77,77],"card_choices":[{"not_picked":["Sucker Punch","Outmaneuver"],"picked":"Dagger Spray","floor":1.0},{"not_picked":["Predator","Underhanded Strike"],"picked":"Accuracy","floor":5.0},{"not_picked":["Replay:Poison Smokescreen","Bane"],"picked":"Hidden Blade","floor":7.0},{"not_picked":["Dagger Throw","Cloak And Dagger"],"picked":"Backstab","floor":12.0},{"not_picked":["All Out Attack","Bane"],"picked":"Prepared","floor":14.0},{"not_picked":["Blade Dance","Acrobatics"],"picked":"Calculated Gamble","floor":18.0},{"not_picked":["Toxin Wave","Flying Knee"],"picked":"Outmaneuver+1","floor":22.0},{"not_picked":["Deflect","Noxious Fumes"],"picked":"Reflex","floor":23.0},{"not_picked":["Quick Slash","Backflip"],"picked":"Dagger Throw","floor":25.0},{"not_picked":["Atom Bomb","Fluid Movement","Deadly Poison"],"picked":"SKIP","floor":27.0},{"not_picked":["Poisoned Stab","Quick Slash"],"picked":"Calculated Gamble","floor":28.0},{"not_picked":["Acrobatics","Fluid Movement"],"picked":"Hidden Blade+1","floor":30.0},{"not_picked":["Dagger Spray","Dodge and Roll"],"picked":"Blade Dance+1","floor":31.0},{"not_picked":["Terror","PiercingWail"],"picked":"Tactician","floor":35.0},{"not_picked":["Flying Knee","Dash","Bouncing Flask"],"picked":"SKIP","floor":37.0},{"not_picked":["Jack Of All Trades","ReplayTheSpireMod:Uncanny Aura"],"picked":"Mayhem","floor":38.0},{"not_picked":["All Out Attack","Underhanded Strike+1"],"picked":"Concentrate","floor":39.0},{"not_picked":["Blur","Dagger Throw"],"picked":"Hidden Blade","floor":40.0},{"not_picked":["Terror+1","Bouncing Flask"],"picked":"Adrenaline","floor":42.0},{"not_picked":["ReplayTheSpireMod:Scrap Shanks+1","Dagger Throw+1"],"picked":"ReplayTheSpireMod:Shiv Toss","floor":46.0},{"not_picked":["Flying Knee","Cloak And Dagger"],"picked":"Prepared","floor":47.0},{"not_picked":["Sucker Punch+1","Outmaneuver","Underhanded Strike+1"],"picked":"SKIP","floor":48.0},{"not_picked":["Quick Slash","Flying Knee","Flechettes"],"picked":"SKIP","floor":54.0}],"player_experience":483661,"relics_obtained":[{"floor":7.0,"key":"Snack Pack"},{"floor":9.0,"key":"Smiling Mask"},{"floor":12.0,"key":"infinitespire:Beetle Shell"},{"floor":23.0,"key":"Regal Pillow"},{"floor":26.0,"key":"Matryoshka"},{"floor":27.0,"key":"War Paint"},{"floor":30.0,"key":"Ginger"},{"floor":40.0,"key":"Divine Protection"},{"floor":41.0,"key":"Boot"},{"floor":42.0,"key":"Onion Ring"},{"floor":43.0,"key":"Toy Ornithopter"},{"floor":43.0,"key":"Omamori"},{"floor":48.0,"key":"Snake Skull"},{"floor":54.0,"key":"Gambling Chip"}],"event_choices":[{"cards_removed":["Defend_G"],"damage_healed":0.0,"max_hp_gain":0.0,"max_hp_loss":0.0,"gold_gain":0.0,"event_name":"Golden Wing","player_choice":"Card Removal","floor":3.0,"gold_loss":0.0,"damage_taken":7.0},{"damage_healed":0.0,"max_hp_gain":0.0,"max_hp_loss":0.0,"gold_gain":0.0,"event_name":"Upgrade Shrine","player_choice":"Upgraded","floor":4.0,"gold_loss":0.0,"damage_taken":0.0,"cards_upgraded":["Dagger Spray"]},{"damage_healed":0.0,"max_hp_gain":0.0,"max_hp_loss":0.0,"gold_gain":75.0,"event_name":"FaceTrader","player_choice":"Touch","floor":13.0,"gold_loss":0.0,"damage_taken":7.0},{"cards_removed":["Strike_G"],"damage_healed":0.0,"max_hp_gain":0.0,"max_hp_loss":0.0,"gold_gain":0.0,"event_name":"Back to Basics","player_choice":"Elegance","floor":20.0,"gold_loss":0.0,"damage_taken":0.0},{"damage_healed":0.0,"max_hp_gain":0.0,"max_hp_loss":0.0,"gold_gain":0.0,"event_name":"Tomb of Lord Red Mask","player_choice":"Ignored","floor":36.0,"gold_loss":0.0,"damage_taken":0.0},{"damage_healed":0.0,"max_hp_gain":0.0,"max_hp_loss":0.0,"gold_gain":0.0,"event_name":"SensoryStone","player_choice":"Memory 3","floor":38.0,"gold_loss":0.0,"damage_taken":10.0},{"cards_removed":["Strike_G"],"damage_healed":0.0,"max_hp_gain":0.0,"max_hp_loss":0.0,"gold_gain":0.0,"event_name":"Designer","player_choice":"Upgrade and Remove","floor":44.0,"gold_loss":90.0,"damage_taken":0.0,"cards_upgraded":["Adrenaline"]}],"is_beta":false,"boss_relics":[{"not_picked":["Coffee Dripper","Honey Jar"],"picked":"Ring of the Serpent"},{"not_picked":["Painkiller Herb","Replay:Ancient Bell"],"picked":"SacredBark"}],"items_purged_floors":[19,53],"is_endless":false,"potions_floor_spawned":[1,5,12,22,27,28,31,39,48,54],"ascension_level":12}}