{"host":"1kq2ingo3j45gyyp","time":1609342280,"event":{"mods":["BaseMod","Better Note","Better Third Choice","Downfall","Minty Spire (QoL Compilation)","StSLib"],"gold_per_floor":[99,114,6,23,33,44,44,44,101,116,116,135,120,120,140,237,237,237,247,266,285,285,285,308,308,308,308],"floor_reached":25,"playtime":1277,"items_purged":[],"score":195,"play_id":"a04983ff-bc49-4cd5-acd7-b527de885526","local_time":"20201230103120","is_ascension_mode":false,"campfire_choices":[{"data":"Guardian:CurlUp","floor":11,"key":"SMITH"}],"circlet_count":0,"master_deck":["Guardian:Strike_Guardian","Guardian:Strike_Guardian","Guardian:Defend_Guardian","Guardian:Defend_Guardian","Guardian:Defend_Guardian","Guardian:Defend_Guardian","Guardian:CurlUp+1","Guardian:TwinSlam","Guardian:WalkerClaw","expansioncontent:PrepareCrush","Guardian:RollAttack","Guardian:SpikerProtocol","Guardian:Gem_Red","Guardian:Gem_Green","Guardian:Gem_Cyan","Guardian:VentSteam+1","Guardian:DecasProtection","Guardian:PrismaticBarrier","Guardian:Recover"],"relics":["Guardian:ModeShifter","Guardian:PickAxe","FossilizedHelix","Torii","SlaversCollar","Orichalcum"],"acts_visited":["Exordium","TheCity"],"potions_floor_usage":[16],"damage_taken":[{"damage":0,"enemies":"2 Louse","floor":2,"turns":2},{"damage":10,"enemies":"downfall:FleeingMerchant","floor":3,"turns":4},{"damage":6,"enemies":"Jaw Worm","floor":4,"turns":3},{"damage":0,"enemies":"Cultist","floor":5,"turns":3},{"damage":6,"enemies":"2 Fungi Beasts","floor":6,"turns":3},{"damage":6,"enemies":"3 Sentries","floor":9,"turns":9},{"damage":0,"enemies":"Large Slime","floor":10,"turns":5},{"damage":1,"enemies":"Lots of Slimes","floor":12,"turns":4},{"damage":0,"enemies":"downfall:FleeingMerchant","floor":13,"turns":4},{"damage":3,"enemies":"Gremlin Gang","floor":15,"turns":5},{"damage":34,"enemies":"downfall:Ironclad","floor":16,"turns":13},{"damage":35,"enemies":"Spheric Guardian","floor":19,"turns":9},{"damage":10,"enemies":"Chosen","floor":20,"turns":6},{"damage":17,"enemies":"Centurion and Healer","floor":21,"turns":7},{"damage":22,"enemies":"Sentry and Sphere","floor":25,"turns":7}],"seed_played":"79638467327323750","potions_obtained":[{"floor":5,"key":"Swift Potion"},{"floor":10,"key":"Weak Potion"},{"floor":12,"key":"PowerPotion"},{"floor":16,"key":"GamblersBrew"},{"floor":21,"key":"Ancient Potion"}],"is_trial":false,"path_per_floor":["R","M","$","M","M","M","T","R","?","M","R","M","$","?","M","B",null,"R","M","M","M","?","?","T","M"],"character_chosen":"GUARDIAN","items_purchased":["expansioncontent:PrepareCrush"],"campfire_rested":0,"item_purchase_floors":[3],"current_hp_per_floor":[80,80,70,64,64,58,58,58,52,52,52,51,51,51,48,14,80,80,45,35,18,18,18,18,0,0,0],"gold":308,"neow_bonus":"RANDOM_COMMON_RELIC","is_daily":false,"chose_seed":false,"campfire_upgraded":1,"win_rate":0.0,"timestamp":1609342280,"path_taken":["R","M","$","M","M","M","T","R","?","M","R","M","$","?","M","BOSS","R","M","M","M","?","?","T","M"],"items_purchased_type":["Card"],"build_version":"2020-12-22","purchased_purges":0,"victory":false,"max_hp_per_floor":[80,80,80,80,80,80,80,80,80,80,80,80,80,80,80,80,80,80,80,80,80,80,80,80,80,80,80],"card_choices":[{"not_picked":["Guardian:Gem_Purple","Guardian:Repulse"],"picked":"Guardian:WalkerClaw","floor":2},{"not_picked":["Guardian:GuardianWhirl","Guardian:Gem_Lightblue","Guardian:Harden"],"picked":"SKIP","floor":3},{"not_picked":["Guardian:FloatingOrbs","Guardian:RollAttack","Guardian:TemporalShield"],"picked":"SKIP","floor":4},{"not_picked":["Guardian:TemporalStrike","Guardian:BronzeOrb","Guardian:ChargeCore"],"picked":"SKIP","floor":5},{"not_picked":["Guardian:StasisStrike","Guardian:ChargeUp"],"picked":"Guardian:Gem_Cyan","floor":6},{"not_picked":["Guardian:ChargeCore","Guardian:ShieldCharger"],"picked":"Guardian:RollAttack","floor":10},{"not_picked":["Guardian:Repulse","Guardian:Reroute","Guardian:TemporalShield"],"picked":"SKIP","floor":12},{"not_picked":["Guardian:Planning","Guardian:ArmoredProtocol"],"picked":"Guardian:SpikerProtocol","floor":13},{"not_picked":["Guardian:Orbwalk","Guardian:ShieldSpikes"],"picked":"Guardian:Gem_Red","floor":15},{"not_picked":["Guardian:ShieldCharger","Guardian:Preprogram"],"picked":"Guardian:VentSteam+1","floor":19},{"not_picked":["Guardian:Repulse","Guardian:ChargeCore+1"],"picked":"Guardian:DecasProtection","floor":20},{"not_picked":["Guardian:SentryBeam","Guardian:Orbwalk"],"picked":"Guardian:PrismaticBarrier","floor":21}],"player_experience":813609,"relics_obtained":[{"floor":7,"key":"FossilizedHelix"},{"floor":9,"key":"Torii"},{"floor":24,"key":"Orichalcum"}],"event_choices":[{"cards_removed":["Guardian:Strike_Guardian"],"damage_healed":0,"gold_gain":0,"player_choice":"Offered Basic","damage_taken":0,"max_hp_gain":0,"max_hp_loss":0,"event_name":"Bonfire Elementals","floor":14,"gold_loss":0},{"damage_healed":0,"gold_gain":0,"cards_transformed":["Guardian:Strike_Guardian"],"player_choice":"Transformed","damage_taken":0,"max_hp_gain":0,"max_hp_loss":0,"event_name":"Transmorgrifier","floor":22,"gold_loss":0,"cards_obtained":["Guardian:Recover"]},{"damage_healed":0,"gold_gain":0,"player_choice":"Ignored","damage_taken":0,"max_hp_gain":0,"max_hp_loss":0,"event_name":"betterNote:BetterNote","floor":23,"gold_loss":0,"cards_obtained":["Blind"]}],"is_beta":false,"boss_relics":[{"not_picked":["Runic Dome","SacredBark"],"picked":"SlaversCollar"}],"items_purged_floors":[],"is_endless":false,"potions_floor_spawned":[5,10,12,16,20,21],"killed_by":"Sentry and Sphere","ascension_level":0}}