{"host":"kj566mc1j9861y4f","time":1609286802,"event":{"mods":["AchievementEnabler","Act Like it!","BaseMod","Better Altar","Better Note","Better Vampires","BetterRewards","Colored Powertips","Downfall","Hermit","Infinite Spire","Lobotomy","Luminous","Minty Spire (QoL Compilation)","Relic Stats","Replay The Spire","Shade Mod","Shop Mod","Spicy Shops","StSLib","The Blue Laboratory","Uncapped"],"gold_per_floor":[118,134,134,144,70,70,97,97,121,121,139,27,27,43,43,147,147,158,33,43,55,70,70,105,105,128,170,197,91,2,16,16,16,16],"floor_reached":33,"playtime":1697,"items_purged":["Injury","Slimebound:Icky"],"score":415,"play_id":"5e95cb5e-41a8-4ef7-a52d-229ff7d1782a","local_time":"20201229180642","is_ascension_mode":true,"campfire_choices":[{"data":"Neutralize","floor":6.0,"key":"SMITH"},{"data":"Poisoned Stab","floor":8.0,"key":"SMITH"},{"data":"Catalyst","floor":10.0,"key":"SMITH"},{"floor":15.0,"key":"REST"},{"floor":23.0,"key":"REST"},{"floor":32,"key":"REST"}],"circlet_count":0,"master_deck":["Strike_G","Strike_G","Strike_G","Strike_G","Strike_G","Defend_G","Defend_G","Defend_G","Defend_G","Defend_G","Survivor","Neutralize+1","Catalyst+1","Outmaneuver","Hidden Blade","Poisoned Stab+1","Setup","Choke","expansioncontent:Sear","Leg Sweep","ReplayTheSpireMod:Scrap Shanks","Glass Knife","Parasite","hermit:Covet","Unload","Dramatic Entrance","infinitespire:FinalStrike","Dodge and Roll+1","Deadly Poison","Distraction","PiercingWail","Outmaneuver","Tactician","Tactician+1","Accuracy","PiercingWail+1","Backflip+1"],"relics":["ChewingGum","Membership Card","Anchor","infinitespire:Beetle Shell","Bag of Marbles","ReplayTheSpireMod:SealedPack","PreservedInsect","Iron Hammer","infinitespire:Bottled Soul","MutagenicStrength","MawBank","Replay:Baseball","infinitespire:CursedDice","ReplayTheSpireMod:CursedCoin","TwistedFunnel"],"acts_visited":["Exordium","TheCity"],"potions_floor_usage":[31,33],"damage_taken":[{"damage":0.0,"enemies":"2 Louse","floor":1.0,"turns":4.0},{"damage":1.0,"enemies":"Cultist","floor":2.0,"turns":5.0},{"damage":13.0,"enemies":"Jaw Worm","floor":4.0,"turns":6.0},{"damage":26.0,"enemies":"3 Sentries","floor":7.0,"turns":7.0},{"damage":6.0,"enemies":"Lots of Slimes","floor":11.0,"turns":4.0},{"damage":0.0,"enemies":"2 Fungi Beasts","floor":14.0,"turns":2.0},{"damage":20.0,"enemies":"Fading Forest","floor":16.0,"turns":11.0},{"damage":11.0,"enemies":"Spheric Guardian","floor":18.0,"turns":3.0},{"damage":1.0,"enemies":"2 Thieves","floor":20.0,"turns":2.0},{"damage":0.0,"enemies":"Shelled Parasite and Fungi","floor":21.0,"turns":1.0},{"damage":30.0,"enemies":"Centurion and Healer","floor":22.0,"turns":6.0},{"damage":19.0,"enemies":"Nightmare","floor":24.0,"turns":6.0},{"damage":0.0,"enemies":"Book of Stabbing","floor":27.0,"turns":1.0},{"damage":0.0,"enemies":"Snake Plant","floor":28.0,"turns":2.0},{"damage":0,"enemies":"Snecko","floor":31,"turns":2},{"damage":44,"enemies":"Pondfish","floor":33,"turns":17}],"seed_played":"2201014825244051460","potions_obtained":[{"floor":3.0,"key":"blueLaboratory:NullPotion"},{"floor":3.0,"key":"GhostInAJar"},{"floor":3.0,"key":"SpeedPotion"},{"floor":7.0,"key":"ColorlessPotion"},{"floor":11.0,"key":"blueLaboratory:EmptyBottle"},{"floor":16.0,"key":"FearPotion"},{"floor":18.0,"key":"Venom Potion"},{"floor":22.0,"key":"Fire Potion"}],"is_trial":false,"path_per_floor":["M","M","?","M","$","R","E","R","T","R","M","$","?","M","R","B",null,"M","$","M","M","M","R","NM","?","T","E","M","$","$","M","R","B"],"character_chosen":"THE_SILENT","items_purchased":["Membership Card","Bag of Marbles","Choke","PreservedInsect","Iron Hammer","infinitespire:CursedDice","ReplayTheSpireMod:CursedCoin","Accuracy","PiercingWail+1","TwistedFunnel"],"campfire_rested":3,"item_purchase_floors":[5,12,12,19,19,29,29,29,29,30],"current_hp_per_floor":[70,69,69,56,56,56,30,30,30,30,24,24,24,24,45,33,61,50,50,49,49,19,40,21,21,21,21,21,21,21,21,42,18,18],"gold":16,"neow_bonus":"BOSS_RELIC","is_daily":false,"chose_seed":false,"campfire_upgraded":3,"win_rate":0.0,"timestamp":1609286802,"path_taken":["M","M","?","M","$","R","E","R","T","R","M","?","?","M","R","BOSS","M","$","?","M","M","R","NM","?","T","E","M","?","$","M","R","BOSS"],"items_purchased_type":["Relic","Relic","Card","Relic","Relic","Relic","Relic","Card","Card","Relic"],"build_version":"2020-12-22","purchased_purges":2,"victory":false,"max_hp_per_floor":[70,70,70,70,70,70,70,70,70,70,70,70,70,70,70,70,70,70,70,70,70,70,70,70,70,70,70,70,70,70,70,70,70,70],"relic_stats":{"counters":[16,79],"PreservedInsect":91,"MawBank":36,"obtain_stats":[{"TwistedFunnel":30,"infinitespire:CursedDice":29,"ReplayTheSpireMod:CursedCoin":29,"infinitespire:Beetle Shell":9,"ReplayTheSpireMod:SealedPack":17,"PreservedInsect":19,"MawBank":26,"Anchor":7,"Replay:Baseball":27,"infinitespire:Bottled Soul":24,"MutagenicStrength":25,"ChewingGum":0,"Iron Hammer":19,"Bag of Marbles":12,"Membership Card":5,"Ring of the Snake":0},{"TwistedFunnel":14,"infinitespire:CursedDice":14,"ReplayTheSpireMod:CursedCoin":14,"infinitespire:Beetle Shell":4,"ReplayTheSpireMod:SealedPack":7,"PreservedInsect":8,"MawBank":12,"Anchor":4,"Replay:Baseball":13,"infinitespire:Bottled Soul":12,"MutagenicStrength":12,"ChewingGum":0,"Iron Hammer":8,"Bag of Marbles":5,"Membership Card":3,"Ring of the Snake":0},{"TwistedFunnel":60,"infinitespire:CursedDice":60,"ReplayTheSpireMod:CursedCoin":60,"infinitespire:Beetle Shell":22,"ReplayTheSpireMod:SealedPack":39,"PreservedInsect":42,"MawBank":57,"Anchor":22,"Replay:Baseball":58,"infinitespire:Bottled Soul":57,"MutagenicStrength":57,"ChewingGum":0,"Iron Hammer":42,"Bag of Marbles":26,"Membership Card":15,"Ring of the Snake":0}]},"card_choices":[{"not_picked":["Underhanded Strike","Expertise"],"picked":"Catalyst","floor":1.0},{"not_picked":["Masterful Stab","Blade Dance"],"picked":"Outmaneuver","floor":2.0},{"not_picked":["Expertise","Well Laid Plans"],"picked":"Hidden Blade","floor":4.0},{"not_picked":["Dagger Throw","ReplayTheSpireMod:The Works"],"picked":"Poisoned Stab","floor":7.0},{"not_picked":["Dodge and Roll","Underhanded Strike"],"picked":"Setup","floor":11.0},{"not_picked":["Outmaneuver","Acrobatics"],"picked":"ReplayTheSpireMod:Scrap Shanks","floor":14.0},{"not_picked":["ReplayTheSpireMod:Necrosis","Wraith Form v2"],"picked":"Glass Knife","floor":16.0},{"not_picked":["Survivor","Dualcast"],"picked":"hermit:Covet","floor":17.0},{"not_picked":["Tools of the Trade","ReplayTheSpireMod:Necrosis"],"picked":"Unload","floor":17.0},{"not_picked":["Good Instincts","Survey Options"],"picked":"Dramatic Entrance","floor":17.0},{"not_picked":["infinitespire:Punishment","ReplayTheSpireMod:Black Plague"],"picked":"infinitespire:FinalStrike","floor":17.0},{"not_picked":["Backflip","Adrenaline"],"picked":"Dodge and Roll+1","floor":18.0},{"not_picked":["All Out Attack","ReplayTheSpireMod:Speed Training"],"picked":"Deadly Poison","floor":20.0},{"not_picked":["Crippling Poison","Backflip"],"picked":"Distraction","floor":21.0},{"not_picked":["Quick Slash","Flying Knee"],"picked":"PiercingWail","floor":22.0},{"not_picked":["ReplayTheSpireMod:Tripwire+1","Doppelganger"],"picked":"Outmaneuver","floor":24.0},{"not_picked":["Sneak Up","Dodge and Roll"],"picked":"Tactician","floor":27.0},{"not_picked":["Underhanded Strike+1","ReplayTheSpireMod:Speed Training"],"picked":"Tactician+1","floor":28.0},{"not_picked":["Poisoned Stab","Underhanded Strike+1"],"picked":"Backflip+1","floor":31}],"player_experience":168031,"relics_obtained":[{"floor":7.0,"key":"Anchor"},{"floor":9.0,"key":"infinitespire:Beetle Shell"},{"floor":24.0,"key":"infinitespire:Bottled Soul"},{"floor":26.0,"key":"MawBank"},{"floor":27.0,"key":"Replay:Baseball"}],"event_choices":[{"damage_healed":0.0,"max_hp_gain":0.0,"max_hp_loss":0.0,"gold_gain":0.0,"event_name":"Lab","player_choice":"Got Potions","floor":3.0,"gold_loss":0.0,"damage_taken":0.0},{"damage_healed":0.0,"max_hp_gain":0.0,"max_hp_loss":0.0,"gold_gain":0.0,"event_name":"Match and Keep!","player_choice":"2 cards matched","floor":13.0,"gold_loss":0.0,"damage_taken":0.0,"cards_obtained":["expansioncontent:Sear","Leg Sweep"]},{"damage_healed":0.0,"max_hp_gain":0.0,"max_hp_loss":0.0,"gold_gain":0.0,"event_name":"Drug Dealer","player_choice":"Inject Mutagens","floor":25.0,"gold_loss":0.0,"damage_taken":0.0,"relics_obtained":["MutagenicStrength"]}],"is_beta":false,"boss_relics":[{"not_picked":["Fusion Hammer","Abe\u0027s Treasure"],"picked":"ReplayTheSpireMod:SealedPack"}],"items_purged_floors":[19,30],"is_endless":true,"potions_floor_spawned":[7,11,16,18,22],"killed_by":"Pondfish","ascension_level":5}}