{"host":"zm2copjc1o2b6hjv","time":1609296726,"event":{"mods":["AchievementEnabler","BaseMod","BetterRewards","Conspire","Downfall","Friendly Minions","Infinite Spire","Minty Spire (QoL Compilation)","Replay The Spire","StSLib"],"gold_per_floor":[118,135,185,360,360,360,389,404,479,496,521,521,540,555,555,651,651,664,664,674,694,711,711,738,738,738,738,758,758,758,774,774,876,876,887,944,944,961,976,1005,1005,1035,1035,1070,1082,1093,1107,1107,1107,1107,1107,1107,451,476,476,476],"floor_reached":55,"playtime":2330,"items_purged":["ReplayTheSpireMod:Restless Dread"],"score":933,"play_id":"472d5151-3996-4abb-a5d8-6d7c1232df33","local_time":"20201229215206","is_ascension_mode":true,"campfire_choices":[{"data":"ReplayTheSpireMod:LeadingStrike","floor":6,"key":"SMITH"},{"floor":12,"key":"REST"},{"data":"Barricade","floor":15,"key":"SMITH"},{"data":"Armaments","floor":23,"key":"SMITH"},{"floor":25,"key":"REST"},{"data":"Searing Blow+2","floor":27,"key":"SMITH"},{"data":"Searing Blow+4","floor":30,"key":"SMITH"},{"floor":32,"key":"RECALL"},{"floor":41,"key":"REST"},{"data":"Searing Blow+5","floor":49,"key":"SMITH"},{"data":"Searing Blow+6","floor":52,"key":"SMITH"}],"circlet_count":0,"master_deck":["Strike_R","Strike_R","Strike_R","Strike_R","Defend_R","Defend_R","Defend_R","Bash","Searing Blow+7","Armaments+1","ReplayTheSpireMod:LeadingStrike+1","Doubt","Whirlwind","infinitespire:OneForAll","ReplayTheSpireMod:Stacked","Barricade+1","Battle Trance","Reaper+1","conspire:NecroticWound","Doubt","Pummel+1","Wild Strike+1","Perfected Strike+1","Body Slam+1","Anger","Impervious","Impervious","Iron Wave+1","Iron Wave+1","Iron Wave+1","Perfected Strike+1","Wild Strike","Shrug It Off+1","Hemogenesis","ReplayTheSpireMod:Strike From Hell+1","Perfected Strike+1","Wild Strike+1","Juggernaut","expansioncontent:Chronoboost","Body Slam"],"relics":["Burning Blood","StrikeDummy","Du-Vu Doll","Ginger","Anchor","conspire:DeflatedDodgeball","Mercury Hourglass","Replay:Ancient Bell","Pen Nib","Replay:Ringing Soul","Incense Burner","Guide Book","Ancient Tea Set","Snack Pack","Sozu","Gremlin Horn","Meat on the Bone","Bottled Tornado","ReplayTheSpireMod:Lightbulb","Boot","Lizard Tail","Strawberry"],"acts_visited":["Exordium","TheCity","TheBeyond","TheEnding"],"potions_floor_usage":[8,16,21,22,33,38,50],"damage_taken":[{"damage":6,"enemies":"Jaw Worm","floor":1,"turns":4},{"damage":9,"enemies":"2 Louse","floor":2,"turns":3},{"damage":16,"enemies":"Gremlin Nob","floor":7,"turns":3},{"damage":1,"enemies":"Cultist","floor":8,"turns":3},{"damage":0,"enemies":"Red Slaver","floor":10,"turns":2},{"damage":20,"enemies":"3 Sentries","floor":11,"turns":7},{"damage":0,"enemies":"Blue Slaver","floor":13,"turns":2},{"damage":0,"enemies":"Looter","floor":14,"turns":1},{"damage":12,"enemies":"Slime Boss","floor":16,"turns":4},{"damage":19,"enemies":"Shell Parasite","floor":18,"turns":6},{"damage":0,"enemies":"Spheric Guardian","floor":20,"turns":2},{"damage":15,"enemies":"Centurion and Healer","floor":21,"turns":4},{"damage":15,"enemies":"Snake Plant","floor":22,"turns":3},{"damage":10,"enemies":"Slavers","floor":24,"turns":3},{"damage":18,"enemies":"Snecko","floor":28,"turns":3},{"damage":0,"enemies":"Chosen and Byrds","floor":31,"turns":3},{"damage":56,"enemies":"Collector","floor":33,"turns":5},{"damage":1,"enemies":"3 Shapes","floor":35,"turns":4},{"damage":3,"enemies":"3 Darklings","floor":38,"turns":3},{"damage":0,"enemies":"Sphere and 2 Shapes","floor":39,"turns":2},{"damage":51,"enemies":"Nemesis","floor":40,"turns":5},{"damage":32,"enemies":"Giant Head","floor":42,"turns":8},{"damage":0,"enemies":"R_Hoarder","floor":44,"turns":7},{"damage":0,"enemies":"4 Shapes","floor":45,"turns":4},{"damage":0,"enemies":"Transient","floor":46,"turns":5},{"damage":1,"enemies":"Sphere and 2 Shapes","floor":47,"turns":3},{"damage":0,"enemies":"Replay:Hell Engine","floor":50,"turns":8},{"damage":17,"enemies":"Shield and Spear","floor":54,"turns":6},{"damage":238,"enemies":"The Heart","floor":55,"turns":11}],"seed_played":"-933553250088303569","potions_obtained":[{"floor":7,"key":"Strength Potion"},{"floor":8,"key":"GamblersBrew"},{"floor":11,"key":"Death Potion"},{"floor":14,"key":"Guardian:BlockOnCardUsePotion"},{"floor":18,"key":"FearPotion"},{"floor":21,"key":"EssenceOfSteel"},{"floor":33,"key":"Reflective Coating"}],"is_trial":false,"path_per_floor":["M","M","?","?","?","R","E","M","T","M","E","R","M","M","R","B",null,"M","AVR","M","M","M","R","E","R","T","R","M","?","R","M","R","B",null,"M","?","?","M","M","E","R","E","T","E","M","M","M","?","R","B",null,"R","$","E","B"],"character_chosen":"IRONCLAD","items_purchased":["StrikeDummy","Du-Vu Doll","Searing Blow+1","Armaments","Boot","Lizard Tail","expansioncontent:Chronoboost","Body Slam"],"campfire_rested":3,"item_purchase_floors":[0,0,0,0,53,53,53,53],"current_hp_per_floor":[44,41,41,41,41,41,31,36,36,42,28,52,58,64,64,58,78,69,69,78,78,72,72,71,95,95,95,86,86,86,99,99,58,93,101,78,78,113,116,76,111,96,96,122,128,131,134,134,134,134,134,134,137,139,0,0],"gold":476,"neow_bonus":"","is_daily":false,"chose_seed":false,"campfire_upgraded":7,"win_rate":0.0,"timestamp":1609296726,"path_taken":["M","M","?","?","?","R","E","M","T","M","E","R","M","M","R","BOSS","M","AVR","M","M","M","R","E","R","T","R","M","?","R","?","R","BOSS","M","?","?","M","M","E","R","E","T","E","M","M","M","?","R","BOSS","R","$","E","BOSS"],"items_purchased_type":["Relic","Relic","Card","Card","Relic","Relic","Card","Card"],"build_version":"2020-12-22","purchased_purges":1,"victory":false,"max_hp_per_floor":[80,80,80,80,80,80,80,80,80,80,80,80,80,80,80,80,83,86,86,89,89,92,92,95,95,95,95,98,98,98,101,101,104,104,107,110,110,113,116,119,119,122,122,125,128,131,134,134,134,134,134,134,137,144,144,144],"card_choices":[{"not_picked":["Sever Soul","Anger"],"picked":"ReplayTheSpireMod:LeadingStrike","floor":1},{"not_picked":["Clash","Massacre","Intimidate"],"picked":"SKIP","floor":2},{"not_picked":["Fire Breathing","Iron Wave"],"picked":"Whirlwind","floor":7},{"not_picked":["Headbutt","Wild Strike","Shockwave"],"picked":"SKIP","floor":8},{"not_picked":["Wild Strike","conspire:ExplosiveBarrier"],"picked":"infinitespire:OneForAll","floor":10},{"not_picked":["conspire:Charge","ReplayTheSpireMod:Strike From Hell"],"picked":"ReplayTheSpireMod:Stacked","floor":11},{"not_picked":["Headbutt","Rage"],"picked":"Barricade","floor":13},{"not_picked":["Carnage","Sword Boomerang"],"picked":"Battle Trance","floor":14},{"not_picked":["Corruption","Demonic Infusion"],"picked":"Reaper","floor":16},{"not_picked":["Decay","Spreading Infection"],"picked":"conspire:NecroticWound","floor":17},{"not_picked":["Parasite","sneckomod:Bewildered"],"picked":"ReplayTheSpireMod:Restless Dread","floor":17},{"not_picked":["Writhe","AbeCurse"],"picked":"Doubt","floor":17},{"not_picked":["Havoc","Clothesline"],"picked":"Pummel+1","floor":18},{"not_picked":["Thunderclap+1","Shrug It Off"],"picked":"Wild Strike+1","floor":20},{"not_picked":["Sword Boomerang+1","Searing Blow","Shockwave"],"picked":"SKIP","floor":21},{"not_picked":["Havoc","Shrug It Off"],"picked":"Perfected Strike+1","floor":22},{"not_picked":["Pummel","Thunderclap"],"picked":"Body Slam+1","floor":24},{"not_picked":["Thunderclap","Pommel Strike"],"picked":"Anger","floor":28},{"not_picked":["conspire:ExplosiveBarrier","Heavy Blade+1"],"picked":"Impervious","floor":31},{"not_picked":["Demonic Infusion","Barricade"],"picked":"Impervious","floor":33},{"not_picked":["Clothesline+1","Replay:Undeath\u0027s Touch"],"picked":"Iron Wave+1","floor":35},{"not_picked":["ReplayTheSpireMod:Strike From Hell+1","Pommel Strike"],"picked":"Iron Wave+1","floor":36},{"not_picked":["Dark Embrace+1","Headbutt+1"],"picked":"Iron Wave+1","floor":36},{"not_picked":["Shockwave+1","Demonic Infusion"],"picked":"Perfected Strike+1","floor":38},{"not_picked":["Anger+1","Run Through+1"],"picked":"Wild Strike","floor":39},{"not_picked":["Flex+1","Clash+1"],"picked":"Shrug It Off+1","floor":40},{"not_picked":["Twin Strike+1","Havoc+1"],"picked":"Hemogenesis","floor":42},{"not_picked":["Anger+1","Disarm+1"],"picked":"ReplayTheSpireMod:Strike From Hell+1","floor":44},{"not_picked":["Clothesline","Evolve+1"],"picked":"Perfected Strike+1","floor":45},{"not_picked":["Dropkick+1","Shrug It Off"],"picked":"Wild Strike+1","floor":46},{"not_picked":["ReplayTheSpireMod:Strike From Hell","Pommel Strike"],"picked":"Juggernaut","floor":47},{"not_picked":["Evolve","Heavy Blade+1","Bloodletting"],"picked":"SKIP","floor":54}],"player_experience":231167,"relics_obtained":[{"floor":7,"key":"Anchor"},{"floor":9,"key":"conspire:DeflatedDodgeball"},{"floor":11,"key":"Mercury Hourglass"},{"floor":24,"key":"Ancient Tea Set"},{"floor":26,"key":"Snack Pack"},{"floor":36,"key":"Gremlin Horn"},{"floor":40,"key":"Meat on the Bone"},{"floor":42,"key":"Bottled Tornado"},{"floor":44,"key":"ReplayTheSpireMod:Lightbulb"},{"floor":54,"key":"Strawberry"}],"event_choices":[{"damage_healed":0,"gold_gain":50,"player_choice":"Gained Gold","damage_taken":0,"max_hp_gain":0,"max_hp_loss":0,"event_name":"Golden Wing","floor":3,"gold_loss":0},{"damage_healed":0,"gold_gain":175,"player_choice":"AGREE","damage_taken":0,"max_hp_gain":0,"max_hp_loss":0,"event_name":"Liars Game","floor":4,"gold_loss":0,"cards_obtained":["Doubt"]},{"cards_removed":["Strike_R"],"damage_healed":0,"gold_gain":0,"player_choice":"Offered Basic","damage_taken":0,"max_hp_gain":0,"max_hp_loss":0,"event_name":"Bonfire Elementals","floor":5,"gold_loss":0},{"damage_healed":0,"gold_gain":0,"player_choice":"Forge","damage_taken":0,"max_hp_gain":0,"max_hp_loss":0,"event_name":"Accursed Blacksmith","floor":29,"gold_loss":0,"cards_upgraded":["Searing Blow"]},{"damage_healed":0,"gold_gain":0,"player_choice":"Leave","damage_taken":0,"max_hp_gain":0,"max_hp_loss":0,"event_name":"conspire:Investor","floor":37,"gold_loss":0},{"cards_removed":["Defend_R"],"damage_healed":0,"gold_gain":0,"player_choice":"Removed Skill","damage_taken":0,"max_hp_gain":0,"max_hp_loss":0,"event_name":"Falling","floor":48,"gold_loss":0}],"is_beta":false,"boss_relics":[{"not_picked":["Black Blood","Pandora\u0027s Box"],"picked":"Replay:Ancient Bell"},{"not_picked":["conspire:TopHat","Replay:Mystery Machine"],"picked":"Pen Nib"},{"not_picked":["Replay:Bottled Snecko","Replay:Bottled Steam"],"picked":"Replay:Ringing Soul"},{"not_picked":["Durian","Charon\u0027s Ashes"],"picked":"Incense Burner"},{"not_picked":["Tiny House","Runic Pyramid"],"picked":"Sozu"}],"items_purged_floors":[53],"is_endless":false,"potions_floor_spawned":[7,8,11,14,18,21,33,35,39,44,45,47],"killed_by":"The Heart","ascension_level":5}}