{"host":"0i8dz4ityulxi1rd","time":1609338642,"event":{"mods":["BaseMod","Colored Map","Colored Powertips","Custom Start","Highlight Path","Hubris","Infinite Spire","Keyboard Shortcuts","Minty Spire (QoL Compilation)","StSLib","SuperFastMode"],"gold_per_floor":[116,116,136,61,211,211,25,40,40,65,65,65,65,82,82,82,82],"floor_reached":16,"playtime":415,"items_purged":["Doubt"],"score":196,"play_id":"dd89b695-b1c9-42ee-bcdf-e13d3e7f8b38","local_time":"20201230233042","is_ascension_mode":true,"campfire_choices":[{"data":"Darkness","floor":6.0,"key":"SMITH"},{"floor":13,"key":"REST"},{"data":"Zap","floor":15,"key":"SMITH"}],"circlet_count":0,"master_deck":["AscendersBane","Strike_B","Strike_B","Strike_B","Defend_B","Defend_B","Defend_B","Defend_B","Zap+1","Dualcast","Rainbow","Turbo","Darkness+1","Capacitor","Compile Driver","Cold Snap","Consume","All For One"],"relics":["Cracked Core","Bag of Marbles","Mercury Hourglass","Dream Catcher"],"acts_visited":["Exordium"],"potions_floor_usage":[10,10],"damage_taken":[{"damage":0.0,"enemies":"2 Louse","floor":1.0,"turns":1.0},{"damage":0.0,"enemies":"Jaw Worm","floor":3.0,"turns":3.0},{"damage":10.0,"enemies":"Small Slimes","floor":8.0,"turns":3.0},{"damage":11,"enemies":"Gremlin Nob","floor":10,"turns":3},{"damage":11,"enemies":"Looter","floor":14,"turns":3},{"damage":30,"enemies":"The Guardian","floor":16,"turns":6}],"seed_played":"3054942465326389363","potions_obtained":[{"floor":1.0,"key":"ColorlessPotion"},{"floor":3.0,"key":"SteroidPotion"},{"floor":14,"key":"Strength Potion"}],"is_trial":false,"path_per_floor":["M","?","M","?","?","R","$","M","T","E","$","?","R","M","R","B"],"character_chosen":"DEFECT","items_purchased":["Capacitor","Compile Driver"],"campfire_rested":1,"item_purchase_floors":[7,7],"current_hp_per_floor":[64,38,38,38,38,38,38,28,28,17,17,17,38,27,27,0,0],"gold":82,"neow_bonus":"ONE_RANDOM_RARE_CARD","is_daily":false,"chose_seed":false,"campfire_upgraded":2,"win_rate":0.0,"timestamp":1609338642,"path_taken":["M","?","M","?","?","R","$","M","T","E","$","?","R","M","R","BOSS"],"items_purchased_type":["Card","Card"],"build_version":"2020-12-22","purchased_purges":1,"victory":false,"max_hp_per_floor":[71,71,71,71,71,71,71,71,71,71,71,71,71,71,71,71,71],"card_choices":[{"not_picked":["Streamline","Barrage"],"picked":"Turbo","floor":1.0},{"not_picked":["Recycle","Beam Cell"],"picked":"Darkness","floor":3.0},{"not_picked":["Capacitor","Static Discharge","Melter"],"picked":"SKIP","floor":8.0},{"not_picked":["Chaos","Hello World"],"picked":"Cold Snap","floor":10},{"not_picked":["Steam","Capacitor"],"picked":"Consume","floor":13},{"not_picked":["Heatsinks","Streamline"],"picked":"All For One","floor":14}],"player_experience":1273518,"relics_obtained":[{"floor":9.0,"key":"Mercury Hourglass"},{"floor":10,"key":"Dream Catcher"}],"event_choices":[{"damage_healed":0.0,"max_hp_gain":0.0,"max_hp_loss":0.0,"gold_gain":0.0,"event_name":"Scrap Ooze","player_choice":"Success","floor":2.0,"gold_loss":0.0,"damage_taken":26.0,"relics_obtained":["Bag of Marbles"]},{"cards_removed":["Strike_B"],"damage_healed":0.0,"max_hp_gain":0.0,"max_hp_loss":0.0,"gold_gain":0.0,"event_name":"The Cleric","player_choice":"Card Removal","floor":4.0,"gold_loss":75.0,"damage_taken":0.0},{"damage_healed":0.0,"max_hp_gain":0.0,"max_hp_loss":0.0,"gold_gain":150.0,"event_name":"Liars Game","player_choice":"AGREE","floor":5.0,"gold_loss":0.0,"damage_taken":0.0,"cards_obtained":["Doubt"]},{"damage_healed":0,"gold_gain":0,"player_choice":"Searched \u00270\u0027 times","damage_taken":0,"max_hp_gain":0,"max_hp_loss":0,"event_name":"Dead Adventurer","floor":12,"gold_loss":0}],"is_beta":false,"boss_relics":[],"items_purged_floors":[7],"is_endless":false,"potions_floor_spawned":[1,3,14],"killed_by":"The Guardian","ascension_level":20}}