{"host":"51qmnr9isyv85d0p","time":1609342760,"event":{"mods":["AchievementEnabler","BaseMod","Colored Map","Colored Powertips","Curses Come First","Downfall","Minty Spire (QoL Compilation)","Relic Stats","StSLib","TestMod","vexMod"],"gold_per_floor":[99,11200,11200,11200,11218,9955,9955,9969,9980,10011,10011,10045,9230,9264,9283,9388,9388,9388,9388,9388,9388,9388,9388,9388,8331,8331,8331,8181,8181,8181,8181,8181,8181,8181,8181,8181,8181,7567,7567,7567,7567,7567,7195,7195,7195,7195,6856,6856,6856,6856],"floor_reached":51,"playtime":2840,"items_purged":["Guardian:Strike_Guardian","Guardian:Defend_Guardian","Guardian:Defend_Guardian+1"],"score":1224,"play_id":"adc4ae40-7acd-4954-8d5e-635c4b1953da","local_time":"20201230233920","is_ascension_mode":true,"campfire_choices":[{"data":"Guardian:TwinSlam","floor":1.0,"key":"SMITH"},{"data":"Guardian:DonusPower","floor":18.0,"key":"SMITH"},{"data":"Guardian:DecasProtection","floor":26.0,"key":"SMITH"},{"data":"Guardian:StasisStrike","floor":29.0,"key":"SMITH"},{"data":"Guardian:CompilePackage","floor":35.0,"key":"SMITH"}],"circlet_count":0,"master_deck":["Guardian:CurlUp","Guardian:TwinSlam+1","Guardian:PiercingHide","Guardian:Recover+1","Guardian:DonusPower+1","Guardian:DecasProtection+1","Guardian:PolyBeam","Guardian:BaubleBeam+1","Guardian:StasisStrike+1","Guardian:TimeSifter+1","Guardian:TemporalShield+1","Guardian:CompilePackage+1","Guardian:DonusPower+1","Guardian:Gem_Crimson"],"relics":["testmod-TestBox","testmod-EnergyCheck","testmod-Temperance","Matryoshka","Sundial","Guardian:StasisCodex","vexMod:GhostlyGear","Nunchaku","TungstenRod","Centennial Puzzle","testmod-RealStoneCalender","InkBottle","vexMod:MemoryStick","Guardian:StasisUpgradeRelic","Bronze Scales","vexMod:MysteryBossChallenge","downfall:Hecktoplasm","War Paint","testmod-ArcanaOfDestiny","Pear","testmod-Alchemist","Bottled Tornado","Strange Spoon","testmod-Acrobat","Busted Crown","vexMod:FocusSash","testmod-Hope","Membership Card","Kunai","Strawberry","testmod-TheFather","testmod-EqualTreatment","testmod-Antiphasic","Question Card","Guardian:PickAxe","Gremlin Horn","testmod-Charity","testmod-InfectionSource"],"acts_visited":["Exordium","TheCity","TheBeyond"],"potions_floor_usage":[48,50,50,50],"damage_taken":[{"damage":0.0,"enemies":"2 Louse","floor":2.0,"turns":2.0},{"damage":0.0,"enemies":"Small Slimes","floor":5.0,"turns":2.0},{"damage":0.0,"enemies":"downfall:FleeingMerchant","floor":6.0,"turns":4.0},{"damage":0.0,"enemies":"Cultist","floor":8.0,"turns":4.0},{"damage":0.0,"enemies":"2 Fungi Beasts","floor":9.0,"turns":3.0},{"damage":26.0,"enemies":"Gremlin Nob","floor":10.0,"turns":4.0},{"damage":15.0,"enemies":"3 Sentries","floor":12.0,"turns":6.0},{"damage":10.0,"enemies":"downfall:FleeingMerchant","floor":13.0,"turns":4.0},{"damage":0.0,"enemies":"Gremlin Nob","floor":14.0,"turns":3.0},{"damage":0.0,"enemies":"Exordium Wildlife","floor":15.0,"turns":3.0},{"damage":6.0,"enemies":"downfall:Ironclad","floor":16.0,"turns":5.0},{"damage":0.0,"enemies":"Chosen","floor":21.0,"turns":3.0},{"damage":0.0,"enemies":"3 Cultists","floor":22.0,"turns":3.0},{"damage":2.0,"enemies":"Snake Plant","floor":23.0,"turns":2.0},{"damage":0.0,"enemies":"downfall:FleeingMerchant","floor":25.0,"turns":3.0},{"damage":3.0,"enemies":"Shelled Parasite and Fungi","floor":27.0,"turns":2.0},{"damage":18.0,"enemies":"Slavers","floor":30.0,"turns":3.0},{"damage":0.0,"enemies":"Centurion and Healer","floor":31.0,"turns":2.0},{"damage":6.0,"enemies":"Snake Plant","floor":32.0,"turns":2.0},{"damage":0.0,"enemies":"downfall:Watcher","floor":33.0,"turns":4.0},{"damage":3.0,"enemies":"3 Shapes","floor":36.0,"turns":2.0},{"damage":0.0,"enemies":"Orb Walker","floor":37.0,"turns":2.0},{"damage":0.0,"enemies":"Giant Head","floor":40.0,"turns":3.0},{"damage":0.0,"enemies":"3 Darklings","floor":42.0,"turns":2.0},{"damage":23.0,"enemies":"Writhing Mass","floor":45.0,"turns":3.0},{"damage":0.0,"enemies":"Nemesis","floor":46.0,"turns":3.0},{"damage":0,"enemies":"Reptomancer","floor":48,"turns":2},{"damage":0,"enemies":"Transient","floor":49,"turns":4},{"damage":0,"enemies":"downfall:Defect","floor":50,"turns":3}],"seed_played":"8980501484439667977","potions_obtained":[{"floor":2.0,"key":"SneckoOil"},{"floor":9.0,"key":"DistilledChaos"},{"floor":10.0,"key":"Swift Potion"},{"floor":11.0,"key":"Swift Potion"},{"floor":11.0,"key":"Block Potion"},{"floor":30.0,"key":"Strength Potion"},{"floor":31.0,"key":"Fire Potion"},{"floor":36.0,"key":"Regen Potion"},{"floor":45.0,"key":"AttackPotion"},{"floor":48,"key":"testmod-TimePotion"}],"is_trial":false,"path_per_floor":["R","M","?","?","M","$","T","M","M","E","?","E","$","E","M","B",null,"R","T","?","M","M","M","T","$","R","M","?","R","E","M","M","B",null,"R","M","M","$","?","E","T","M","$","?","M","E","$","E","M","B",null],"character_chosen":"GUARDIAN","items_purchased":["Sundial","Guardian:StasisCodex","vexMod:GhostlyGear","Guardian:TimeSifter","Guardian:DecasProtection","Guardian:PolyBeam","SpeedPotion","EssenceOfSteel","SpeedPotion","Guardian:BaubleBeam","InkBottle","vexMod:MemoryStick","Guardian:StasisUpgradeRelic","Block Potion","SkillPotion","Fire Potion","testmod-Alchemist","Bottled Tornado","Strange Spoon","Regen Potion","Fire Potion","Fire Potion","Guardian:ShieldCharger","vexMod:FocusSash","testmod-Hope","Membership Card","Fire Potion","Explosive Potion","testmod-TheFather","testmod-EqualTreatment","DollysMirror","Guardian:PickAxe","Gremlin Horn","testmod-Charity","Guardian:Gem_Crimson","ColorlessPotion"],"campfire_rested":0,"item_purchase_floors":[6,6,6,6,6,6,6,6,6,6,13,13,13,13,13,13,25,25,25,25,25,25,25,38,38,38,38,38,43,43,43,47,47,47,47,47],"current_hp_per_floor":[80,80,80,80,80,80,80,80,80,54,54,39,29,29,29,23,80,80,80,80,80,80,78,88,88,88,87,100,100,89,94,93,100,100,100,100,100,100,93,100,107,107,107,107,89,98,98,103,107,107],"gold":6856,"neow_bonus":"BOSS_RELIC","is_daily":false,"chose_seed":false,"campfire_upgraded":5,"win_rate":0.0,"timestamp":1609342760,"path_taken":["R","M","?","?","M","$","T","M","M","E","?","E","$","E","M","BOSS","R","?","?","M","M","?","T","$","R","M","?","R","E","M","M","BOSS","R","M","M","$","?","E","T","M","?","?","M","E","R","E","M","BOSS"],"items_purchased_type":["Relic","Relic","Relic","Card","Card","Card","Potion","Potion","Potion","Card","Relic","Relic","Relic","Potion","Potion","Potion","Relic","Relic","Relic","Potion","Potion","Potion","Card","Relic","Relic","Relic","Potion","Potion","Relic","Relic","Relic","Relic","Relic","Relic","Card","Potion"],"build_version":"2020-12-22","purchased_purges":3,"victory":true,"max_hp_per_floor":[80,80,80,80,80,80,80,80,80,80,80,80,80,80,80,80,80,80,80,80,80,80,80,90,90,90,90,100,100,100,100,100,100,100,100,100,100,100,100,100,107,107,107,107,107,107,107,107,107,107],"relic_stats":{"Gremlin Horn":[3,3],"counters":[29,88],"War Paint":["Guardian:Recover","Guardian:Defend_Guardian"],"Question Card":2,"Strange Spoon":[72],"Nunchaku":[18],"Centennial Puzzle":[27],"Busted Crown":16,"Sundial":[24],"Bronze Scales":[140],"Kunai":[14],"obtain_stats":[{"vexMod:MemoryStick":13,"testmod-Temperance":0,"Gremlin Horn":47,"testmod-EqualTreatment":43,"Guardian:StasisCodex":6,"Bottled Tornado":25,"testmod-Charity":47,"Guardian:PickAxe":47,"Nunchaku":7,"Centennial Puzzle":10,"Matryoshka":4,"testmod-Alchemist":25,"Sundial":6,"DollysMirror":43,"Strawberry":41,"testmod-TheFather":43,"downfall:Hecktoplasm":17,"Kunai":40,"testmod-InfectionSource":48,"InkBottle":13,"testmod-ArcanaOfDestiny":19,"testmod-TestBox":0,"Pear":24,"Guardian:ModeShifter":0,"vexMod:MysteryBossChallenge":17,"vexMod:FocusSash":38,"War Paint":19,"Question Card":46,"vexMod:GhostlyGear":6,"testmod-RealStoneCalender":12,"Guardian:StasisUpgradeRelic":13,"Strange Spoon":25,"testmod-Antiphasic":44,"Busted Crown":34,"Bronze Scales":14,"testmod-Acrobat":30,"testmod-Hope":38,"Membership Card":38,"testmod-EnergyCheck":0,"TungstenRod":7},{"vexMod:MemoryStick":8,"testmod-Temperance":0,"Gremlin Horn":26,"testmod-EqualTreatment":24,"Guardian:StasisCodex":3,"Bottled Tornado":15,"testmod-Charity":26,"Guardian:PickAxe":26,"Nunchaku":3,"Centennial Puzzle":6,"Matryoshka":1,"testmod-Alchemist":15,"Sundial":3,"DollysMirror":24,"Strawberry":23,"testmod-TheFather":24,"downfall:Hecktoplasm":11,"Kunai":23,"testmod-InfectionSource":27,"InkBottle":8,"testmod-ArcanaOfDestiny":11,"testmod-TestBox":0,"Pear":14,"Guardian:ModeShifter":0,"vexMod:MysteryBossChallenge":11,"vexMod:FocusSash":22,"War Paint":11,"Question Card":26,"vexMod:GhostlyGear":3,"testmod-RealStoneCalender":7,"Guardian:StasisUpgradeRelic":8,"Strange Spoon":15,"testmod-Antiphasic":24,"Busted Crown":20,"Bronze Scales":9,"testmod-Acrobat":17,"testmod-Hope":22,"Membership Card":22,"testmod-EnergyCheck":0,"TungstenRod":3},{"vexMod:MemoryStick":29,"testmod-Temperance":0,"Gremlin Horn":79,"testmod-EqualTreatment":73,"Guardian:StasisCodex":8,"Bottled Tornado":51,"testmod-Charity":79,"Guardian:PickAxe":79,"Nunchaku":8,"Centennial Puzzle":19,"Matryoshka":2,"testmod-Alchemist":51,"Sundial":8,"DollysMirror":73,"Strawberry":71,"testmod-TheFather":73,"downfall:Hecktoplasm":40,"Kunai":71,"testmod-InfectionSource":81,"InkBottle":29,"testmod-ArcanaOfDestiny":40,"testmod-TestBox":0,"Pear":48,"Guardian:ModeShifter":0,"vexMod:MysteryBossChallenge":40,"vexMod:FocusSash":68,"War Paint":40,"Question Card":79,"vexMod:GhostlyGear":8,"testmod-RealStoneCalender":25,"Guardian:StasisUpgradeRelic":29,"Strange Spoon":51,"testmod-Antiphasic":73,"Busted Crown":64,"Bronze Scales":32,"testmod-Acrobat":56,"testmod-Hope":68,"Membership Card":68,"testmod-EnergyCheck":0,"TungstenRod":8}],"TungstenRod":17,"InkBottle":[40]},"card_choices":[{"not_picked":["Guardian:FuturePlans","Guardian:TimeBomb"],"picked":"Guardian:PiercingHide","floor":2.0},{"not_picked":["Guardian:Gem_Lightblue","Guardian:Reroute"],"picked":"Guardian:Recover","floor":5.0},{"not_picked":["Guardian:RollAttack","Guardian:BronzeArmor"],"picked":"Guardian:DonusPower","floor":6.0},{"not_picked":["Guardian:DonusPower","Guardian:Planning"],"picked":"Guardian:Gem_Lightblue","floor":8.0},{"not_picked":["Guardian:BronzeArmor","Guardian:SentryBeam"],"picked":"Guardian:Gem_White","floor":9.0},{"not_picked":["Guardian:SphericShield","Guardian:Suspension","Guardian:AncientConstruct"],"picked":"SKIP","floor":10.0},{"not_picked":["Guardian:WalkerClaw","Guardian:PiercingHide","Guardian:Gem_Lightblue"],"picked":"SKIP","floor":12.0},{"not_picked":["Guardian:Gem_Cyan","Guardian:EvasiveProtocol","Guardian:Reroute"],"picked":"SKIP","floor":13.0},{"not_picked":["Guardian:Repulse","Guardian:WalkerClaw"],"picked":"Guardian:StasisStrike","floor":14.0},{"not_picked":["Guardian:Gem_Lightblue","Guardian:ChargeCore","Guardian:PiercingHide"],"picked":"SKIP","floor":15.0},{"not_picked":["Guardian:RevengeProtocol","Guardian:StasisEngine"],"picked":"Guardian:TimeSifter","floor":16.0},{"not_picked":["Guardian:Reroute","Guardian:PiercingHide+1","Guardian:WalkerClaw"],"picked":"SKIP","floor":21.0},{"not_picked":["Guardian:WalkerClaw","Guardian:Gem_Green"],"picked":"Guardian:TemporalShield+1","floor":22.0},{"not_picked":["Guardian:TemporalShield","Guardian:Clone"],"picked":"Guardian:Gem_White","floor":23.0},{"not_picked":["Guardian:FierceBash","Guardian:PiercingHide","Guardian:Recover+1"],"picked":"SKIP","floor":25.0},{"not_picked":["Guardian:Suspension","Guardian:RollAttack"],"picked":"Guardian:Gem_Yellow","floor":27.0},{"not_picked":["Guardian:Incinerate+1","Guardian:WalkerClaw","Guardian:CrystalBeam+1"],"picked":"SKIP","floor":30.0},{"not_picked":["Guardian:Clone","Guardian:Gem_Green"],"picked":"Guardian:CompilePackage","floor":31.0},{"not_picked":["Guardian:Recover","Guardian:PrismaticBeam","Guardian:ShieldCharger"],"picked":"SKIP","floor":32.0},{"not_picked":["Guardian:Preprogram"],"picked":"SKIP","floor":36.0},{"not_picked":["Guardian:Reroute"],"picked":"SKIP","floor":37.0},{"not_picked":["Guardian:Reroute+1"],"picked":"SKIP","floor":40.0},{"not_picked":["Guardian:WalkerClaw+1"],"picked":"SKIP","floor":42.0},{"not_picked":["Guardian:ArmoredProtocol+1"],"picked":"SKIP","floor":45.0},{"not_picked":["Guardian:TemporalShield"],"picked":"SKIP","floor":46.0},{"not_picked":["Guardian:TemporalShield","Guardian:Suspension+1"],"picked":"SKIP","floor":48},{"not_picked":["Guardian:TemporalStrike","Guardian:Emergency"],"picked":"SKIP","floor":49}],"player_experience":28281,"relics_obtained":[{"floor":7.0,"key":"Nunchaku"},{"floor":7.0,"key":"TungstenRod"},{"floor":10.0,"key":"Centennial Puzzle"},{"floor":12.0,"key":"testmod-RealStoneCalender"},{"floor":14.0,"key":"Bronze Scales"},{"floor":19.0,"key":"War Paint"},{"floor":19.0,"key":"testmod-ArcanaOfDestiny"},{"floor":24.0,"key":"Pear"},{"floor":30.0,"key":"testmod-Acrobat"},{"floor":40.0,"key":"Kunai"},{"floor":41.0,"key":"Strawberry"},{"floor":46.0,"key":"Question Card"},{"floor":48,"key":"testmod-InfectionSource"}],"event_choices":[{"damage_healed":0.0,"max_hp_gain":0.0,"max_hp_loss":0.0,"gold_gain":0.0,"event_name":"Big Fish","player_choice":"Box","floor":4.0,"gold_loss":0.0,"damage_taken":0.0,"relics_obtained":["Matryoshka"],"cards_obtained":["Regret"]},{"damage_healed":0.0,"max_hp_gain":0.0,"max_hp_loss":0.0,"gold_gain":0.0,"event_name":"Lab","player_choice":"Got Potions","floor":11.0,"gold_loss":0.0,"damage_taken":0.0},{"cards_removed":["Guardian:Strike_Guardian"],"damage_healed":0.0,"max_hp_gain":0.0,"max_hp_loss":0.0,"gold_gain":0.0,"event_name":"Back to Basics","player_choice":"Elegance","floor":20.0,"gold_loss":0.0,"damage_taken":0.0},{"damage_healed":0.0,"max_hp_gain":0.0,"max_hp_loss":0.0,"gold_gain":0.0,"event_name":"给自己的盒子","player_choice":"Swap Relic","floor":44.0,"relics_lost":["DollysMirror"],"gold_loss":0.0,"damage_taken":0.0,"relics_obtained":["testmod-Antiphasic"]}],"is_beta":false,"boss_relics":[{"not_picked":["SlaversCollar","testmod-KeyOfTheVoid"],"picked":"vexMod:MysteryBossChallenge"},{"not_picked":["Calling Bell","Black Star"],"picked":"Busted Crown"}],"items_purged_floors":[6,13,25],"is_endless":false,"potions_floor_spawned":[2,9,10,30,31,36,45,48],"ascension_level":3}}