{"host":"l3h7vlt0ggqh50f5","time":1609332661,"event":{"mods":["BaseMod","Bestiary","Colored Map","Colored Powertips","Minty Spire (QoL Compilation)","Relic Stats","ojb\u0027s Info Mod"],"gold_per_floor":[118,118,118,193,38,76,76,176,202,216,216,286,317,342,342,467,467,483,573,598,598,598],"floor_reached":21,"playtime":1623,"items_purged":[],"score":294,"play_id":"82ade29e-1d99-4561-9eeb-e614d62c1162","local_time":"20201230135101","is_ascension_mode":true,"campfire_choices":[{"data":"Neutralize","floor":7.0,"key":"SMITH"},{"data":"Bouncing Flask","floor":15.0,"key":"SMITH"}],"circlet_count":0,"master_deck":["Strike_G","Strike_G","Strike_G","Strike_G+1","Strike_G","Defend_G","Defend_G","Defend_G","Defend_G","Defend_G","Survivor+1","Neutralize+1","Adrenaline","Backstab","Venomology","Heel Hook","Bouncing Flask+1","Bullet Time","Venomology","Noxious Fumes","Madness","Poisoned Stab"],"relics":["Ring of the Snake","Golden Idol","PreservedInsect","Omamori","Vajra","The Specimen","SlaversCollar"],"acts_visited":["Exordium","TheCity"],"potions_floor_usage":[21,21,21],"damage_taken":[{"damage":0.0,"enemies":"2 Louse","floor":1.0,"turns":3.0},{"damage":10.0,"enemies":"3 Sentries","floor":6.0,"turns":9.0},{"damage":0.0,"enemies":"Jaw Worm","floor":10.0,"turns":2.0},{"damage":0.0,"enemies":"Lagavulin","floor":13.0,"turns":6.0},{"damage":0.0,"enemies":"Small Slimes","floor":14.0,"turns":4.0},{"damage":15.0,"enemies":"The Guardian","floor":16.0,"turns":9.0},{"damage":1.0,"enemies":"3 Byrds","floor":18.0,"turns":5.0},{"damage":14.0,"enemies":"Spheric Guardian","floor":20.0,"turns":4.0},{"damage":31,"enemies":"3 Cultists","floor":21,"turns":4}],"seed_played":"-3859653184083700631","potions_obtained":[{"floor":6.0,"key":"SpeedPotion"},{"floor":16.0,"key":"SpeedPotion"}],"is_trial":false,"path_per_floor":["M","?","?","?","$","E","R","?","T","M","?","?","E","M","R","B",null,"M","?","M","M"],"character_chosen":"THE_SILENT","items_purchased":["PreservedInsect"],"campfire_rested":0,"item_purchase_floors":[5],"current_hp_per_floor":[63,49,49,38,38,28,28,28,28,28,28,28,28,28,28,13,52,51,33,19,0,0],"gold":598,"neow_bonus":"ONE_RANDOM_RARE_CARD","is_daily":false,"chose_seed":false,"campfire_upgraded":2,"win_rate":0.0,"timestamp":1609332661,"path_taken":["M","?","?","?","?","E","R","?","T","?","?","?","E","M","R","BOSS","M","?","M","M"],"items_purchased_type":["Relic"],"build_version":"2020-12-22","purchased_purges":0,"victory":false,"max_hp_per_floor":[70,70,65,65,65,65,65,65,65,65,65,65,65,65,65,65,65,65,65,65,65,65],"relic_stats":{"counters":[9,46],"Golden Idol":55,"PreservedInsect":61,"obtain_stats":[{"SlaversCollar":17,"The Specimen":13,"Golden Idol":3,"Vajra":9,"PreservedInsect":5,"Omamori":6,"Ring of the Snake":0},{"SlaversCollar":6,"The Specimen":4,"Golden Idol":1,"Vajra":2,"PreservedInsect":1,"Omamori":2,"Ring of the Snake":0},{"SlaversCollar":33,"The Specimen":20,"Golden Idol":3,"Vajra":12,"PreservedInsect":3,"Omamori":12,"Ring of the Snake":0}],"Ring of the Snake":[18]},"card_choices":[{"not_picked":["Dagger Spray","Blur"],"picked":"Backstab","floor":1.0},{"not_picked":["Quick Slash","Acrobatics"],"picked":"Venomology","floor":6.0},{"not_picked":["Distraction","Backstab"],"picked":"Heel Hook","floor":10.0},{"not_picked":["Flying Knee","Sucker Punch"],"picked":"Bouncing Flask","floor":13.0},{"not_picked":["Bouncing Flask","Cloak And Dagger"],"picked":"Bullet Time","floor":14.0},{"not_picked":["After Image","A Thousand Cuts"],"picked":"Venomology","floor":16.0},{"not_picked":["Infinite Blades","Endless Agony"],"picked":"Noxious Fumes","floor":18.0},{"not_picked":["Eviscerate","Accuracy"],"picked":"Poisoned Stab","floor":20.0}],"player_experience":282231,"relics_obtained":[{"floor":6.0,"key":"Omamori"},{"floor":9.0,"key":"Vajra"},{"floor":13.0,"key":"The Specimen"}],"event_choices":[{"damage_healed":0.0,"max_hp_gain":0.0,"max_hp_loss":0.0,"gold_gain":0.0,"event_name":"Shining Light","player_choice":"Entered Light","floor":2.0,"gold_loss":0.0,"damage_taken":14.0,"cards_upgraded":["Strike_G","Survivor"]},{"damage_healed":0.0,"max_hp_gain":0.0,"max_hp_loss":5.0,"gold_gain":0.0,"event_name":"Golden Idol","player_choice":"Lose Max HP","floor":3.0,"gold_loss":0.0,"damage_taken":0.0,"relics_obtained":["Golden Idol"]},{"damage_healed":0.0,"max_hp_gain":0.0,"max_hp_loss":0.0,"gold_gain":75.0,"event_name":"World of Goop","player_choice":"Gather Gold","floor":4.0,"gold_loss":0.0,"damage_taken":11.0},{"damage_healed":0.0,"max_hp_gain":0.0,"max_hp_loss":0.0,"gold_gain":100.0,"event_name":"Golden Shrine","player_choice":"Pray","floor":8.0,"gold_loss":0.0,"damage_taken":0.0},{"damage_healed":0.0,"max_hp_gain":0.0,"max_hp_loss":0.0,"gold_gain":0.0,"event_name":"Liars Game","player_choice":"Ignored","floor":11.0,"gold_loss":0.0,"damage_taken":0.0},{"damage_healed":0.0,"max_hp_gain":0.0,"max_hp_loss":0.0,"gold_gain":70.0,"event_name":"Golden Wing","player_choice":"Gained Gold","floor":12.0,"gold_loss":0.0,"damage_taken":0.0},{"damage_healed":0.0,"max_hp_gain":0.0,"max_hp_loss":0.0,"gold_gain":90.0,"event_name":"Knowing Skull","player_choice":"GOLD CARD ","floor":19.0,"potions_obtained":[],"gold_loss":0.0,"damage_taken":18.0,"cards_obtained":["Madness"]}],"is_beta":false,"boss_relics":[{"not_picked":["Empty Cage","Fusion Hammer"],"picked":"SlaversCollar"}],"items_purged_floors":[],"is_endless":false,"potions_floor_spawned":[6,16],"killed_by":"3 Cultists","ascension_level":8}}