{"host":"dhyczjm99amxd3qx","time":1609299077,"event":{"mods":["BaseMod","Colored Map","Googly Eyes","Highlight Path","Minty Spire (QoL Compilation)","Quick Restart","StSLib"],"gold_per_floor":[114,114,129,139,71,106,106,56,56,76,105,105,121,156,156,259,309,329,344,361,361,361,361],"floor_reached":22,"playtime":1270,"items_purged":[],"score":283,"play_id":"d5cebb94-2153-475f-8101-c44f7fe5a8d2","local_time":"20201229223117","is_ascension_mode":true,"campfire_choices":[{"data":"Noxious Fumes","floor":7.0,"key":"SMITH"},{"floor":15.0,"key":"REST"}],"circlet_count":0,"master_deck":["Strike_G","Strike_G","Strike_G","Strike_G","Defend_G+1","Defend_G","Defend_G","Defend_G","Survivor","Neutralize","Noxious Fumes+1","Poisoned Stab","Prepared","Corpse Explosion","Terror","Crippling Poison+1","Bouncing Flask"],"relics":["Ring of the Snake","Shuriken","Pear","Regal Pillow","MealTicket","Paper Crane","Tiny House"],"acts_visited":["Exordium","TheCity"],"potions_floor_usage":[19],"damage_taken":[{"damage":1.0,"enemies":"Small Slimes","floor":1.0,"turns":5.0},{"damage":0.0,"enemies":"Jaw Worm","floor":3.0,"turns":4.0},{"damage":1.0,"enemies":"Cultist","floor":4.0,"turns":5.0},{"damage":42.0,"enemies":"Gremlin Nob","floor":6.0,"turns":6.0},{"damage":0.0,"enemies":"Blue Slaver","floor":10.0,"turns":4.0},{"damage":19.0,"enemies":"Lagavulin","floor":11.0,"turns":6.0},{"damage":1.0,"enemies":"Red Slaver","floor":13.0,"turns":3.0},{"damage":11.0,"enemies":"Gremlin Nob","floor":14.0,"turns":4.0},{"damage":27.0,"enemies":"Slime Boss","floor":16.0,"turns":9.0},{"damage":33.0,"enemies":"Chosen","floor":18.0,"turns":7.0},{"damage":0,"enemies":"3 Byrds","floor":19,"turns":2},{"damage":24,"enemies":"Snake Plant","floor":20,"turns":5},{"damage":21,"enemies":"Snecko","floor":22,"turns":4}],"seed_played":"8937388127242068025","potions_obtained":[{"floor":4.0,"key":"Dexterity Potion"},{"floor":6.0,"key":"Energy Potion"},{"floor":11.0,"key":"BlessingOfTheForge"},{"floor":13.0,"key":"Swift Potion"},{"floor":17.0,"key":"Strength Potion"}],"is_trial":false,"path_per_floor":["M","?","M","M","$","E","R","?","T","M","E","?","M","E","R","B",null,"M","M","M","?","M"],"character_chosen":"THE_SILENT","items_purchased":["Noxious Fumes"],"campfire_rested":1,"item_purchase_floors":[5],"current_hp_per_floor":[76,69,69,68,68,26,26,26,36,36,17,17,16,5,46,19,75,42,42,18,18,0,0],"gold":361,"neow_bonus":"TEN_PERCENT_HP_BONUS","is_daily":false,"chose_seed":false,"campfire_upgraded":1,"win_rate":0.0,"timestamp":1609299077,"path_taken":["M","?","M","M","$","E","R","?","T","?","E","?","M","E","R","BOSS","M","?","M","?","?"],"items_purchased_type":["Card"],"build_version":"2020-12-22","purchased_purges":0,"victory":false,"max_hp_per_floor":[77,77,77,77,77,77,77,77,87,87,87,87,87,87,87,87,92,92,92,92,92,92,92],"card_choices":[{"not_picked":["Flying Knee","Predator","Underhanded Strike"],"picked":"SKIP","floor":1.0},{"not_picked":["Underhanded Strike","Outmaneuver","Bane"],"picked":"SKIP","floor":3.0},{"not_picked":["Deadly Poison","Flechettes","Quick Slash"],"picked":"SKIP","floor":4.0},{"not_picked":["PiercingWail","Setup","Heel Hook"],"picked":"SKIP","floor":6.0},{"not_picked":["Dagger Throw","Envenom"],"picked":"Poisoned Stab","floor":10.0},{"not_picked":["Dagger Spray","Deflect"],"picked":"Prepared","floor":11.0},{"not_picked":["Backstab","Heel Hook","Sucker Punch"],"picked":"SKIP","floor":13.0},{"not_picked":["Slice","Glass Knife","Blur"],"picked":"SKIP","floor":14.0},{"not_picked":["Malaise","Envenom"],"picked":"Corpse Explosion","floor":16.0},{"not_picked":["Dagger Throw","Tactician"],"picked":"Terror","floor":17.0},{"not_picked":["Accuracy","Poisoned Stab"],"picked":"Crippling Poison+1","floor":18.0},{"not_picked":["Infinite Blades","Expertise","Finisher"],"picked":"SKIP","floor":19},{"not_picked":["Deflect","Poisoned Stab"],"picked":"Bouncing Flask","floor":20}],"player_experience":203016,"relics_obtained":[{"floor":6.0,"key":"Shuriken"},{"floor":9.0,"key":"Pear"},{"floor":11.0,"key":"Regal Pillow"},{"floor":14.0,"key":"Paper Crane"}],"event_choices":[{"cards_removed":["Defend_G"],"damage_healed":0.0,"max_hp_gain":0.0,"max_hp_loss":0.0,"gold_gain":0.0,"event_name":"Golden Wing","player_choice":"Card Removal","floor":2.0,"gold_loss":0.0,"damage_taken":7.0},{"cards_removed":["Strike_G"],"damage_healed":0.0,"max_hp_gain":0.0,"max_hp_loss":0.0,"gold_gain":0.0,"event_name":"The Cleric","player_choice":"Card Removal","floor":8.0,"gold_loss":50.0,"damage_taken":0.0},{"damage_healed":0.0,"max_hp_gain":0.0,"max_hp_loss":0.0,"gold_gain":0.0,"event_name":"WeMeetAgain","player_choice":"Gave Potion","floor":12.0,"gold_loss":0.0,"damage_taken":0.0,"relics_obtained":["MealTicket"]},{"damage_healed":0,"gold_gain":0,"player_choice":"Relic","damage_taken":0,"max_hp_gain":0,"max_hp_loss":0,"event_name":"Wheel of Change","floor":21,"gold_loss":0}],"is_beta":false,"boss_relics":[{"not_picked":["Philosopher\u0027s Stone","Pandora\u0027s Box"],"picked":"Tiny House"}],"items_purged_floors":[],"is_endless":false,"potions_floor_spawned":[4,6,11,13],"killed_by":"Snecko","ascension_level":5}}