{"host":"2lvuisjyit3p3u01","time":1609358828,"event":{"mods":["Act Like it!","BaseMod","Bestiary","Better Synergies","CapriCore","Colored Map","Colored Powertips","Gensokyo","GifTheSpireLib","Marisa????????","Minty Spire (QoL Compilation)","Quick Restart","Remilia??????","Replay The Spire","StSLib","The Servant 0.9.4"],"gold_per_floor":[119,136,19,19,19,19,19,19,45,72,83,245,263,279,279,382,382,393,405,179,197,197,197,197,216,216,71,89,13,31,31,31,281,281,292,292,310,98,115,115,25,25,50,70,90,103,119,154,154,154],"floor_reached":51,"playtime":3355,"items_purged":["Strike_S","Strike_S","Strike_S"],"score":758,"play_id":"6a6932fd-c2b4-4cf8-bba6-24fc10fb40f6","local_time":"20201230220708","is_ascension_mode":false,"campfire_choices":[{"data":"SilverBlades","floor":6.0,"key":"SMITH"},{"data":"SurpressingFire","floor":15.0,"key":"SMITH"},{"data":"Luminosity","floor":23.0,"key":"SMITH"},{"data":"MurderousAura","floor":32,"key":"SMITH"},{"data":"Ricochet","floor":40,"key":"SMITH"},{"data":"Starlight","floor":49,"key":"SMITH"}],"circlet_count":0,"master_deck":["Strike_S","Defend_S","Defend_S","Defend_S","KidneyShot","Exchange","Barrier","SilverBlades+1","Moondial+1","SurpressingFire+1","Starlight+1","Ricochet+1","KillingDoll","Luminosity+1","GearUp+1","Rearm+1","Luminosity","MurderousAura+1","Moonlight+1","DualDimension+1","AbeCurse","Gensokyo:CustomPotion","Dilation+1"],"relics":["Uniform","NeowsBlessing","Toxic Egg 2","MealTicket","Divine Protection","Lizard Tail","Replay:Bronze Core","Membership Card","Quantum Egg","Bag of Preparation","Abe\u0027s Treasure","CaptainsWheel","Omamori","Gensokyo:DualWield","Orichalcum","Onion Ring"],"acts_visited":["Gensokyo:Gensokyo","Gensokyo:Gensokyoer","Gensokyo:Gensokyoest"],"potions_floor_usage":[28,30,33,33,44,46,50],"damage_taken":[{"damage":2.0,"enemies":"Gensokyo:3_Fairies","floor":1.0,"turns":2.0},{"damage":0.0,"enemies":"Gensokyo:2_Kodama","floor":2.0,"turns":1.0},{"damage":0.0,"enemies":"Gensokyo:Mamizou","floor":10.0,"turns":3.0},{"damage":0.0,"enemies":"Gensokyo:Gryphon","floor":11.0,"turns":4.0},{"damage":0.0,"enemies":"Gensokyo:Python_and_Kodama","floor":12.0,"turns":3.0},{"damage":0.0,"enemies":"Gensokyo:3_Kodama","floor":13.0,"turns":3.0},{"damage":0.0,"enemies":"Gensokyo:5_Fairies","floor":14.0,"turns":5.0},{"damage":13.0,"enemies":"Gensokyo:Kokoro","floor":16.0,"turns":11.0},{"damage":2.0,"enemies":"Gensokyo:CosmicMonolith","floor":18.0,"turns":5.0},{"damage":0.0,"enemies":"Gensokyo:AngelMirror","floor":19.0,"turns":4.0},{"damage":0.0,"enemies":"Gensokyo:Swordslinger","floor":21.0,"turns":3.0},{"damage":0.0,"enemies":"Gensokyo:Slime_Group","floor":25.0,"turns":6.0},{"damage":23,"enemies":"Gensokyo:3_Gloops","floor":28,"turns":6},{"damage":0,"enemies":"Gensokyo:Chomper_and_Gloop","floor":30,"turns":5},{"damage":0,"enemies":"Gensokyo:Kaguya","floor":33,"turns":11},{"damage":0,"enemies":"Gensokyo:3_Boulders","floor":35,"turns":5},{"damage":0,"enemies":"Gensokyo:AncientGuardian","floor":37,"turns":5},{"damage":0,"enemies":"Gensokyo:SeedOfUnknown","floor":39,"turns":5},{"damage":0,"enemies":"Gensokyo:AtlasGolem","floor":44,"turns":4},{"damage":0,"enemies":"Gensokyo:Rafflesia","floor":45,"turns":5},{"damage":11,"enemies":"Gensokyo:4_Bats","floor":46,"turns":3},{"damage":0,"enemies":"Gensokyo:Dusk_and_Dawn","floor":47,"turns":4},{"damage":0,"enemies":"Gensokyo:Doremy","floor":48,"turns":3},{"damage":6,"enemies":"Gensokyo:Yuyuko","floor":50,"turns":6}],"seed_played":"4729854997936092166","potions_obtained":[{"floor":2.0,"key":"ColorlessPotion"},{"floor":11.0,"key":"GamblersBrew"},{"floor":12.0,"key":"Explosive Potion"},{"floor":16.0,"key":"FearPotion"},{"floor":18.0,"key":"LiquidMemories"},{"floor":25.0,"key":"DuplicationPotion"},{"floor":28,"key":"ColorlessPotion"},{"floor":30,"key":"AttackPotion"},{"floor":47,"key":"Block Potion"}],"is_trial":false,"path_per_floor":["M","M","COS","?","?","R","$","?","T","E","M","M","M","M","R","B",null,"M","M","$","M","?","R","?","M","T","COS","M","$","M","?","R","B",null,"M","?","M","$","M","R","?","?","T","M","M","M","M","E","R","B",null],"character_chosen":"THE_SERVANT","items_purchased":["Membership Card","GearUp+1","DualDimension+1","Omamori","SkillPotion","BlessingOfTheForge","Block Potion"],"campfire_rested":0,"item_purchase_floors":[20,20,29,38,38,38,38],"current_hp_per_floor":[63,63,63,63,63,63,63,63,63,63,63,63,63,63,63,50,65,63,63,65,65,65,65,65,65,65,65,42,57,57,57,57,57,65,65,65,65,65,65,65,65,65,65,65,65,54,54,54,54,54],"gold":154,"neow_bonus":"THREE_ENEMY_KILL","is_daily":false,"chose_seed":false,"campfire_upgraded":6,"win_rate":0.0,"timestamp":1609358828,"path_taken":["M","M","COS","?","?","R","?","?","T","E","M","M","M","M","R","BOSS","M","M","$","M","?","R","?","M","T","COS","M","$","?","?","R","BOSS","M","?","M","$","?","R","?","?","T","M","M","M","M","E","R","BOSS"],"items_purchased_type":["Relic","Card","Card","Relic","Potion","Potion","Potion"],"build_version":"2020-12-22","purchased_purges":3,"victory":true,"max_hp_per_floor":[65,65,65,65,65,65,65,65,65,65,65,65,65,65,65,65,65,65,65,65,65,65,65,65,65,65,65,65,65,65,65,65,65,65,65,65,65,65,65,65,65,65,65,65,65,65,65,65,65,65],"card_choices":[{"not_picked":["DoubleEdge","StarChef"],"picked":"Barrier","floor":1.0},{"not_picked":["ReturningBlade","Rearm"],"picked":"SilverBlades","floor":2.0},{"not_picked":["Sunlight+1","Unruled+1"],"picked":"Potential+1","floor":10.0},{"not_picked":["Unruled","Potential"],"picked":"Moondial+1","floor":10.0},{"not_picked":["Manipulate+1","Replace+1"],"picked":"SurpressingFire","floor":11.0},{"not_picked":["Rearm+1","Spin"],"picked":"Starlight","floor":12.0},{"not_picked":["FastForward+1","DoubleEdge","Advance+1"],"picked":"SKIP","floor":13.0},{"not_picked":["Rearm+1","Foresight"],"picked":"Ricochet","floor":14.0},{"not_picked":["LightFlow","Dilation+1"],"picked":"KillingDoll","floor":16.0},{"not_picked":["Replace+1","Snipe","TimeWarp"],"picked":"SKIP","floor":18.0},{"not_picked":["StarChef","ShatteredReality"],"picked":"Luminosity","floor":19.0},{"not_picked":["Collapse","KillingDoll"],"picked":"Rearm+1","floor":21.0},{"not_picked":["Ricochet","GearUp+1"],"picked":"Moonlight+1","floor":25.0},{"not_picked":["Unruled","Rearm+1","Defy+1"],"picked":"SKIP","floor":28},{"not_picked":["Spin","Collapse","TimeWarp"],"picked":"SKIP","floor":30},{"not_picked":["Manipulate+1","Read+1","Spin"],"picked":"SKIP","floor":35},{"not_picked":["DualDimension+1","ShatteredReality+1","Unruled"],"picked":"SKIP","floor":37},{"not_picked":["Manipulate+1","MoonPhase","Potential+1"],"picked":"SKIP","floor":39},{"not_picked":["TimeWarp","Moonlight"],"picked":"Dilation+1","floor":44},{"not_picked":["Potential","DoubleEdge+1","Reset+1"],"picked":"SKIP","floor":45},{"not_picked":["GearUp+1","Unruled+1","Contraction+1"],"picked":"SKIP","floor":46},{"not_picked":["Starlight","Snipe","Shuttle+1"],"picked":"SKIP","floor":47},{"not_picked":["Manipulate+1","WasteNot+1","Revamp+1"],"picked":"SKIP","floor":48}],"player_experience":214523,"relics_obtained":[{"floor":9.0,"key":"MealTicket"},{"floor":10.0,"key":"Divine Protection"},{"floor":26.0,"key":"Quantum Egg"},{"floor":43,"key":"Orichalcum"},{"floor":48,"key":"Onion Ring"}],"event_choices":[],"is_beta":false,"boss_relics":[{"not_picked":["Black Star","Ectoplasm"],"picked":"Replay:Bronze Core"},{"not_picked":["Calling Bell","MysterySword"],"picked":"Abe\u0027s Treasure"}],"items_purged_floors":[20,29,38],"is_endless":false,"potions_floor_spawned":[2,11,12,16,18,25,28,30,39,47],"ascension_level":0}}