{"host":"2no1vwhhkhf0ohz3","time":1609335611,"event":{"mods":["AchievementEnabler","BaseMod","Colored Map","DeckTracker","Keyboard Shortcuts","Minty Spire (QoL Compilation)","Relic Stats","SuperFastMode"],"gold_per_floor":[115,131,131,131,144,144,174,174,197,222,236,256,268,284,284,387,387,407,317,335,355,20,20,30,30,79,111,111,122,122,136,136,239,239,252,268,268,268,268,268,268,303,123,123,173,98,111,111,111,111,111],"floor_reached":52,"playtime":1753,"items_purged":["Defend_G","Strike_G"],"score":1001,"play_id":"34cad4aa-8b0f-4548-a79c-c31105555c09","local_time":"20201230224011","is_ascension_mode":true,"campfire_choices":[{"data":"Deadly Poison","floor":6,"key":"SMITH"},{"data":"Bouncing Flask","floor":8,"key":"SMITH"},{"data":"Footwork","floor":15,"key":"SMITH"},{"data":"Adrenaline","floor":23,"key":"SMITH"},{"data":"Prepared","floor":28,"key":"SMITH"},{"data":"Neutralize","floor":32,"key":"SMITH"},{"data":"Eviscerate","floor":41,"key":"SMITH"},{"data":"Well Laid Plans","floor":48,"key":"SMITH"},{"data":"1","floor":50,"key":"LIFT"}],"circlet_count":0,"master_deck":["Defend_G","Defend_G","Defend_G","Defend_G","Survivor+1","Neutralize+1","Eviscerate+1","Deadly Poison+1","Backflip","Footwork+1","Bouncing Flask+1","Escape Plan","Escape Plan","Prepared+1","Adrenaline+1","Blur","Backflip+1","PiercingWail+1","Deflect+1","Malaise+1","PiercingWail+1","Bullet Time+1","Deflect+1","Acrobatics+1","Madness+1","Madness+1","Calculated Gamble+1","Dodge and Roll+1","Well Laid Plans+1","Enlightenment+1"],"relics":["Ring of the Snake","Lantern","Darkstone Periapt","Toy Ornithopter","Bronze Scales","Empty Cage","Toxic Egg 2","Art of War","Girya","Coffee Dripper","Pen Nib","Juzu Bracelet","Thread and Needle"],"acts_visited":["Exordium","TheCity","TheBeyond"],"potions_floor_usage":[7,16,16,27,33,33,33,51,51],"damage_taken":[{"damage":1.0,"enemies":"Cultist","floor":1.0,"turns":3.0},{"damage":2.0,"enemies":"Jaw Worm","floor":2.0,"turns":4.0},{"damage":0,"enemies":"2 Louse","floor":5,"turns":3},{"damage":16,"enemies":"Gremlin Nob","floor":7,"turns":3},{"damage":3,"enemies":"Lagavulin","floor":10,"turns":5},{"damage":15,"enemies":"Lots of Slimes","floor":11,"turns":4},{"damage":0,"enemies":"3 Louse","floor":12,"turns":2},{"damage":3,"enemies":"Looter","floor":13,"turns":3},{"damage":0,"enemies":"2 Fungi Beasts","floor":14,"turns":3},{"damage":4,"enemies":"The Guardian","floor":16,"turns":7},{"damage":3,"enemies":"Spheric Guardian","floor":18,"turns":3},{"damage":1,"enemies":"Shell Parasite","floor":20,"turns":3},{"damage":10,"enemies":"Chosen and Byrds","floor":21,"turns":7},{"damage":0,"enemies":"Shelled Parasite and Fungi","floor":24,"turns":4},{"damage":0,"enemies":"Book of Stabbing","floor":27,"turns":6},{"damage":0,"enemies":"Snecko","floor":29,"turns":4},{"damage":6,"enemies":"Centurion and Healer","floor":31,"turns":11},{"damage":46,"enemies":"Collector","floor":33,"turns":12},{"damage":0,"enemies":"Orb Walker","floor":35,"turns":4},{"damage":14,"enemies":"3 Darklings","floor":36,"turns":7},{"damage":0,"enemies":"Nemesis","floor":42,"turns":9},{"damage":0,"enemies":"Mind Bloom Boss Battle","floor":45,"turns":8},{"damage":0,"enemies":"Transient","floor":47,"turns":5},{"damage":4,"enemies":"Time Eater","floor":51,"turns":14}],"seed_played":"2992643744079143721","potions_obtained":[{"floor":1.0,"key":"SteroidPotion"},{"floor":10,"key":"EntropicBrew"},{"floor":14,"key":"EssenceOfSteel"},{"floor":16,"key":"Fruit Juice"},{"floor":18,"key":"Block Potion"},{"floor":20,"key":"DuplicationPotion"},{"floor":36,"key":"LiquidBronze"},{"floor":42,"key":"Block Potion"}],"is_trial":false,"path_per_floor":["M","M","?","?","M","R","E","R","T","E","M","M","M","M","R","B",null,"M","?","M","M","$","R","M","?","T","E","R","M","?","M","R","B",null,"M","M","M","?","?","?","R","E","$","T","?","$","M","R","?","R","B",null],"character_chosen":"THE_SILENT","items_purchased":["Toxic Egg 2","Calculated Gamble+1","Well Laid Plans"],"campfire_rested":0,"item_purchase_floors":[22,43,46],"current_hp_per_floor":[62,60,53,53,53,53,37,37,37,34,19,19,16,16,16,27,63,60,60,59,49,49,49,49,49,49,54,54,54,54,48,48,17,61,61,47,47,47,47,38,38,38,38,38,38,38,38,38,38,38,44],"gold":111,"neow_bonus":"TRANSFORM_CARD","is_daily":false,"chose_seed":false,"campfire_upgraded":8,"win_rate":0.0,"timestamp":1609335611,"path_taken":["M","?","?","?","M","R","E","R","T","E","?","M","?","M","R","BOSS","M","?","M","?","$","R","M","?","T","E","R","?","?","M","R","BOSS","M","M","M","?","?","?","R","E","?","T","?","$","M","R","?","R","BOSS"],"items_purchased_type":["Relic","Card","Card"],"build_version":"2020-12-22","purchased_purges":2,"victory":true,"max_hp_per_floor":[70,70,70,70,70,70,70,70,70,70,70,70,70,70,70,75,75,75,75,75,75,75,75,75,75,75,75,75,75,75,75,75,75,75,75,75,75,75,75,75,75,75,75,75,75,75,75,75,75,75,75],"relic_stats":{"Darkstone Periapt":0,"counters":[24,134],"Bronze Scales":[405],"Pen Nib":[1],"Art of War":[36],"Juzu Bracelet":0,"obtain_stats":[{"Darkstone Periapt":7,"Girya":27,"Lantern":3,"Thread and Needle":45,"Pen Nib":42,"Juzu Bracelet":44,"Empty Cage":17,"Bronze Scales":10,"Art of War":26,"Coffee Dripper":34,"Toxic Egg 2":22,"Toy Ornithopter":9,"Ring of the Snake":0},{"Darkstone Periapt":4,"Girya":15,"Lantern":2,"Thread and Needle":22,"Pen Nib":21,"Juzu Bracelet":21,"Empty Cage":10,"Bronze Scales":5,"Art of War":14,"Coffee Dripper":18,"Toxic Egg 2":13,"Toy Ornithopter":4,"Ring of the Snake":0},{"Darkstone Periapt":13,"Girya":60,"Lantern":7,"Thread and Needle":115,"Pen Nib":107,"Juzu Bracelet":107,"Empty Cage":37,"Bronze Scales":18,"Art of War":54,"Coffee Dripper":87,"Toxic Egg 2":50,"Toy Ornithopter":13,"Ring of the Snake":0}],"Toy Ornithopter":40,"Ring of the Snake":[48]},"card_choices":[{"not_picked":["Caltrops","All Out Attack"],"picked":"Deadly Poison","floor":1.0},{"not_picked":["Escape Plan","Poisoned Stab"],"picked":"Backflip","floor":2.0},{"not_picked":["Deflect","Sucker Punch"],"picked":"Footwork","floor":5},{"not_picked":["Endless Agony","Underhanded Strike"],"picked":"Bouncing Flask","floor":7},{"not_picked":["Outmaneuver","Prepared"],"picked":"Escape Plan","floor":10},{"not_picked":["Quick Slash","Deflect","Prepared"],"picked":"SKIP","floor":11},{"not_picked":["Die Die Die","Prepared"],"picked":"Escape Plan","floor":12},{"not_picked":["Dagger Throw","Quick Slash","Outmaneuver"],"picked":"SKIP","floor":13},{"not_picked":["Flying Knee","Dagger Throw"],"picked":"Prepared","floor":14},{"not_picked":["Storm of Steel","Glass Knife"],"picked":"Adrenaline","floor":16},{"not_picked":["Slice","Concentrate+1","Underhanded Strike"],"picked":"SKIP","floor":18},{"not_picked":["Dagger Throw","PiercingWail"],"picked":"Blur","floor":20},{"not_picked":["Bane","Cloak And Dagger"],"picked":"Backflip+1","floor":21},{"not_picked":["Sucker Punch","Expertise+1"],"picked":"PiercingWail+1","floor":24},{"not_picked":["Quick Slash","Dash"],"picked":"Malaise+1","floor":27},{"not_picked":["Flying Knee","Accuracy"],"picked":"PiercingWail+1","floor":29},{"not_picked":["Cloak And Dagger+1","Quick Slash","Terror+1"],"picked":"SKIP","floor":31},{"not_picked":["Phantasmal Killer+1","Malaise+1"],"picked":"Bullet Time+1","floor":33},{"not_picked":["Accuracy","Infinite Blades+1"],"picked":"Deflect+1","floor":35},{"not_picked":["Outmaneuver+1","Dodge and Roll+1"],"picked":"Acrobatics+1","floor":36},{"not_picked":["Expertise+1","Backstab+1","Outmaneuver+1"],"picked":"SKIP","floor":42},{"not_picked":["Finisher+1","Poisoned Stab+1"],"picked":"Dodge and Roll+1","floor":45},{"not_picked":["Dagger Throw","Endless Agony+1","Predator"],"picked":"SKIP","floor":47},{"not_picked":["Trip+1","Discovery+1"],"picked":"Enlightenment+1","floor":49}],"player_experience":272724,"relics_obtained":[{"floor":7,"key":"Darkstone Periapt"},{"floor":9,"key":"Toy Ornithopter"},{"floor":10,"key":"Bronze Scales"},{"floor":26,"key":"Art of War"},{"floor":27,"key":"Girya"},{"floor":42,"key":"Pen Nib"},{"floor":44,"key":"Juzu Bracelet"},{"floor":45,"key":"Thread and Needle"}],"event_choices":[{"damage_healed":0.0,"max_hp_gain":0.0,"max_hp_loss":0.0,"gold_gain":0.0,"event_name":"Scrap Ooze","player_choice":"Success","floor":3.0,"gold_loss":0.0,"damage_taken":7.0,"relics_obtained":["Lantern"]},{"damage_healed":0,"gold_gain":0,"player_choice":"Leave","damage_taken":0,"max_hp_gain":0,"max_hp_loss":0,"event_name":"FaceTrader","floor":4,"gold_loss":0},{"cards_removed":["Strike_G"],"damage_healed":0,"gold_gain":0,"player_choice":"Upgrade and Remove","damage_taken":0,"max_hp_gain":0,"max_hp_loss":0,"event_name":"Designer","floor":19,"gold_loss":90,"cards_upgraded":["Survivor"]},{"damage_healed":0,"gold_gain":0,"player_choice":"1 cards matched","damage_taken":0,"max_hp_gain":0,"max_hp_loss":0,"event_name":"Match and Keep!","floor":25,"gold_loss":0,"cards_obtained":["Deflect"]},{"damage_healed":0,"gold_gain":0,"player_choice":"Ignored","damage_taken":0,"max_hp_gain":0,"max_hp_loss":0,"event_name":"Ghosts","floor":30,"gold_loss":0},{"damage_healed":0,"gold_gain":0,"player_choice":"Ignored","damage_taken":0,"max_hp_gain":0,"max_hp_loss":0,"event_name":"Mysterious Sphere","floor":38,"gold_loss":0},{"damage_healed":0,"gold_gain":0,"player_choice":"Ignored","damage_taken":0,"max_hp_gain":0,"max_hp_loss":0,"event_name":"Tomb of Lord Red Mask","floor":39,"gold_loss":0},{"damage_healed":0,"gold_gain":0,"player_choice":"Embrace Madness","damage_taken":9,"max_hp_gain":0,"max_hp_loss":0,"event_name":"Winding Halls","floor":40,"gold_loss":0,"cards_obtained":["Madness","Madness"]},{"damage_healed":0,"gold_gain":0,"player_choice":"Fight","damage_taken":0,"max_hp_gain":0,"max_hp_loss":0,"event_name":"MindBloom","floor":45,"gold_loss":0},{"damage_healed":0,"gold_gain":0,"player_choice":"Memory 1","damage_taken":0,"max_hp_gain":0,"max_hp_loss":0,"event_name":"SensoryStone","floor":49,"gold_loss":0}],"is_beta":false,"boss_relics":[{"not_picked":["Cursed Key","Philosopher\u0027s Stone"],"picked":"Empty Cage"},{"not_picked":["Runic Pyramid","Busted Crown"],"picked":"Coffee Dripper"}],"items_purged_floors":[22,43],"is_endless":false,"potions_floor_spawned":[1,10,14,16,18,20,21,36,42],"ascension_level":6}}