{"host":"26z4pn7yjkr92e19","time":1609308704,"event":{"mods":["Aspiration","BaseMod","Colored Powertips","Conspire","Downfall","Duelist Mod","Friendly Minions","GifTheSpireLib","Hermit","Highlight Path","Hubris","Infinite Spire","Jorbs\u0027s Wanderer Trilogy","Lobotomy","Marisa????????","Minty Spire (QoL Compilation)","Remilia??????","Replay The Spire","Shop Mod","StSLib","Td1madao Mod","The Administrix","The Animator","The Bug Knight","The Cursed","The Disciple","The Hierophant","The Jungle","The Mystic","The Necromancer","The Runesmith","The Servant 0.9.4","Yuyuko"],"gold_per_floor":[99,113,124,134,147,160,160,160,260,273,273,2,13,48,63,63,63,63],"floor_reached":16,"playtime":2078,"items_purged":[],"score":106,"play_id":"44705027-aa6f-4c98-945d-eeae92097fe1","local_time":"20201230011144","is_ascension_mode":false,"campfire_choices":[{"floor":1,"key":"RECALL"},{"floor":11,"key":"REST"}],"circlet_count":0,"master_deck":["hexamod:Strike","hexamod:Strike","hexamod:Strike","hexamod:Strike","hexamod:Defend","hexamod:Defend","hexamod:Defend","hexamod:Defend","hexamod:Sear","hexamod:Float","hexamod:RainOfEmbers","hexamod:Firestarter","hexamod:BacktrackSmack","hexamod:SpectersWail","hexamod:GhostOfSpirePresent","hexamod:HexaLevel","hexamod:AdvancingGuard","hexamod:Hexaguard","hexamod:GhostflameBarrier","hexamod:HauntingEcho"],"relics":["hexamod:SpiritBrand","Centennial Puzzle","downfall:BrokenWingStatue","hubris:PeanutButter","aspiration:HatOfInfinitePower"],"acts_visited":["Exordium"],"potions_floor_usage":[16,16],"damage_taken":[{"damage":6,"enemies":"infinitespire:Voidling","floor":2,"turns":5},{"damage":3,"enemies":"2 Louse","floor":3,"turns":4},{"damage":0,"enemies":"Small Slimes","floor":4,"turns":3},{"damage":54,"enemies":"Gremlin Gang","floor":5,"turns":5},{"damage":5,"enemies":"Exordium Thugs","floor":6,"turns":4},{"damage":5,"enemies":"Lots of Slimes","floor":10,"turns":3},{"damage":0,"enemies":"downfall:FleeingMerchant","floor":12,"turns":4},{"damage":3,"enemies":"Exordium Wildlife","floor":13,"turns":5},{"damage":13,"enemies":"Lagavulin","floor":14,"turns":8},{"damage":0,"enemies":"Large Slime","floor":15,"turns":5},{"damage":24,"enemies":"downfall:Ironclad","floor":16,"turns":9}],"seed_played":"2767364291685777765","potions_obtained":[{"floor":5,"key":"SpeedPotion"},{"floor":10,"key":"EssenceOfSteel"},{"floor":14,"key":"hexamod:EctoCoolerPotion"}],"is_trial":false,"path_per_floor":["R","M","M","M","M","M","T","?","?","M","R","$","M","E","M","B"],"character_chosen":"THE_SPIRIT","items_purchased":["hubris:PeanutButter"],"campfire_rested":1,"item_purchase_floors":[12],"current_hp_per_floor":[77,71,68,68,14,9,9,9,9,4,27,27,24,11,11,0,0,0],"gold":63,"neow_bonus":"TEN_PERCENT_HP_BONUS","is_daily":false,"chose_seed":false,"campfire_upgraded":0,"win_rate":0.0,"timestamp":1609308704,"path_taken":["R","M","M","M","M","?","T","?","?","?","R","$","M","E","M","BOSS"],"items_purchased_type":["Relic"],"build_version":"2020-12-22","purchased_purges":0,"victory":false,"max_hp_per_floor":[77,77,77,77,77,77,77,77,77,77,77,77,77,77,77,77,77,77],"card_choices":[{"not_picked":["hexamod:HeatCrush","hexamod:ChargedBarrage"],"picked":"hexamod:RainOfEmbers","floor":2},{"not_picked":["hexamod:InspiringFlames","hexamod:HauntingEcho"],"picked":"hexamod:Firestarter","floor":3},{"not_picked":["hexamod:GhostLash","hexamod:HauntingEcho"],"picked":"hexamod:BacktrackSmack","floor":4},{"not_picked":["hexamod:GhostLash","hexamod:ThermalTransfer"],"picked":"hexamod:SpectersWail","floor":5},{"not_picked":["hexamod:InspiringFlames","hexamod:GhostOfSpireFuture"],"picked":"hexamod:GhostOfSpirePresent","floor":6},{"not_picked":["hexamod:BurningTouch","hexamod:AdvancingGuard"],"picked":"hexamod:HexaLevel","floor":10},{"not_picked":["hexamod:RadiantFlame","hexamod:GhostOfSpireFuture"],"picked":"hexamod:AdvancingGuard","floor":12},{"not_picked":["hexamod:NightmareGuise","hexamod:BurningTouch"],"picked":"hexamod:Hexaguard","floor":13},{"not_picked":["hexamod:FourthSeal","hexamod:SpectersWail"],"picked":"hexamod:GhostflameBarrier","floor":14},{"not_picked":["hexamod:GhostLash","hexamod:Firestarter"],"picked":"hexamod:HauntingEcho","floor":15}],"player_experience":59052,"relics_obtained":[{"floor":7,"key":"Centennial Puzzle"},{"floor":14,"key":"aspiration:HatOfInfinitePower"}],"event_choices":[],"is_beta":false,"boss_relics":[],"items_purged_floors":[],"is_endless":false,"potions_floor_spawned":[5,10,14,15],"killed_by":"downfall:Ironclad","ascension_level":0}}