{"host":"vm8b3ptwl81uq21f","time":1609307619,"event":{"mods":["BaseMod","BetterRewards","Colored Map","Colored Powertips","Downfall","GifTheSpireLib","Googly Eyes","GungeonMod","Halation","Hubris","Infinite Spire","Minty Spire (QoL Compilation)","Quick Restart","Rare Cards Sparkle","Replay The Spire","Shop Mod","StSLib","Stuff the Spire","The Bug Knight","The IronCluck","[IsaacMod]????"],"gold_per_floor":[112,129,179,202,229,229,282,282,282,327,115,144,144,12,12,136,136,167,0,38,81,81,81,81,109,109,109,156,182,226,253,285,285,293,431,431,496,540,601,601,601,601,645,687,713,713,781,781,0,84,84,642],"floor_reached":53,"playtime":3736,"items_purged":["Strike_G","Defend_G","Strike_G","Grand Finale","StuffTheSpire:Injection","Strike_G"],"score":808,"play_id":"1928414d-d8f5-4f85-a237-88fbb5a998c3","local_time":"20201230005339","is_ascension_mode":false,"campfire_choices":[{"data":"Neutralize","floor":6,"key":"SMITH"},{"floor":8,"key":"REST"},{"data":"Noxious Fumes","floor":23,"key":"SMITH"},{"data":"After Image","floor":27,"key":"SMITH"},{"data":"hubris:EnhanceAbility","floor":33,"key":"SMITH"},{"floor":42,"key":"REST"},{"floor":46,"key":"REST"},{"data":"Midas Touch","floor":48,"key":"SMITH"},{"floor":51,"key":"REST"}],"circlet_count":0,"master_deck":["Strike_G","Strike_G","Defend_G","Defend_G","Defend_G","Survivor","Neutralize+1","Poisoned Strike","Backflip","Prepared","StuffTheSpire:ReptileScales","Poisoned Stab","Eviscerate","Catalyst+1","Deflect","Dash+1","After Image+1","Noxious Fumes+1","hubris:EnhanceAbility+1","Replay:SS_fish_3","Midas Touch+1","Endless Agony","PiercingWail","Poisoned Stab","Dagger Throw","Sucker Punch","Eviscerate+1","Dodge and Roll+1","Blade Dance+1","DemoMod:Elimentaler","Bullet Time","Acrobatics+1","Madness","Madness","Dagger Spray","Adrenaline","StuffTheSpire:Incantation","Envenom","Bouncing Flask"],"relics":["Ring of the Snake","HushsDoor","MaYiHuaBei","Membership Card","BookOfRevelations","MerchantsRug","Bottled Flame","Lizard Tail","hubris:Reverence","Replay:Bandana","Happy Flower","HollowMod:LifeEnderRelic","Juzu Bracelet","Replay:Bottled Flurry","halation:Pancakes","halation:LoveArrow","ReplayTheSpireMod:ShopPack","halation:QuantumPhysicsTextbook","DemoMod:RatBoots","DemoMod:ResourcefulSack","DemoMod:PartiallyEatenCheese","Painkiller Herb","halation:SmartPhone","halation:PinkSoulGem","DemoMod:Antibody","halation:AfternoonTea","HowToJump","D6","BelialBook","DemoMod:MeltedRock","Replay:Ringing Soul"],"acts_visited":["Exordium","TheCity","DemoMod:Maze","TheBeyond"],"potions_floor_usage":[10,34,34,35,52,52,52],"damage_taken":[{"damage":3,"enemies":"Jaw Worm","floor":1,"turns":6},{"damage":0,"enemies":"Cultist","floor":2,"turns":4},{"damage":29,"enemies":"Hiden Room Battle","floor":3,"turns":10},{"damage":0,"enemies":"2 Louse","floor":4,"turns":2},{"damage":0,"enemies":"Blue Slaver","floor":5,"turns":4},{"damage":4,"enemies":"Gremlin Nob","floor":7,"turns":3},{"damage":5,"enemies":"Lagavulin","floor":10,"turns":4},{"damage":0,"enemies":"3 Louse","floor":12,"turns":3},{"damage":0,"enemies":"Fading Forest","floor":16,"turns":11},{"damage":0,"enemies":"Shell Parasite","floor":18,"turns":5},{"damage":0,"enemies":"3 Byrds","floor":20,"turns":4},{"damage":0,"enemies":"Snake Plant","floor":21,"turns":4},{"damage":0,"enemies":"Snecko","floor":25,"turns":4},{"damage":0,"enemies":"DemoMod:4_Bullet_Kins","floor":28,"turns":3},{"damage":0,"enemies":"DemoMod:Red_and_blue_shotgun_kin","floor":29,"turns":3},{"damage":1,"enemies":"DemoMod:Veteran_shot_gun_kin_and_blue_shotgun_kin_with_gunsinger","floor":30,"turns":4},{"damage":1,"enemies":"DemoMod:Veteran_shot_gun_kin_and_red_shotgun_kin_with_gunsinger","floor":31,"turns":3},{"damage":1,"enemies":"DemoMod:Veteran_shot_gun_kin_and_blue_shotgun_kin","floor":32,"turns":2},{"damage":4,"enemies":"DemoMod:ResourcefulRat","floor":35,"turns":11},{"damage":23,"enemies":"3 Darklings","floor":37,"turns":3},{"damage":0,"enemies":"Orb Walker","floor":38,"turns":3},{"damage":6,"enemies":"3 Darklings","floor":39,"turns":3},{"damage":9,"enemies":"Sphere and 2 Shapes","floor":43,"turns":3},{"damage":23,"enemies":"Giant Head","floor":44,"turns":7},{"damage":0,"enemies":"Spire Growth","floor":47,"turns":5},{"damage":0,"enemies":"HollowMod:StalkingDevout","floor":50,"turns":4},{"damage":9,"enemies":"infinitespire:MassOfShapes","floor":52,"turns":7}],"seed_played":"-5250310418798270818","potions_obtained":[{"floor":2,"key":"Elixir"},{"floor":7,"key":"Poison Potion"},{"floor":10,"key":"AttackPotion"},{"floor":12,"key":"Adrenaline Potion"},{"floor":16,"key":"EssenceOfSteel"},{"floor":35,"key":"Explosive Potion"},{"floor":37,"key":"LiquidMemories"},{"floor":44,"key":"Adrenaline Potion"},{"floor":47,"key":"PowerPotion"}],"is_trial":false,"path_per_floor":["M","M","?","M","M","R","E","R","T","E","$","M","?","$","R_BF","B",null,"M","$","M","M","?","R","?","M","T","R","M","M","M","M","M","R","B","B",null,"?","?","?","?","?","T","?","E","T","T","?","T","T","E","T","B",null],"character_chosen":"THE_SILENT","items_purchased":["Membership Card","Diplopia","BookOfRevelations","Poisoned Strike","MerchantsRug","Bottled Flame","Dash+1","Replay:Bottled Flurry","halation:Pancakes","DemoMod:GnawedKey","Grand Finale","ReplayTheSpireMod:ShopPack","halation:QuantumPhysicsTextbook","Envenom","ChaosCard","HowToJump","D6","BelialBook","DemoMod:MeltedRock","Bouncing Flask"],"campfire_rested":4,"item_purchase_floors":[0,0,0,0,0,0,11,11,14,14,17,19,19,49,49,49,49,49,49,49],"current_hp_per_floor":[35,35,6,6,6,6,2,23,23,18,18,18,18,57,70,70,67,67,67,67,67,67,67,67,67,67,67,67,67,66,65,64,64,53,49,67,44,44,38,24,24,44,35,12,12,32,53,53,35,35,55,59],"gold":642,"neow_bonus":"","is_daily":false,"chose_seed":false,"campfire_upgraded":5,"win_rate":0.0,"timestamp":1609307619,"path_taken":["M","M","?","M","M","R","E","R","T","E","$","M","?","$","R_BF","BOSS","M","$","M","M","?","R","?","M","T","R","M","M","M","M","M","R","BOSS","BOSS","?","?","?","?","?","T","?","E","T","T","?","T","T","E","T","BOSS"],"items_purchased_type":["Relic","Relic","Relic","Card","Relic","Relic","Card","Relic","Relic","Relic","Card","Relic","Relic","Card","Card","Relic","Relic","Relic","Relic","Card"],"build_version":"2020-12-22","purchased_purges":6,"victory":true,"max_hp_per_floor":[70,70,70,70,70,70,70,70,70,70,70,70,70,70,70,70,67,67,67,67,67,67,67,67,67,67,67,67,67,67,67,67,67,67,67,67,67,67,67,67,67,67,67,67,67,67,67,67,67,67,67,67],"card_choices":[{"not_picked":[],"picked":"Bomb","floor":0},{"not_picked":["Burst","Masterful Stab"],"picked":"Backflip","floor":1},{"not_picked":["StuffTheSpire:MirrorStance","Blade Dance"],"picked":"Prepared","floor":2},{"not_picked":["Blade Dance","Sucker Punch"],"picked":"StuffTheSpire:ReptileScales","floor":3},{"not_picked":["StuffTheSpire:MirrorStance","Flying Knee"],"picked":"Poisoned Stab","floor":4},{"not_picked":["Deadly Poison","StuffTheSpire:FinalStruggle"],"picked":"Eviscerate","floor":5},{"not_picked":["StuffTheSpire:Injection","Bomb"],"picked":"Catalyst","floor":7},{"not_picked":["StuffTheSpire:Shiver","Dagger Spray"],"picked":"Deflect","floor":10},{"not_picked":["Flying Knee","ReplayTheSpireMod:Tripwire"],"picked":"StuffTheSpire:Injection","floor":12},{"not_picked":["Glass Knife","Unload"],"picked":"After Image","floor":16},{"not_picked":["Bane","Blade Dance"],"picked":"Noxious Fumes","floor":18},{"not_picked":["The Bomb","BloodyBrimstone"],"picked":"hubris:EnhanceAbility","floor":19},{"not_picked":["ReplayTheSpireMod:Uncanny Aura","Swift Strike"],"picked":"Replay:SS_fish_3","floor":19},{"not_picked":["Flash of Steel","Good Instincts"],"picked":"Midas Touch","floor":19},{"not_picked":["Sneak Up","Flechettes"],"picked":"Endless Agony","floor":20},{"not_picked":["StuffTheSpire:Shiver","Quick Slash"],"picked":"PiercingWail","floor":21},{"not_picked":["Slice","Dagger Throw+1","Dodge and Roll"],"picked":"SKIP","floor":25},{"not_picked":["StuffTheSpire:Injection","Expertise"],"picked":"Dagger Throw","floor":28},{"not_picked":["Hidden Blade","Prepared"],"picked":"Sucker Punch","floor":29},{"not_picked":["Tools of the Trade","Blur"],"picked":"Eviscerate+1","floor":30},{"not_picked":["StuffTheSpire:ClusterCrunch","Underhanded Strike+1"],"picked":"Dodge and Roll+1","floor":31},{"not_picked":["hubris:SlightOfHand+1","Skewer+1"],"picked":"Blade Dance+1","floor":32},{"not_picked":[],"picked":"DemoMod:Elimentaler","floor":35},{"not_picked":["StuffTheSpire:FinalStruggle","Storm of Steel"],"picked":"Bullet Time","floor":35},{"not_picked":["StuffTheSpire:BumpUp","Blade Dance"],"picked":"Acrobatics+1","floor":36},{"not_picked":["Dagger Throw+1","Prepared","Hidden Blade+1"],"picked":"SKIP","floor":37},{"not_picked":["ReplayTheSpireMod:Necrosis","ReplayTheSpireMod:Scrap Shanks","Calculated Gamble"],"picked":"SKIP","floor":38},{"not_picked":["Masterful Stab","Deflect","StuffTheSpire:BumpUp"],"picked":"SKIP","floor":39},{"not_picked":["Reflex","All Out Attack"],"picked":"Dagger Spray","floor":43},{"not_picked":["Acrobatics","Sucker Punch+1"],"picked":"Adrenaline","floor":44},{"not_picked":["Tactician","Acrobatics"],"picked":"StuffTheSpire:Incantation","floor":47},{"not_picked":["PiercingWail","StuffTheSpire:Python+1","hubris:Sniper"],"picked":"SKIP","floor":50}],"player_experience":325374,"relics_obtained":[{"floor":3,"key":"hubris:Reverence"},{"floor":3,"key":"Replay:Bandana"},{"floor":7,"key":"Happy Flower"},{"floor":9,"key":"HollowMod:LifeEnderRelic"},{"floor":10,"key":"Juzu Bracelet"},{"floor":36,"key":"DemoMod:RatBoots"},{"floor":36,"key":"DemoMod:ResourcefulSack"},{"floor":36,"key":"DemoMod:PartiallyEatenCheese"},{"floor":36,"key":"Painkiller Herb"},{"floor":36,"key":"halation:SmartPhone"},{"floor":44,"key":"DemoMod:Antibody"},{"floor":45,"key":"halation:AfternoonTea"},{"floor":50,"key":"Replay:Ringing Soul"}],"event_choices":[{"damage_healed":0,"gold_gain":0,"player_choice":"Fight","damage_taken":0,"max_hp_gain":0,"max_hp_loss":0,"event_name":"HidenRoomEvent","floor":3,"gold_loss":0},{"damage_healed":0,"gold_gain":0,"player_choice":"Ignored","damage_taken":0,"max_hp_gain":0,"max_hp_loss":0,"event_name":"Vampires","floor":24,"gold_loss":0},{"damage_healed":0,"gold_gain":0,"player_choice":"Embrace Madness","damage_taken":8,"max_hp_gain":0,"max_hp_loss":0,"event_name":"Winding Halls","floor":40,"gold_loss":0,"cards_obtained":["Madness","Madness"]}],"is_beta":false,"boss_relics":[{"not_picked":["hubris:Stopwatch","ChewingGum"],"picked":"halation:LoveArrow"},{"not_picked":[]},{"not_picked":[]}],"items_purged_floors":[0,0,11,19,49,49],"is_endless":false,"potions_floor_spawned":[2,7,10,12,16,25,35,37,44,47],"ascension_level":0}}