{"host":"jfjanrmpavyj4ikg","time":1609308470,"event":{"mods":["AchievementEnabler","BaseMod","BetterRewards","Colored Map","Colored Powertips","Downfall","Duelist Mod","GifTheSpireLib","Hermit","Hubris","Infinite Spire","Marisa????????","Minty Spire (QoL Compilation)","Quick Restart","READ ME - Guardian Mod","Rare Cards Sparkle","Replay The Spire","Shop Mod","StSLib","The Animator","The Bug Knight","The Construct","The Cursed","The Disciple","The Hierophant","The Jungle","The Necromancer","The Runesmith","The Servant 0.9.4"],"gold_per_floor":[119,194,42,42,42,42,58,73,127,127,127,127],"floor_reached":11,"playtime":310,"items_purged":[],"score":61,"play_id":"d6205f02-d4bf-4372-b722-78f412a8dadf","local_time":"20201229220750","is_ascension_mode":false,"campfire_choices":[{"floor":6.0,"key":"REST"},{"data":"Spectral_Walk","floor":10,"key":"SMITH"}],"circlet_count":0,"master_deck":["Strike_W","Strike_W","Strike_W","Defend_W","Defend_W","Defend_W","Defend_W","Negative_Energy_Arrows","Bone_Wall","Negative_Energy_Javelin+1","Spectral_Walk+1"],"relics":["Vampire_Amulet","NeowsBlessing","Toy Ornithopter","MerchantsRug","Bronze Scales"],"acts_visited":["Exordium"],"potions_floor_usage":[],"damage_taken":[{"damage":0.0,"enemies":"Cultist","floor":1.0,"turns":1.0},{"damage":0,"enemies":"2 Louse","floor":7,"turns":2},{"damage":0,"enemies":"Small Slimes","floor":8,"turns":1},{"damage":0,"enemies":"3 Sentries","floor":11,"turns":1}],"seed_played":"-7204045403576215031","potions_obtained":[{"floor":2.0,"key":"Swift Potion"}],"is_trial":false,"path_per_floor":["M","?","$","?","?","R","M","M","T","R","E"],"character_chosen":"NECROMANCER","items_purchased":["MerchantsRug"],"campfire_rested":1,"item_purchase_floors":[3],"current_hp_per_floor":[75,57,57,50,50,72,75,75,75,75,75,75],"gold":127,"neow_bonus":"THREE_ENEMY_KILL","is_daily":false,"chose_seed":false,"campfire_upgraded":1,"win_rate":0.0,"timestamp":1609308470,"path_taken":["M","?","?","?","?","R","?","M","T","R","E"],"items_purchased_type":["Relic"],"build_version":"2020-12-22","purchased_purges":0,"victory":false,"max_hp_per_floor":[75,75,75,75,75,75,75,75,75,75,75,75],"card_choices":[{"not_picked":["Pandemic","Blood_Is_Power"],"picked":"Negative_Energy_Javelin","floor":1.0},{"not_picked":["Negative_Energy_Shield","Bone_Armor"],"picked":"Spectral_Walk","floor":2.0},{"not_picked":["Scare","Acid_Javelin","Blood_Shield"],"picked":"SKIP","floor":7},{"not_picked":["Consume_Illness","Corrupt","Vampiric_Strike"],"picked":"SKIP","floor":8}],"player_experience":46396,"relics_obtained":[{"floor":2.0,"key":"Toy Ornithopter"},{"floor":9,"key":"Bronze Scales"}],"event_choices":[{"cards_removed":["Strike_W"],"damage_healed":0.0,"max_hp_gain":0.0,"max_hp_loss":0.0,"gold_gain":0.0,"event_name":"Golden Wing","player_choice":"Card Removal","floor":4.0,"gold_loss":0.0,"damage_taken":7.0}],"is_beta":false,"boss_relics":[],"items_purged_floors":[],"is_endless":false,"potions_floor_spawned":[],"killed_by":"3 Sentries","ascension_level":0}}