{"host":"BK","time":1609301229,"event":{"mods":["BaseMod","Highlight Path","Minty Spire (QoL Compilation)","StSLib"],"gold_per_floor":[114,114,125,24,39,39,68,88,88,113,78,78,78],"floor_reached":12,"playtime":456,"items_purged":["Strike_G"],"score":176,"play_id":"60c59221-428a-4de1-b968-ac09cd887c07","local_time":"20201229210709","is_ascension_mode":true,"campfire_choices":[{"floor":6.0,"key":"REST"}],"circlet_count":0,"master_deck":["AscendersBane","Strike_G","Strike_G","Strike_G","Defend_G","Defend_G+1","Defend_G","Defend_G+1","Survivor","Neutralize","Predator","Bouncing Flask","Deadly Poison","Bouncing Flask","Corpse Explosion"],"relics":["Empty Cage","Pantograph","InkBottle","Letter Opener"],"acts_visited":["Exordium"],"potions_floor_usage":[12],"damage_taken":[{"damage":0.0,"enemies":"Jaw Worm","floor":1.0,"turns":6.0},{"damage":4.0,"enemies":"Small Slimes","floor":3.0,"turns":3.0},{"damage":1.0,"enemies":"2 Louse","floor":5.0,"turns":3.0},{"damage":14.0,"enemies":"Lagavulin","floor":7.0,"turns":6.0},{"damage":1.0,"enemies":"Blue Slaver","floor":8.0,"turns":4.0},{"damage":32.0,"enemies":"Gremlin Nob","floor":10.0,"turns":4.0},{"damage":22,"enemies":"Lagavulin","floor":12,"turns":3}],"seed_played":"-4556319171172795698","potions_obtained":[{"floor":8.0,"key":"AttackPotion"},{"floor":10.0,"key":"PowerPotion"}],"is_trial":false,"path_per_floor":["M","?","M","$","M","R","E","M","T","E","?","E"],"character_chosen":"THE_SILENT","items_purchased":["Deadly Poison"],"campfire_rested":1,"item_purchase_floors":[4],"current_hp_per_floor":[59,39,35,35,34,53,39,38,38,6,22,0,0],"gold":78,"neow_bonus":"BOSS_RELIC","is_daily":false,"chose_seed":false,"campfire_upgraded":0,"win_rate":0.0,"timestamp":1609301229,"path_taken":["M","?","M","$","M","R","E","M","T","E","?","E"],"items_purchased_type":["Card"],"build_version":"2020-12-18","purchased_purges":1,"victory":false,"max_hp_per_floor":[66,66,66,66,66,66,66,66,66,66,66,66,66],"card_choices":[{"not_picked":["Dodge and Roll","Backflip"],"picked":"Predator","floor":1.0},{"not_picked":["Sucker Punch","Cloak And Dagger"],"picked":"Bouncing Flask","floor":3.0},{"not_picked":["Deadly Poison","Outmaneuver","Setup"],"picked":"SKIP","floor":5.0},{"not_picked":["Heel Hook","Dagger Throw"],"picked":"Bouncing Flask","floor":7.0},{"not_picked":["Backstab","Outmaneuver","Heel Hook"],"picked":"SKIP","floor":8.0},{"not_picked":["Concentrate","Eviscerate"],"picked":"Corpse Explosion","floor":10.0}],"player_experience":2479412,"relics_obtained":[{"floor":7.0,"key":"Pantograph"},{"floor":9.0,"key":"InkBottle"},{"floor":10.0,"key":"Letter Opener"}],"event_choices":[{"damage_healed":0.0,"max_hp_gain":0.0,"max_hp_loss":0.0,"gold_gain":0.0,"event_name":"Shining Light","player_choice":"Entered Light","floor":2.0,"gold_loss":0.0,"damage_taken":20.0,"cards_upgraded":["Defend_G","Defend_G"]},{"damage_healed":16.0,"max_hp_gain":0.0,"max_hp_loss":0.0,"gold_gain":0.0,"event_name":"The Cleric","player_choice":"Healed","floor":11.0,"gold_loss":35.0,"damage_taken":0.0}],"is_beta":true,"boss_relics":[],"items_purged_floors":[4],"is_endless":false,"potions_floor_spawned":[8,10],"killed_by":"Lagavulin","ascension_level":20}}