{"host":"474oh00kq6ni8dn3","time":1609321703,"event":{"mods":["AchievementEnabler","Aspiration","BaseMod","Colored Map","Colored Powertips","Conspire","Custom Start","Downfall","Googly Eyes","Hubris","Infinite Spire","Lobotomy","Minty Spire (QoL Compilation)","Permanent Neow","Quick Restart","Replay The Spire","Shop Mod","StSLib","The Bug Knight","The Construct","The Jungle"],"gold_per_floor":[114,114,125,142,159,185,185,219,246,264,264,290,290,309,309,405,405,422,422,422,422,422,422,450,450,500,526,548,603,632,680,680,823,823,859,459,515,543,597,646,705,756,756,656,656,700,700,753,753,775],"floor_reached":51,"playtime":1456,"items_purged":[],"score":1426,"play_id":"8ad7b3b9-1cd5-4468-bc66-df142dcf8cee","local_time":"20201230094823","is_ascension_mode":true,"campfire_choices":[{"floor":7.0,"key":"DIG"},{"floor":11.0,"key":"DIG"},{"floor":15.0,"key":"DIG"},{"floor":23.0,"key":"DIG"},{"floor":25.0,"key":"DIG"},{"floor":32.0,"key":"DIG"},{"floor":47,"key":"DIG"},{"floor":49,"key":"DIG"}],"circlet_count":0,"master_deck":["All For One+1","ReplayGash+1","Gash+1","Gash+1","Gash+1","Gash+1","Gash+1","Gash+1"],"relics":["Cracked Core","Unceasing Top","Whetstone","WristBlade","War Paint","Vajra","TheAbacus","Sling","SlaversCollar","Shuriken","Shovel","infinitespire:ShieldingShard","hubris:ScarierMask","construct:RocketBooster","aspiration:PoetsPen","hubris:OldNail","ReplayTheSpireMod:Ninjato","Replay:Mystery Machine","CaptainsWheel","hubris:CuriousFeather","aspiration:HummingbirdHeart","Happy Flower","sneckomod:BlankCard","Potion Belt","aspiration:Lifesprig","hubris:Towel","theJungle:PaperFaux","MealTicket","conspire:BottledYoYo","Replay:Bandana","hubris:TenFootPole","Nunchaku","Replay:WaspNest","infinitespire:Lucky Rock","Guardian:PocketSentry","construct:FoamFinger","Gremlin Horn","Strawberry","conspire:TopHat","Ancient Tea Set","Akabeko"],"acts_visited":["Exordium","Exordium","TheBeyond"],"potions_floor_usage":[],"damage_taken":[{"damage":0.0,"enemies":"2 Louse","floor":1.0,"turns":1.0},{"damage":0.0,"enemies":"Cultist","floor":3.0,"turns":1.0},{"damage":0.0,"enemies":"Small Slimes","floor":4.0,"turns":1.0},{"damage":0.0,"enemies":"Blue Slaver","floor":5.0,"turns":1.0},{"damage":0.0,"enemies":"Gremlin Nob","floor":6.0,"turns":1.0},{"damage":0.0,"enemies":"3 Sentries","floor":8.0,"turns":1.0},{"damage":0.0,"enemies":"2 Fungi Beasts","floor":10.0,"turns":1.0},{"damage":0.0,"enemies":"Gremlin Nob","floor":12.0,"turns":1.0},{"damage":0.0,"enemies":"Gremlin Gang","floor":14.0,"turns":1.0},{"damage":0.0,"enemies":"Hexaghost","floor":16.0,"turns":1.0},{"damage":0.0,"enemies":"theJungle:MUSHROOMGANG","floor":18.0,"turns":1.0},{"damage":0.0,"enemies":"theJungle:Cassacara","floor":24.0,"turns":1.0},{"damage":0.0,"enemies":"theJungle:Flameango_and_Byrd","floor":27.0,"turns":1.0},{"damage":0.0,"enemies":"theJungle:2_Snecko_Cultists","floor":28.0,"turns":1.0},{"damage":0.0,"enemies":"theJungle:MamaSnecko","floor":29.0,"turns":1.0},{"damage":0.0,"enemies":"theJungle:2_Flameangoes","floor":30.0,"turns":1.0},{"damage":0.0,"enemies":"theJungle:Cassacara","floor":31.0,"turns":1.0},{"damage":0.0,"enemies":"theJungle:TotemBoss","floor":33.0,"turns":1.0},{"damage":0.0,"enemies":"Orb Walker","floor":35.0,"turns":1.0},{"damage":0.0,"enemies":"conspire:MimicChest","floor":37.0,"turns":1.0},{"damage":0.0,"enemies":"3 Darklings","floor":38.0,"turns":1.0},{"damage":0.0,"enemies":"Maw","floor":39.0,"turns":1.0},{"damage":0.0,"enemies":"Nemesis","floor":40.0,"turns":1.0},{"damage":0.0,"enemies":"Writhing Mass","floor":41.0,"turns":1.0},{"damage":0.0,"enemies":"Nightmare","floor":42.0,"turns":1.0},{"damage":0,"enemies":"Nemesis","floor":46,"turns":1},{"damage":0,"enemies":"Transient","floor":48,"turns":1},{"damage":0,"enemies":"conspire:OrnateMirror","floor":50,"turns":1}],"seed_played":"647165526476094280","potions_obtained":[{"floor":3.0,"key":"BlessingOfTheForge"},{"floor":4.0,"key":"Venom Potion"},{"floor":12.0,"key":"Ancient Potion"},{"floor":16.0,"key":"Toxic Potion"},{"floor":27.0,"key":"FearPotion"}],"is_trial":true,"path_per_floor":["M","?","M","M","M","E","R","E","T","M","R","E","$","M","R","B",null,"M","?","?","?","?","R","E","R","T","M","M","E","M","E","R","B",null,"M","$","?","M","M","E","M","NM","T","NS","AVR","E","R","M","R","B",null],"character_chosen":"DEFECT","items_purchased":["Guardian:PocketSentry","construct:FoamFinger"],"campfire_rested":0,"item_purchase_floors":[36,36],"current_hp_per_floor":[75,75,75,75,75,75,75,75,75,75,75,75,75,75,75,75,75,75,75,75,75,75,75,75,75,75,75,75,75,75,75,75,75,75,75,75,75,75,75,82,82,82,82,82,82,82,82,82,82,82],"gold":775,"neow_bonus":"","is_daily":false,"chose_seed":false,"campfire_upgraded":0,"win_rate":0.0,"timestamp":1609321703,"path_taken":["M","?","?","M","?","E","R","E","T","M","R","E","$","M","R","BOSS","M","?","?","?","?","R","E","R","T","M","M","E","M","E","R","BOSS","M","?","?","M","M","E","M","NM","T","NS","AVR","E","R","M","R","BOSS"],"items_purchased_type":["Relic","Relic"],"build_version":"2020-12-22","purchased_purges":0,"victory":true,"max_hp_per_floor":[75,75,75,75,75,75,75,75,75,75,75,75,75,75,75,75,75,75,75,75,75,75,75,75,75,75,75,75,75,75,75,75,75,75,75,75,75,75,75,82,82,82,82,82,82,82,82,82,82,82],"card_choices":[{"not_picked":["Compile Driver","hubris:PowerSurge","BasicCrystalCard"],"picked":"SKIP","floor":1.0},{"not_picked":["Turbo","Coolheaded","Compile Driver"],"picked":"SKIP","floor":3.0},{"not_picked":["Coolheaded","Barrage","Steam"],"picked":"SKIP","floor":4.0},{"not_picked":["Steam","Cold Snap","Capacitor"],"picked":"SKIP","floor":5.0},{"not_picked":["Fission","Sweeping Beam","ReplayTheSpireMod:Reroute Power"],"picked":"SKIP","floor":6.0},{"not_picked":["Panic Button","Seek","conspire:Rain"],"picked":"SKIP","floor":8.0},{"not_picked":["Conserve Battery","Melter","aspiration:Polymerization"],"picked":"SKIP","floor":10.0},{"not_picked":["Conserve Battery","Recycle","Static Discharge"],"picked":"SKIP","floor":12.0},{"not_picked":["Hologram","Barrage","Blizzard"],"picked":"SKIP","floor":14.0},{"not_picked":["Sweeping Beam","Ball Lightning","Turbo"],"picked":"SKIP","floor":18.0},{"not_picked":["Barrage+1","Steam Power","Hologram"],"picked":"SKIP","floor":24.0},{"not_picked":["Chill","Tempest","Redo"],"picked":"SKIP","floor":27.0},{"not_picked":["ReplayTheSpireMod:Calculation Training","Steam","Sweeping Beam"],"picked":"SKIP","floor":28.0},{"not_picked":["Stack+1","Sweeping Beam","FTL"],"picked":"SKIP","floor":29.0},{"not_picked":["Beam Cell","Static Discharge","Scrape"],"picked":"SKIP","floor":30.0},{"not_picked":["Meteor Strike","Recycle","Steam"],"picked":"SKIP","floor":31.0},{"not_picked":["BasicCrystalCard","Reprogram","Barrage+1"],"picked":"SKIP","floor":35.0},{"not_picked":["Compile Driver+1","Barrage","FIFO Queue+1"],"picked":"SKIP","floor":38.0},{"not_picked":["Loop","Coolheaded+1"],"picked":"Gash+1","floor":39.0},{"not_picked":["Lockon","Sweeping Beam+1","Crystallizer+1"],"picked":"SKIP","floor":40.0},{"not_picked":["Ball Lightning+1","BasicCrystalCard+1","Steam+1"],"picked":"SKIP","floor":41.0},{"not_picked":["Cold Snap","Turbo+1","BasicCrystalCard+1"],"picked":"SKIP","floor":42.0},{"not_picked":["Hologram","Turbo","hubris:Ukulele+1"],"picked":"SKIP","floor":46},{"not_picked":["Streamline+1","FTL","Redo+1"],"picked":"SKIP","floor":48}],"player_experience":51641,"relics_obtained":[{"floor":6.0,"key":"CaptainsWheel"},{"floor":7.0,"key":"hubris:CuriousFeather"},{"floor":8.0,"key":"aspiration:HummingbirdHeart"},{"floor":9.0,"key":"Happy Flower"},{"floor":11.0,"key":"sneckomod:BlankCard"},{"floor":12.0,"key":"Potion Belt"},{"floor":15.0,"key":"aspiration:Lifesprig"},{"floor":23.0,"key":"MealTicket"},{"floor":24.0,"key":"conspire:BottledYoYo"},{"floor":25.0,"key":"Replay:Bandana"},{"floor":26.0,"key":"hubris:TenFootPole"},{"floor":29.0,"key":"Nunchaku"},{"floor":31.0,"key":"Replay:WaspNest"},{"floor":32.0,"key":"infinitespire:Lucky Rock"},{"floor":37.0,"key":"Gremlin Horn"},{"floor":40.0,"key":"Strawberry"},{"floor":43.0,"key":"conspire:TopHat"},{"floor":46,"key":"Ancient Tea Set"},{"floor":47,"key":"Akabeko"}],"event_choices":[{"cards_removed":["Beam Cell"],"damage_healed":5.0,"max_hp_gain":0.0,"max_hp_loss":0.0,"gold_gain":0.0,"event_name":"Bonfire Elementals","player_choice":"Offered Common","floor":2.0,"gold_loss":0.0,"damage_taken":0.0},{"cards_removed":["Beam Cell"],"damage_healed":5.0,"max_hp_gain":0.0,"max_hp_loss":0.0,"gold_gain":0.0,"event_name":"Bonfire Elementals","player_choice":"Offered Special","floor":2.0,"gold_loss":0.0,"damage_taken":0.0},{"cards_removed":["Shame"],"damage_healed":0.0,"max_hp_gain":0.0,"max_hp_loss":0.0,"gold_gain":0.0,"event_name":"Purifier","player_choice":"Purged","floor":22.0,"gold_loss":0.0,"damage_taken":0.0}],"is_beta":false,"boss_relics":[{"not_picked":["ChewingGum","construct:ClawGrip","Replay:Drink Me"]},{"not_picked":["Painkiller Herb","hubris:CrackedHourglass","Kintsugi"]}],"items_purged_floors":[],"is_endless":false,"potions_floor_spawned":[3,4,10,12,16,24,27,31,33,35,38,40,48],"ascension_level":1}}