{"host":"dcj2yvrgcvh5dl2s","time":1609300010,"event":{"mods":["BaseMod","Better Note","Block Reminder","Colored Powertips","DeckTracker","Minty Spire (QoL Compilation)","Quick Restart","Rare Cards Sparkle","Relic Stats","StSLib"],"gold_per_floor":[12,32,46,46,121,121,154,154,154,181,241,241,241,260,260,260,260],"floor_reached":16,"playtime":270,"items_purged":[],"score":205,"play_id":"e4007c7f-1f59-4a77-b0b1-24b6bd94a19d","local_time":"20201230134650","is_ascension_mode":true,"campfire_choices":[{"floor":6,"key":"REST"},{"data":"Whirlwind","floor":8,"key":"SMITH"},{"floor":13,"key":"REST"},{"data":"Flex","floor":15,"key":"SMITH"}],"circlet_count":0,"master_deck":["AscendersBane","Strike_R","Strike_R","Strike_R","Strike_R","Strike_R","Defend_R","Defend_R","Bash","Hemokinesis","Flex+1","Whirlwind+1","Sword Boomerang","Pommel Strike","Shrug It Off"],"relics":["Burning Blood","InkBottle","Strawberry","Meat on the Bone","Lantern","Golden Idol"],"acts_visited":["Exordium"],"potions_floor_usage":[7,10,16],"damage_taken":[{"damage":2,"enemies":"Cultist","floor":1,"turns":2},{"damage":7,"enemies":"2 Louse","floor":2,"turns":2},{"damage":9,"enemies":"Jaw Worm","floor":3,"turns":2},{"damage":10,"enemies":"Gremlin Nob","floor":7,"turns":3},{"damage":37,"enemies":"Lagavulin","floor":10,"turns":4},{"damage":2,"enemies":"2 Fungi Beasts","floor":14,"turns":2},{"damage":63,"enemies":"Hexaghost","floor":16,"turns":7}],"seed_played":"-8957820699983686793","potions_obtained":[{"floor":3,"key":"CultistPotion"},{"floor":7,"key":"DistilledChaos"},{"floor":10,"key":"LiquidBronze"},{"floor":14,"key":"SmokeBomb"}],"is_trial":false,"path_per_floor":["M","M","M","?","?","R","E","R","T","E","?","?","R","M","R","B"],"character_chosen":"IRONCLAD","items_purchased":[],"campfire_rested":2,"item_purchase_floors":[],"current_hp_per_floor":[72,71,68,42,31,53,56,56,56,37,37,37,59,63,63,0,0],"gold":260,"neow_bonus":"TRANSFORM_TWO_CARDS","is_daily":false,"chose_seed":false,"campfire_upgraded":2,"win_rate":0.0,"timestamp":1609300010,"path_taken":["M","M","?","?","?","R","E","R","T","E","?","?","R","M","R","BOSS"],"items_purchased_type":[],"build_version":"2020-12-22","purchased_purges":0,"victory":false,"max_hp_per_floor":[75,75,75,75,75,75,82,82,82,82,82,74,74,74,74,74,74],"relic_stats":{"counters":[7,22],"Golden Idol":4,"obtain_stats":[{"Lantern":10,"Golden Idol":12,"Strawberry":7,"Burning Blood":0,"InkBottle":4,"Meat on the Bone":9},{"Lantern":5,"Golden Idol":5,"Strawberry":4,"Burning Blood":0,"InkBottle":3,"Meat on the Bone":4},{"Lantern":13,"Golden Idol":13,"Strawberry":9,"Burning Blood":0,"InkBottle":6,"Meat on the Bone":9}],"Burning Blood":36,"InkBottle":[4],"Meat on the Bone":12},"card_choices":[{"not_picked":["Sword Boomerang","Heavy Blade"],"picked":"Whirlwind","floor":1},{"not_picked":["Ghostly Armor","Anger"],"picked":"Sword Boomerang","floor":2},{"not_picked":["Iron Wave","Clothesline"],"picked":"Pommel Strike","floor":3},{"not_picked":["Anger","Warcry","Whirlwind"],"picked":"SKIP","floor":7},{"not_picked":["Entrench","Hemokinesis"],"picked":"Shrug It Off","floor":10},{"not_picked":["Warcry","Havoc","Wild Strike"],"picked":"SKIP","floor":14}],"player_experience":2105967,"relics_obtained":[{"floor":7,"key":"Strawberry"},{"floor":9,"key":"Meat on the Bone"},{"floor":10,"key":"Lantern"}],"event_choices":[{"damage_healed":0,"gold_gain":0,"player_choice":"Success","damage_taken":26,"relics_obtained":["InkBottle"],"max_hp_gain":0,"max_hp_loss":0,"event_name":"Scrap Ooze","floor":4,"gold_loss":0},{"damage_healed":0,"gold_gain":75,"player_choice":"Gather Gold","damage_taken":11,"max_hp_gain":0,"max_hp_loss":0,"event_name":"World of Goop","floor":5,"gold_loss":0},{"damage_healed":0,"gold_gain":60,"player_choice":"Gained Gold","damage_taken":0,"max_hp_gain":0,"max_hp_loss":0,"event_name":"Golden Wing","floor":11,"gold_loss":0},{"damage_healed":0,"gold_gain":0,"player_choice":"Lose Max HP","damage_taken":0,"relics_obtained":["Golden Idol"],"max_hp_gain":0,"max_hp_loss":8,"event_name":"Golden Idol","floor":12,"gold_loss":0}],"is_beta":false,"boss_relics":[],"items_purged_floors":[],"is_endless":false,"potions_floor_spawned":[3,7,10,14],"killed_by":"Hexaghost","ascension_level":18}}