{"host":"k7udt7atmcuzf6l0","time":1609318901,"event":{"mods":["AchievementEnabler","BaseMod","Colored Map","Colored Powertips","Highlight Path","Minty Spire (QoL Compilation)","Quick Restart","Rare Cards Sparkle","StSLib","UnlockEverythingMod"],"gold_per_floor":[114,134,134,409,428,467,467,467,467,485,499,522,522,220,220,345,345,370,386,110,124,142,181,181,197,197,197,197,227,240,250,250,345,345,355,375,8,21,39,39,58,58,58,58,58,83,83,114,114,114],"floor_reached":51,"playtime":1574,"items_purged":["Regret"],"score":826,"play_id":"38ac65a3-e3d9-4fee-90a1-bb8a667eecbf","local_time":"20201230170141","is_ascension_mode":false,"campfire_choices":[{"data":"Flex","floor":7.0,"key":"SMITH"},{"data":"Warcry","floor":13.0,"key":"SMITH"},{"data":"Hemokinesis","floor":15.0,"key":"SMITH"},{"floor":24.0,"key":"REST"},{"data":"Double Tap","floor":28.0,"key":"SMITH"},{"data":"Clash","floor":32.0,"key":"SMITH"},{"data":"Inflame","floor":40.0,"key":"SMITH"},{"data":"Shrug It Off","floor":42.0,"key":"SMITH"},{"data":"Fire Breathing","floor":44.0,"key":"SMITH"},{"floor":49.0,"key":"REST"}],"circlet_count":0,"master_deck":["Bash","Clash+1","Warcry+1","Hemokinesis+1","Flex+1","Carnage","Headbutt+1","Reaper+1","Pummel+1","Sword Boomerang+1","Double Tap+1","Cleave+1","Wild Strike+1","Body Slam+1","Shrug It Off+1","Fiend Fire+1","Thunderclap+1","Iron Wave+1","Rampage+1","Shockwave+1","Offering+1","Fire Breathing+1","Offering+1","Cleave+1","Clash+1","Cleave+1","Intimidate+1","Anger+1","Dropkick+1","Flex+1","Flex+1","Inflame+1","Havoc+1","Flame Barrier+1","Madness+1","Madness+1","Limit Break+1","Flex+1"],"relics":["Burning Blood","NeowsBlessing","Bloody Idol","StoneCalendar","Molten Egg 2","Black Star","Pantograph","Regal Pillow","Pocketwatch","Toxic Egg 2","Question Card","Du-Vu Doll","Pandora\u0027s Box","Shuriken","PreservedInsect","Kunai","TungstenRod","Centennial Puzzle","Vajra"],"acts_visited":["Exordium","TheCity","TheBeyond"],"potions_floor_usage":[50],"damage_taken":[{"damage":0.0,"enemies":"2 Louse","floor":1.0,"turns":1.0},{"damage":0.0,"enemies":"Cultist","floor":2.0,"turns":1.0},{"damage":0.0,"enemies":"Small Slimes","floor":5.0,"turns":1.0},{"damage":40.0,"enemies":"Lagavulin","floor":6.0,"turns":5.0},{"damage":15.0,"enemies":"Red Slaver","floor":10.0,"turns":3.0},{"damage":6.0,"enemies":"3 Louse","floor":11.0,"turns":2.0},{"damage":12.0,"enemies":"Blue Slaver","floor":12.0,"turns":3.0},{"damage":41.0,"enemies":"Hexaghost","floor":16.0,"turns":7.0},{"damage":12.0,"enemies":"Shell Parasite","floor":18.0,"turns":3.0},{"damage":5.0,"enemies":"Chosen","floor":19.0,"turns":3.0},{"damage":26.0,"enemies":"Centurion and Healer","floor":21.0,"turns":4.0},{"damage":22.0,"enemies":"Snecko","floor":22.0,"turns":4.0},{"damage":65.0,"enemies":"Slavers","floor":23.0,"turns":5.0},{"damage":6.0,"enemies":"3 Cultists","floor":25.0,"turns":4.0},{"damage":8.0,"enemies":"Gremlin Leader","floor":29.0,"turns":2.0},{"damage":7.0,"enemies":"Chosen and Byrds","floor":30.0,"turns":4.0},{"damage":13.0,"enemies":"Sentry and Sphere","floor":31.0,"turns":4.0},{"damage":78.0,"enemies":"Champ","floor":33.0,"turns":9.0},{"damage":6.0,"enemies":"Orb Walker","floor":35.0,"turns":1.0},{"damage":6.0,"enemies":"3 Darklings","floor":36.0,"turns":2.0},{"damage":15.0,"enemies":"Transient","floor":38.0,"turns":5.0},{"damage":30.0,"enemies":"Writhing Mass","floor":39.0,"turns":3.0},{"damage":8.0,"enemies":"Sphere and 2 Shapes","floor":41.0,"turns":2.0},{"damage":0.0,"enemies":"Nemesis","floor":46.0,"turns":1.0},{"damage":33.0,"enemies":"Reptomancer","floor":48.0,"turns":5.0},{"damage":71,"enemies":"Awakened One","floor":50,"turns":5}],"seed_played":"1050048612680648123","potions_obtained":[{"floor":10.0,"key":"EntropicBrew"},{"floor":11.0,"key":"Swift Potion"},{"floor":16.0,"key":"EntropicBrew"},{"floor":18.0,"key":"Dexterity Potion"},{"floor":23.0,"key":"SneckoOil"},{"floor":29.0,"key":"EssenceOfSteel"},{"floor":30.0,"key":"SpeedPotion"},{"floor":36.0,"key":"DistilledChaos"},{"floor":38.0,"key":"Ancient Potion"},{"floor":46.0,"key":"BlessingOfTheForge"}],"is_trial":false,"path_per_floor":["M","M","?","?","M","E","R","?","T","M","M","M","R","$","R","B",null,"M","M","$","M","M","E","R","M","T","?","R","E","M","M","R","B",null,"M","M","$","M","M","R","M","R","T","R","?","E","?","E","R","B",null],"character_chosen":"IRONCLAD","items_purchased":["Pummel+1","Sword Boomerang+1","FairyPotion","Pantograph","Body Slam+1","Shuriken","Flex+1","Inflame"],"campfire_rested":2,"item_purchase_floors":[14,14,14,20,20,37,37,37],"current_hp_per_floor":[80,80,60,60,66,32,32,32,32,23,39,42,42,42,42,14,80,74,75,75,55,39,26,65,74,74,74,74,77,80,78,78,18,80,80,80,80,80,61,61,80,80,80,80,70,80,80,58,80,45],"gold":114,"neow_bonus":"THREE_ENEMY_KILL","is_daily":false,"chose_seed":false,"campfire_upgraded":8,"win_rate":0.0,"timestamp":1609318901,"path_taken":["M","M","?","?","?","E","R","?","T","?","M","M","R","$","R","BOSS","M","?","$","M","M","E","R","M","T","?","R","E","M","M","R","BOSS","M","M","$","M","M","R","M","R","T","R","?","E","?","E","R","BOSS"],"items_purchased_type":["Card","Card","Potion","Relic","Card","Relic","Card","Card"],"build_version":"2020-12-22","purchased_purges":1,"victory":true,"max_hp_per_floor":[80,80,80,80,80,80,80,80,80,80,80,80,80,80,80,80,80,80,80,80,80,80,80,80,80,80,80,80,80,80,80,80,80,80,80,80,80,80,80,80,80,80,80,80,80,80,80,80,80,80],"card_choices":[{"not_picked":["Clothesline","Pummel"],"picked":"Clash","floor":1.0},{"not_picked":["Thunderclap","Bloodletting"],"picked":"Warcry","floor":2.0},{"not_picked":["Ghostly Armor","Demon Form"],"picked":"Hemokinesis","floor":5.0},{"not_picked":["Perfected Strike","Clash"],"picked":"Flex","floor":6.0},{"not_picked":["Armaments","Anger+1"],"picked":"Headbutt+1","floor":10.0},{"not_picked":["Flex","Clash+1"],"picked":"Reaper+1","floor":11.0},{"not_picked":["Reckless Charge+1","Rage","Disarm"],"picked":"SKIP","floor":12.0},{"not_picked":["Brutality","Reaper+1"],"picked":"Double Tap","floor":16.0},{"not_picked":["Shrug It Off","Pummel+1"],"picked":"Cleave+1","floor":18.0},{"not_picked":["True Grit","Havoc"],"picked":"Wild Strike+1","floor":19.0},{"not_picked":["Fire Breathing","Dark Embrace","Wild Strike+1"],"picked":"SKIP","floor":21.0},{"not_picked":["Body Slam+1","Burning Pact"],"picked":"Shrug It Off","floor":22.0},{"not_picked":["Evolve","Perfected Strike+1"],"picked":"Fiend Fire+1","floor":23.0},{"not_picked":["Pummel+1","True Grit+1"],"picked":"Thunderclap+1","floor":25.0},{"not_picked":["Metallicize","Sword Boomerang+1"],"picked":"Iron Wave+1","floor":29.0},{"not_picked":["Hemokinesis+1","Rupture","Sentinel+1"],"picked":"Rampage+1","floor":30.0},{"not_picked":["Headbutt+1","Anger+1","Flex+1"],"picked":"Shockwave+1","floor":31.0},{"not_picked":["Feed+1","Immolate+1","Juggernaut"],"picked":"Offering+1","floor":33.0},{"not_picked":["Havoc+1","Shrug It Off+1","True Grit+1"],"picked":"Dropkick+1","floor":35.0},{"not_picked":["Evolve+1","Metallicize+1","Iron Wave+1"],"picked":"Flex+1","floor":36.0},{"not_picked":["Carnage+1","Sword Boomerang+1","Shockwave+1"],"picked":"Havoc+1","floor":38.0},{"not_picked":["Disarm+1","Hemokinesis+1","Rampage+1"],"picked":"Flame Barrier+1","floor":39.0},{"not_picked":["Shrug It Off+1","Hemokinesis+1","Wild Strike+1","Clash+1"],"picked":"SKIP","floor":41.0},{"not_picked":["Combust","Entrench+1","Twin Strike+1"],"picked":"Limit Break+1","floor":46.0},{"not_picked":["Body Slam+1","Shockwave+1","Iron Wave+1"],"picked":"Flex+1","floor":48.0}],"player_experience":26928,"relics_obtained":[{"floor":6.0,"key":"StoneCalendar"},{"floor":9.0,"key":"Molten Egg 2"},{"floor":23.0,"key":"Regal Pillow"},{"floor":23.0,"key":"Pocketwatch"},{"floor":26.0,"key":"Toxic Egg 2"},{"floor":29.0,"key":"Question Card"},{"floor":29.0,"key":"Du-Vu Doll"},{"floor":43.0,"key":"PreservedInsect"},{"floor":46.0,"key":"Kunai"},{"floor":46.0,"key":"TungstenRod"},{"floor":48.0,"key":"Centennial Puzzle"},{"floor":48.0,"key":"Vajra"}],"event_choices":[{"damage_healed":0.0,"max_hp_gain":0.0,"max_hp_loss":0.0,"gold_gain":0.0,"event_name":"Golden Idol","player_choice":"Take Damage","floor":3.0,"gold_loss":0.0,"damage_taken":20.0,"relics_obtained":["Golden Idol"]},{"damage_healed":0.0,"max_hp_gain":0.0,"max_hp_loss":0.0,"gold_gain":275.0,"event_name":"Golden Shrine","player_choice":"Desecrate","floor":4.0,"gold_loss":0.0,"damage_taken":0.0,"cards_obtained":["Regret"]},{"damage_healed":0.0,"max_hp_gain":0.0,"max_hp_loss":0.0,"gold_gain":0.0,"cards_transformed":["Defend_R"],"event_name":"Transmorgrifier","player_choice":"Transformed","floor":8.0,"gold_loss":0.0,"damage_taken":0.0,"cards_obtained":["Carnage"]},{"damage_healed":0.0,"max_hp_gain":0.0,"max_hp_loss":0.0,"gold_gain":0.0,"event_name":"Forgotten Altar","player_choice":"Gave Idol","floor":27.0,"relics_lost":["Golden Idol"],"gold_loss":0.0,"damage_taken":0.0,"relics_obtained":["Bloody Idol"]},{"damage_healed":0.0,"max_hp_gain":0.0,"max_hp_loss":0.0,"gold_gain":0.0,"event_name":"Winding Halls","player_choice":"Embrace Madness","floor":45.0,"gold_loss":0.0,"damage_taken":10.0,"cards_obtained":["Madness","Madness"]},{"cards_removed":["Carnage"],"damage_healed":0.0,"max_hp_gain":0.0,"max_hp_loss":0.0,"gold_gain":0.0,"event_name":"Bonfire Elementals","player_choice":"Offered Uncommon","floor":47.0,"gold_loss":0.0,"damage_taken":0.0}],"is_beta":false,"boss_relics":[{"not_picked":["Velvet Choker","Busted Crown"],"picked":"Black Star"},{"not_picked":["SacredBark","Runic Cube"],"picked":"Pandora\u0027s Box"}],"items_purged_floors":[14],"is_endless":false,"potions_floor_spawned":[10,11,12,16,18,23,29,30,36,38,46],"ascension_level":0}}