{"host":"y7sd46uq4xlni546","time":1609353062,"event":{"mods":["AchievementEnabler","BaseMod","Colored Map","Colored Powertips","Curses Come First","Filter the Spire","Minty Spire (QoL Compilation)","Quick Restart","Random Character Button","Rare Cards Sparkle","StSLib"],"gold_per_floor":[113,127,146,146,146,146,173,173,219,244,244,419,419,446,458,573,585,614,626,638,663,694,735,747,306,330,365,379,379,398,429,429,531,531,545,545,545,568,568,598,612,642,642,671,687,704,704,26,26,26],"floor_reached":51,"playtime":7603,"items_purged":[],"score":1039,"play_id":"07432f60-b6a9-4d94-97f3-449ccce43e01","local_time":"20201230193102","is_ascension_mode":true,"campfire_choices":[{"data":"Dualcast","floor":6.0,"key":"SMITH"},{"floor":8.0,"key":"REST"},{"floor":11.0,"key":"REST"},{"data":"Defragment","floor":15.0,"key":"SMITH"},{"floor":29.0,"key":"REST"},{"floor":32.0,"key":"REST"},{"floor":47,"key":"REST"},{"floor":49,"key":"REST"}],"circlet_count":0,"master_deck":["Strike_B+1","Defend_B","Defend_B","Defend_B","Defend_B","Dualcast+1","Cold Snap","Melter+1","FTL","Glacier","Defragment+1","Ball Lightning","Buffer","Machine Learning+1","Meteor Strike+1","Capacitor+1","Conserve Battery","Rainbow","Streamline","Redo+1","Hologram","Defragment+1","Beam Cell+1","Go for the Eyes+1","Go for the Eyes+1","Sweeping Beam+1","Creative AI","Heatsinks+1","Madness","Madness","Barrage+1","Biased Cognition","Defragment+1","Beam Cell+1","Defragment+1","Barrage+1","Chill","Apotheosis"],"relics":["Black Star","Juzu Bracelet","Bronze Scales","MealTicket","Smiling Mask","CaptainsWheel","Art of War","Spirit Poop","MawBank","White Beast Statue","Astrolabe","Molten Egg 2","Omamori","TungstenRod","Nunchaku","Orichalcum","Akabeko","Strawberry","Lizard Tail","Anchor","Nuclear Battery","Potion Belt","PreservedInsect","Darkstone Periapt","Vajra","Blood Vial","InkBottle","DataDisk","Centennial Puzzle","Pear","Whetstone"],"acts_visited":["Exordium","TheCity","TheBeyond"],"potions_floor_usage":[42],"damage_taken":[{"damage":3.0,"enemies":"Jaw Worm","floor":1.0,"turns":4.0},{"damage":3.0,"enemies":"Small Slimes","floor":2.0,"turns":4.0},{"damage":5.0,"enemies":"2 Louse","floor":3.0,"turns":2.0},{"damage":30.0,"enemies":"Gremlin Nob","floor":7.0,"turns":5.0},{"damage":4.0,"enemies":"3 Sentries","floor":10.0,"turns":8.0},{"damage":4.0,"enemies":"Gremlin Nob","floor":14.0,"turns":4.0},{"damage":53.0,"enemies":"Slime Boss","floor":16.0,"turns":9.0},{"damage":0.0,"enemies":"Spheric Guardian","floor":18.0,"turns":3.0},{"damage":10.0,"enemies":"Chosen","floor":21.0,"turns":4.0},{"damage":1.0,"enemies":"Snecko","floor":22.0,"turns":5.0},{"damage":44.0,"enemies":"Slavers","floor":23.0,"turns":7.0},{"damage":10.0,"enemies":"Book of Stabbing","floor":27.0,"turns":6.0},{"damage":0.0,"enemies":"Sentry and Sphere","floor":28.0,"turns":5.0},{"damage":0.0,"enemies":"Cultist and Chosen","floor":30.0,"turns":6.0},{"damage":19.0,"enemies":"Slavers","floor":31.0,"turns":6.0},{"damage":23.0,"enemies":"Champ","floor":33.0,"turns":10.0},{"damage":0.0,"enemies":"3 Shapes","floor":35.0,"turns":4.0},{"damage":0.0,"enemies":"Nemesis","floor":40.0,"turns":7.0},{"damage":0.0,"enemies":"Orb Walker","floor":41.0,"turns":4.0},{"damage":48,"enemies":"Reptomancer","floor":42,"turns":4},{"damage":6,"enemies":"Giant Head","floor":44,"turns":5},{"damage":29,"enemies":"Spire Growth","floor":45,"turns":3},{"damage":0,"enemies":"3 Darklings","floor":46,"turns":5},{"damage":9,"enemies":"Donu and Deca","floor":50,"turns":8}],"seed_played":"4847312531760926529","potions_obtained":[{"floor":3.0,"key":"SpeedPotion"},{"floor":10.0,"key":"SkillPotion"},{"floor":14.0,"key":"Swift Potion"},{"floor":16.0,"key":"SpeedPotion"},{"floor":18.0,"key":"LiquidMemories"},{"floor":22.0,"key":"Dexterity Potion"},{"floor":23.0,"key":"SpeedPotion"},{"floor":27.0,"key":"Dexterity Potion"},{"floor":28.0,"key":"SkillPotion"},{"floor":30.0,"key":"SkillPotion"},{"floor":31.0,"key":"Fire Potion"},{"floor":33.0,"key":"ColorlessPotion"},{"floor":35.0,"key":"AttackPotion"},{"floor":40.0,"key":"FairyPotion"},{"floor":41.0,"key":"FearPotion"},{"floor":42,"key":"SneckoOil"},{"floor":44,"key":"SteroidPotion"},{"floor":45,"key":"EssenceOfSteel"},{"floor":46,"key":"Dexterity Potion"}],"is_trial":false,"path_per_floor":["M","M","M","?","?","R","E","R","T","E","R","?","?","E","R","B",null,"M","?","?","M","M","E","?","$","T","E","M","R","M","E","R","B",null,"M","?","?","T","?","E","M","E","T","E","M","M","R","$","R","B",null],"character_chosen":"DEFECT","items_purchased":["TungstenRod","Nunchaku","Pear","Whetstone","Barrage+1","Chill","Apotheosis"],"campfire_rested":6,"item_purchase_floors":[25,25,48,48,48,48,48],"current_hp_per_floor":[72,69,64,61,66,66,36,60,60,56,80,80,80,76,76,23,80,80,80,80,70,69,25,25,40,40,37,37,63,63,44,70,47,87,87,87,87,87,77,77,77,29,29,25,26,28,54,79,97,88],"gold":26,"neow_bonus":"BOSS_RELIC","is_daily":false,"chose_seed":false,"campfire_upgraded":2,"win_rate":0.0,"timestamp":1609353062,"path_taken":["M","M","M","?","?","R","E","R","T","E","R","?","?","E","R","BOSS","M","?","?","M","M","E","?","$","T","E","M","R","M","E","R","BOSS","M","?","?","?","?","E","M","E","T","E","M","M","R","$","R","BOSS"],"items_purchased_type":["Relic","Relic","Relic","Relic","Card","Card","Card"],"build_version":"2020-12-22","purchased_purges":0,"victory":true,"max_hp_per_floor":[75,75,75,75,80,80,80,80,80,80,80,80,80,80,80,80,80,80,80,80,80,80,80,80,80,80,87,87,87,87,87,87,87,87,87,87,87,87,87,87,87,87,87,87,87,87,87,97,97,97],"card_choices":[{"not_picked":["Steam","Compile Driver"],"picked":"Cold Snap","floor":1.0},{"not_picked":["Loop","Leap"],"picked":"Melter","floor":2.0},{"not_picked":["Auto Shields","Recycle"],"picked":"FTL","floor":3.0},{"not_picked":["Coolheaded","Machine Learning"],"picked":"Glacier","floor":7.0},{"not_picked":["Storm","Chaos"],"picked":"Defragment","floor":10.0},{"not_picked":["Defragment","Lockon"],"picked":"Ball Lightning","floor":14.0},{"not_picked":["Meteor Strike","Multi-Cast"],"picked":"Buffer","floor":16.0},{"not_picked":["Force Field+1","Scrape"],"picked":"Conserve Battery","floor":18.0},{"not_picked":["Turbo","Creative AI"],"picked":"Redo+1","floor":21.0},{"not_picked":["Turbo","Redo"],"picked":"Hologram","floor":22.0},{"not_picked":["Ball Lightning+1","Stack"],"picked":"Defragment+1","floor":23.0},{"not_picked":["Thunder Strike+1","Coolheaded+1"],"picked":"Beam Cell+1","floor":27.0},{"not_picked":["Rebound+1","Hologram"],"picked":"Go for the Eyes+1","floor":28.0},{"not_picked":["Leap","Hologram"],"picked":"Go for the Eyes+1","floor":30.0},{"not_picked":["Turbo","Conserve Battery"],"picked":"Sweeping Beam+1","floor":31.0},{"not_picked":["Buffer","Fission"],"picked":"Creative AI","floor":33.0},{"not_picked":["Rebound+1","Go for the Eyes+1"],"picked":"Heatsinks+1","floor":35.0},{"not_picked":["Reprogram+1","Recycle","Redo"],"picked":"SKIP","floor":40.0},{"not_picked":["Redo","Sweeping Beam+1"],"picked":"Barrage+1","floor":41.0},{"not_picked":["Skim","Hologram"],"picked":"Biased Cognition","floor":42},{"not_picked":["Melter+1","Rip and Tear+1"],"picked":"Defragment+1","floor":44},{"not_picked":["Reprogram","Self Repair+1"],"picked":"Beam Cell+1","floor":45},{"not_picked":["Barrage+1","Rip and Tear+1"],"picked":"Defragment+1","floor":46}],"player_experience":529531,"relics_obtained":[{"floor":7.0,"key":"Bronze Scales"},{"floor":7.0,"key":"MealTicket"},{"floor":9.0,"key":"Smiling Mask"},{"floor":10.0,"key":"CaptainsWheel"},{"floor":10.0,"key":"Art of War"},{"floor":14.0,"key":"MawBank"},{"floor":14.0,"key":"White Beast Statue"},{"floor":23.0,"key":"Molten Egg 2"},{"floor":23.0,"key":"Omamori"},{"floor":26.0,"key":"Orichalcum"},{"floor":27.0,"key":"Akabeko"},{"floor":27.0,"key":"Strawberry"},{"floor":31.0,"key":"Lizard Tail"},{"floor":31.0,"key":"Anchor"},{"floor":38.0,"key":"Potion Belt"},{"floor":40.0,"key":"PreservedInsect"},{"floor":40.0,"key":"Darkstone Periapt"},{"floor":42,"key":"Vajra"},{"floor":42,"key":"Blood Vial"},{"floor":43,"key":"InkBottle"},{"floor":44,"key":"DataDisk"},{"floor":44,"key":"Centennial Puzzle"}],"event_choices":[{"damage_healed":0.0,"max_hp_gain":0.0,"max_hp_loss":0.0,"gold_gain":0.0,"event_name":"Scrap Ooze","player_choice":"Success","floor":4.0,"gold_loss":0.0,"damage_taken":3.0,"relics_obtained":["Juzu Bracelet"]},{"damage_healed":0.0,"max_hp_gain":5.0,"max_hp_loss":0.0,"gold_gain":0.0,"event_name":"Big Fish","player_choice":"Donut","floor":5.0,"gold_loss":0.0,"damage_taken":0.0},{"damage_healed":0.0,"max_hp_gain":0.0,"max_hp_loss":0.0,"gold_gain":175.0,"event_name":"Liars Game","player_choice":"AGREE","floor":12.0,"gold_loss":0.0,"damage_taken":0.0,"cards_obtained":["Doubt"]},{"cards_removed":["Doubt"],"damage_healed":0.0,"max_hp_gain":0.0,"max_hp_loss":0.0,"gold_gain":0.0,"event_name":"Bonfire Elementals","player_choice":"Offered Curse","floor":13.0,"gold_loss":0.0,"damage_taken":0.0,"relics_obtained":["Spirit Poop"]},{"damage_healed":0.0,"max_hp_gain":0.0,"max_hp_loss":0.0,"gold_gain":0.0,"event_name":"Vampires","player_choice":"Ignored","floor":19.0,"gold_loss":0.0,"damage_taken":0.0},{"damage_healed":0.0,"max_hp_gain":0.0,"max_hp_loss":0.0,"gold_gain":0.0,"event_name":"Match and Keep!","player_choice":"2 cards matched","floor":20.0,"gold_loss":0.0,"damage_taken":0.0,"cards_obtained":["Rainbow","Streamline"]},{"damage_healed":0.0,"max_hp_gain":0.0,"max_hp_loss":0.0,"gold_gain":0.0,"event_name":"Beggar","player_choice":"Ignored","floor":24.0,"gold_loss":0.0,"damage_taken":0.0},{"cards_removed":["Zap"],"damage_healed":0.0,"max_hp_gain":0.0,"max_hp_loss":0.0,"gold_gain":0.0,"event_name":"Falling","player_choice":"Removed Skill","floor":36.0,"gold_loss":0.0,"damage_taken":0.0},{"damage_healed":0.0,"max_hp_gain":0.0,"max_hp_loss":0.0,"gold_gain":0.0,"event_name":"Tomb of Lord Red Mask","player_choice":"Ignored","floor":37.0,"gold_loss":0.0,"damage_taken":0.0},{"damage_healed":0.0,"max_hp_gain":0.0,"max_hp_loss":0.0,"gold_gain":0.0,"event_name":"Winding Halls","player_choice":"Embrace Madness","floor":39.0,"gold_loss":0.0,"damage_taken":11.0,"cards_obtained":["Madness","Madness"]}],"is_beta":false,"boss_relics":[{"not_picked":["SlaversCollar","Empty Cage"],"picked":"Astrolabe"},{"not_picked":["Runic Dome","Snecko Eye"],"picked":"Nuclear Battery"}],"items_purged_floors":[],"is_endless":false,"potions_floor_spawned":[3,10,14,16,18,21,22,23,27,28,30,31,33,35,40,41,42,44,45,46],"ascension_level":2}}