{"host":"1lhpgrjjhxx10cx0","time":1609348413,"event":{"mods":["Arknights The Spire","BaseMod","CapriCore","Friendly Minions","Highlight Path","Minty Spire (QoL Compilation)","Permanent Neow","Quick Restart","StSLib","The Animator","The Immortal","Waifu the Spire","Yakumo Yukari mod"],"gold_per_floor":[110,125,50,50,62,62,91,91,91,117,136,136,211,161,161,161,161],"floor_reached":16,"playtime":507,"items_purged":["Pain"],"score":98,"play_id":"d35cb875-205e-4281-a5cb-8b250721cece","local_time":"20201231011333","is_ascension_mode":false,"campfire_choices":[{"data":"ats:Part Time Job","floor":6,"key":"SMITH"},{"data":"ats:Emotion Absorption","floor":12,"key":"SMITH"},{"data":"ats:Ignite","floor":15,"key":"SMITH"}],"circlet_count":0,"master_deck":["ats:Strike C","ats:Strike V","ats:Armor Crushing Shot","ats:Defend","ats:Defend+1","ats:Defend","ats:Defend+1","ats:Emotion Absorption+1","ats:Volcano","ats:Part Time Job+1","ats:Ignite+1","ats:Disruption Kick","ats:Shell Defense"],"relics":["ats:Sanity","ats:Originium","Pear","War Paint","ats:Lavender","Art of War"],"acts_visited":["Exordium"],"potions_floor_usage":[2],"damage_taken":[{"damage":8,"enemies":"2 Louse","floor":1,"turns":3},{"damage":10,"enemies":"Jaw Worm","floor":2,"turns":4},{"damage":7,"enemies":"Small Slimes","floor":5,"turns":5},{"damage":36,"enemies":"Gremlin Nob","floor":7,"turns":5},{"damage":12,"enemies":"2 Fungi Beasts","floor":11,"turns":6},{"damage":77,"enemies":"Hexaghost","floor":16,"turns":15}],"seed_played":"8150164323667615608","potions_obtained":[{"floor":1,"key":"SpeedPotion"}],"is_trial":false,"path_per_floor":["M","M","$","?","M","R","E","?","T","T","M","R","?","?","R","B"],"character_chosen":"DOCTOR_CLASS","items_purchased":[],"campfire_rested":0,"item_purchase_floors":[],"current_hp_per_floor":[64,59,59,52,51,51,33,30,30,30,33,33,22,22,22,11,11],"gold":161,"neow_bonus":"THREE_RARE_CARDS","is_daily":false,"chose_seed":false,"campfire_upgraded":3,"win_rate":0.0,"timestamp":1609348413,"path_taken":["M","M","$","?","M","R","E","?","T","?","M","R","?","?","R","BOSS"],"items_purchased_type":[],"build_version":"2020-12-22","purchased_purges":1,"victory":false,"max_hp_per_floor":[72,72,72,72,72,72,82,82,82,82,82,82,82,82,82,82,82],"card_choices":[{"not_picked":["ats:Echo Reverb","ats:Rat Pack"],"picked":"ats:Volcano","floor":0},{"not_picked":["ats:Powerful Strike","ats:Leaping Hammer"],"picked":"ats:Part Time Job","floor":1},{"not_picked":["ats:Shell Defense","ats:Explosion Area Strengthen","ats:Hammer On"],"picked":"SKIP","floor":2},{"not_picked":["ats:Revitalization","ats:Childhood Dance"],"picked":"ats:Ignite","floor":5},{"not_picked":["ats:Explosion Area Strengthen","ats:Support Order"],"picked":"ats:Disruption Kick","floor":7},{"not_picked":["ats:Poison Spread","ats:Chain Hook"],"picked":"ats:Shell Defense","floor":11}],"player_experience":104444,"relics_obtained":[{"floor":7,"key":"ats:Originium"},{"floor":7,"key":"Pear"},{"floor":9,"key":"ats:Lavender"},{"floor":10,"key":"Art of War"}],"event_choices":[{"cards_removed":["ats:Strike S"],"damage_healed":0,"gold_gain":0,"player_choice":"Card Removal","damage_taken":7,"max_hp_gain":0,"max_hp_loss":0,"event_name":"Golden Wing","floor":4,"gold_loss":0},{"damage_healed":0,"gold_gain":0,"player_choice":"Success","damage_taken":3,"relics_obtained":["War Paint"],"max_hp_gain":0,"max_hp_loss":0,"event_name":"Scrap Ooze","floor":8,"gold_loss":0},{"damage_healed":0,"gold_gain":75,"player_choice":"Gather Gold","damage_taken":11,"max_hp_gain":0,"max_hp_loss":0,"event_name":"World of Goop","floor":13,"gold_loss":0},{"cards_removed":["ats:Strike G"],"damage_healed":0,"gold_gain":0,"player_choice":"Card Removal","damage_taken":0,"max_hp_gain":0,"max_hp_loss":0,"event_name":"The Cleric","floor":14,"gold_loss":50}],"is_beta":false,"boss_relics":[],"items_purged_floors":[3],"is_endless":false,"potions_floor_spawned":[1],"killed_by":"Hexaghost","ascension_level":0}}