{"host":"867cnhxguf2bzj4x","time":1609353231,"event":{"mods":["BaseMod","Duelist Mod","GifTheSpireLib","Minty Spire (QoL Compilation)","StSLib","The Bug Knight","The Cursed","The Disciple","The Jungle"],"gold_per_floor":[145,164,164,164,183,183,98,98,145,159,84,102,102,133,133,232,232,242,157,172,26,0,31,31,65,65,94,94,108,125,144,144,240,240,250,250,250,299,6,6,20,50,50,92,92,92],"floor_reached":45,"playtime":2245,"items_purged":["theDuelist:CastleWalls","theDuelist:CastleWalls"],"score":643,"play_id":"6e270524-ced9-4da2-a597-f9c0dda2c964","local_time":"20201230193351","is_ascension_mode":false,"campfire_choices":[{"data":"theDuelist:CyberDragonCore","floor":6,"key":"SMITH"},{"data":"theDuelist:GreyGreedOni","floor":13,"key":"SMITH"},{"data":"Discovery","floor":15,"key":"SMITH"},{"data":"theDuelist:ArmageddonDragonEmp","floor":24,"key":"SMITH"},{"floor":28,"key":"REST"},{"floor":32,"key":"REST"},{"floor":40,"key":"RECALL"}],"circlet_count":0,"master_deck":["theDuelist:BabyDragon+1","theDuelist:CaveDragon+1","theDuelist:CaveDragon+1","theDuelist:LesserDragon+1","theDuelist:LesserDragon+1","theDuelist:YamataDragon+1","theDuelist:MaskedDragon+1","theDuelist:FiendSkull+1","theDuelist:GreyGreedOni+1","theDuelist:CyberDragonCore+1","Discovery+1","theDuelist:SilverDragon+1","theDuelist:ArmageddonDragonEmp+1","theDuelist:BusterBladerDDS+1","theDuelist:DarkFactory","theDuelist:CyberDragonDrei+1","theDuelist:CyberEmergency","theDuelist:CyberTwinDragon+1","theDuelist:CyberEndDragon+1","CurseOfTheBell","theDuelist:CastleDragonSouls"],"relics":["theDuelist:MillenniumPuzzle","theDuelist:CardPoolRelic","theDuelist:CardPoolBasicRelic","theDuelist:BoosterPackPoolRelic","theDuelist:CardPoolAddRelic","theDuelist:CardPoolMinusRelic","theDuelist:CardPoolSaveRelic","theDuelist:CardPoolOptionsRelic","StoneCalendar","theDuelist:DragonRelicC","Inserter","PreservedInsect","Red Skull","Smiling Mask","theDuelist:SummonAnchor","theDuelist:MerchantNecklace","Calling Bell","Pen Nib","theDuelist:TributeEggRelic","theDuelist:SpellMaxHPRelic","theDuelist:BoosterPackMonsterEgg","theDuelist:ElectricToken","FossilizedHelix","Ice Cream","Ancient Tea Set","SlipperyGoo"],"acts_visited":["Exordium","TheCity","TheBeyond"],"potions_floor_usage":[20,27,27],"damage_taken":[{"damage":3,"enemies":"Jaw Worm","floor":1,"turns":2},{"damage":0,"enemies":"2 Louse","floor":2,"turns":2},{"damage":0,"enemies":"Cultist","floor":5,"turns":2},{"damage":5,"enemies":"Looter","floor":10,"turns":3},{"damage":0,"enemies":"Exordium Thugs","floor":12,"turns":4},{"damage":0,"enemies":"3 Louse","floor":14,"turns":3},{"damage":0,"enemies":"Slime Boss","floor":16,"turns":5},{"damage":12,"enemies":"Spheric Guardian","floor":18,"turns":4},{"damage":0,"enemies":"3 Byrds","floor":20,"turns":3},{"damage":12,"enemies":"Book of Stabbing","floor":23,"turns":6},{"damage":18,"enemies":"Gremlin Leader","floor":25,"turns":4},{"damage":15,"enemies":"Slavers","floor":27,"turns":3},{"damage":9,"enemies":"Snecko","floor":29,"turns":4},{"damage":0,"enemies":"Sentry and Sphere","floor":30,"turns":4},{"damage":4,"enemies":"Cultist and Chosen","floor":31,"turns":5},{"damage":23,"enemies":"Champ","floor":33,"turns":7},{"damage":3,"enemies":"3 Shapes","floor":35,"turns":3},{"damage":7,"enemies":"3 Shapes","floor":38,"turns":8},{"damage":19,"enemies":"Orb Walker","floor":41,"turns":4},{"damage":0,"enemies":"Giant Head","floor":42,"turns":4},{"damage":17,"enemies":"Jaw Worm Horde","floor":44,"turns":4},{"damage":42,"enemies":"Reptomancer","floor":45,"turns":3}],"seed_played":"-2478976761597482692","potions_obtained":[{"floor":1,"key":"theDuelist:TokenPotion"},{"floor":5,"key":"theDuelist:DragonfirePotion"},{"floor":16,"key":"theDuelist:BabyPotion"},{"floor":23,"key":"Weak Potion"},{"floor":27,"key":"theDuelist:BarricadePotion"},{"floor":29,"key":"theDuelist:FireBottle"}],"is_trial":false,"path_per_floor":["M","M","?","?","M","R","$","?","T","M","$","M","R","M","R","B",null,"M","?","M","$","?","E","R","E","T","E","R","M","M","M","R","B",null,"M","?","?","?","$","R","M","E","T","M","E"],"character_chosen":"THE_DUELIST","items_purchased":["Discovery","theDuelist:CyberDragonDrei","Ice Cream"],"campfire_rested":2,"item_purchase_floors":[7,21,39],"current_hp_per_floor":[69,69,66,60,60,60,60,60,60,55,55,55,55,55,55,55,72,60,60,60,60,60,48,48,30,30,15,36,27,27,23,44,21,72,69,69,69,62,62,62,43,55,55,38,0,0],"gold":92,"neow_bonus":"TRANSFORM_TWO_CARDS","is_daily":false,"chose_seed":false,"campfire_upgraded":4,"win_rate":0.0,"timestamp":1609353231,"path_taken":["M","M","?","?","M","R","$","?","T","M","?","?","R","M","R","BOSS","M","?","M","$","?","E","R","E","T","E","R","?","M","M","R","BOSS","M","?","?","?","$","R","?","E","T","M","E"],"items_purchased_type":["Card","Card","Relic"],"build_version":"2020-12-22","purchased_purges":2,"victory":false,"max_hp_per_floor":[72,72,72,72,72,72,72,72,72,72,72,72,72,72,72,72,72,72,72,72,72,72,72,72,72,72,72,72,72,72,72,72,72,72,72,72,72,72,72,72,72,72,72,72,72,72],"card_choices":[{"not_picked":["theDuelist:Hinotama","theDuelist:LightningDarts","theDuelist:PurplePainOni","theDuelist:JamBreeding"],"picked":"theDuelist:GreyGreedOni","floor":1},{"not_picked":["theDuelist:ViceDragon","theDuelist:TwinHeadedFire","theDuelist:FrostflameDragon","theDuelist:TrihornedDragon"],"picked":"theDuelist:CyberDragonCore","floor":2},{"not_picked":["theDuelist:WhiteHowling","theDuelist:SafeZone","theDuelist:FireDarts","theDuelist:CyberneticRevolution","theDuelist:ArtifactSanctum"],"picked":"SKIP","floor":5},{"not_picked":["theDuelist:MadSwordBeast","theDuelist:BlackStego","theDuelist:CaveDragon","theDuelist:GalaxyTyranno"],"picked":"theDuelist:SilverDragon","floor":10},{"not_picked":["theDuelist:StampingDestruction","theDuelist:FluteSummoning","theDuelist:SystemDown","theDuelist:DragonRavine","theDuelist:SpiralSpearStrike"],"picked":"SKIP","floor":12},{"not_picked":["theDuelist:TwinBarrelDragon","theDuelist:DefenseZone","theDuelist:CurseDragon","theDuelist:Hydrogeddon","theDuelist:WaterDragonCluster"],"picked":"SKIP","floor":14},{"not_picked":["theDuelist:WingedDragonRa","theDuelist:QueenDragunDjinn","theDuelist:FiveHeaded","theDuelist:BlasterDragonInfernos"],"picked":"theDuelist:ArmageddonDragonEmp","floor":16},{"not_picked":["theDuelist:WingedDragonRa","theDuelist:SilverDragon","theDuelist:Lancephorhynchus+1","theDuelist:BerserkerSoul"],"picked":"theDuelist:BusterBladerDDS+1","floor":18},{"not_picked":["theDuelist:BigFire","theDuelist:BigEye","theDuelist:Terraforming","theDuelist:ReinforcementsArmy+1"],"picked":"theDuelist:DarkFactory","floor":20},{"not_picked":["theDuelist:RainbowOverdragon","theDuelist:Reload+1","theDuelist:DarkCreator+1","theDuelist:FeatherPho","theDuelist:Jinzo"],"picked":"SKIP","floor":23},{"not_picked":["theDuelist:Kabazauls","theDuelist:BlackBrachios","theDuelist:TrihornedDragon","theDuelist:BlackPtera"],"picked":"theDuelist:CyberTwinDragon+1","floor":25},{"not_picked":["theDuelist:MirageDragon","theDuelist:CyberDragonNachster","theDuelist:CyberDinosaur","theDuelist:BusterDrake"],"picked":"theDuelist:CyberEndDragon","floor":27},{"not_picked":["theDuelist:StampingDestruction","theDuelist:GravityLash+1","theDuelist:Dracocension+1","theDuelist:ArtifactIgnition+1","theDuelist:BerserkScales"],"picked":"SKIP","floor":29},{"not_picked":["theDuelist:TailSwipe","theDuelist:OceanDragonLord","theDuelist:DoomkaiserDragon+1","theDuelist:BlueDuston","theDuelist:BSkullDragon+1"],"picked":"SKIP","floor":30},{"not_picked":["theDuelist:BattleguardKing","theDuelist:BigFire","theDuelist:LightningDarts","theDuelist:RainbowOverdragon","theDuelist:Hinotama"],"picked":"SKIP","floor":31},{"not_picked":["theDuelist:BlackStego+1","theDuelist:HazyFlameHydra","theDuelist:RedRisingDragon+1","theDuelist:AquaDolphin+1","theDuelist:SystemDown"],"picked":"SKIP","floor":35},{"not_picked":["theDuelist:VoidOgreDragon+1","theDuelist:StardustDragon+1","theDuelist:BackgroundDragon+1","theDuelist:AncientPixieDragon+1","theDuelist:GaiaDragonChamp+1"],"picked":"SKIP","floor":41},{"not_picked":["theDuelist:RainbowOverdragon+1","theDuelist:FeatherPho+1","theDuelist:GreenGraveOni+1","theDuelist:BlackPendant+1","theDuelist:MagicalStone"],"picked":"SKIP","floor":42},{"not_picked":["theDuelist:MiraculousDescent","theDuelist:BoosterDragon+1","theDuelist:ArtifactSanctum+1"],"picked":"theDuelist:CastleDragonSouls","floor":44}],"player_experience":87898,"relics_obtained":[{"floor":23,"key":"Red Skull"},{"floor":25,"key":"Smiling Mask"},{"floor":26,"key":"theDuelist:SummonAnchor"},{"floor":27,"key":"theDuelist:MerchantNecklace"},{"floor":34,"key":"Pen Nib"},{"floor":34,"key":"theDuelist:TributeEggRelic"},{"floor":34,"key":"theDuelist:SpellMaxHPRelic"},{"floor":38,"key":"theDuelist:BoosterPackMonsterEgg"},{"floor":38,"key":"theDuelist:ElectricToken"},{"floor":38,"key":"FossilizedHelix"},{"floor":42,"key":"Ancient Tea Set"},{"floor":43,"key":"SlipperyGoo"}],"event_choices":[{"damage_healed":0,"gold_gain":0,"player_choice":"Success","damage_taken":3,"relics_obtained":["StoneCalendar"],"max_hp_gain":0,"max_hp_loss":0,"event_name":"Scrap Ooze","floor":3,"gold_loss":0},{"damage_healed":0,"gold_gain":0,"player_choice":"Dig - random Duelist relic","duelist":true,"damage_taken":0,"max_hp_gain":0,"max_hp_loss":0,"event_name":"Aknamkanon\u0027s Tomb","floor":4,"gold_loss":0},{"damage_healed":0,"gold_gain":0,"player_choice":"Leave","duelist":true,"damage_taken":0,"max_hp_gain":0,"max_hp_loss":0,"event_name":"Relic Duplicator","floor":8,"gold_loss":0},{"damage_healed":0,"gold_gain":0,"player_choice":"Obtained Relic","damage_taken":0,"relics_obtained":["PreservedInsect"],"max_hp_gain":0,"max_hp_loss":0,"event_name":"Addict","floor":19,"gold_loss":85},{"damage_healed":0,"gold_gain":0,"player_choice":"Purchased Cyber Emergency for 26 Gold.","duelist":true,"damage_taken":0,"max_hp_gain":0,"max_hp_loss":0,"event_name":"Card Trader","floor":22,"gold_loss":0},{"damage_healed":0,"gold_gain":0,"player_choice":"Ignored","damage_taken":0,"max_hp_gain":0,"max_hp_loss":0,"event_name":"Tomb of Lord Red Mask","floor":36,"gold_loss":0},{"damage_healed":0,"gold_gain":0,"player_choice":"Leave","duelist":true,"damage_taken":0,"max_hp_gain":0,"max_hp_loss":0,"event_name":"Egyptian Village","floor":37,"gold_loss":0},{"damage_healed":0,"gold_gain":0,"player_choice":"Fight","duelist":true,"damage_taken":0,"max_hp_gain":0,"max_hp_loss":0,"event_name":"Battle City","floor":38,"gold_loss":0}],"is_beta":false,"boss_relics":[{"not_picked":["Snecko Eye","Cursed Key"],"picked":"Inserter"},{"not_picked":["Philosopher\u0027s Stone","theDuelist:MillenniumKey"],"picked":"Calling Bell"}],"items_purged_floors":[11,21],"is_endless":false,"potions_floor_spawned":[1,5,16,18,23,27,29,35,42],"killed_by":"Reptomancer","ascension_level":0}}