{"host":"9qh03gjyvt0jixwo","time":1609313198,"event":{"mods":["Act Like it!","BaseMod","CapriCore","Colored Map","Colored Powertips","Dota2Spire","Friendly Minions","Gensokyo","GifTheSpireLib","Highlight Path","Marisa£®ÏF”Í°°ƒß¿Ì…≥£©","Minty Spire (QoL Compilation)","Replay The Spire","StSLib"],"gold_per_floor":[114,289,306,323,323,357,357,377,377,402,402,121,121,121,121,245,245,278,321,62,62,96,129,145,145,171,171,446,446,480,480,480],"floor_reached":31,"playtime":3506,"items_purged":["Strike_R"],"score":270,"play_id":"3a4c1d5a-58ce-41a7-b818-653927e6884f","local_time":"20201230152638","is_ascension_mode":false,"campfire_choices":[{"data":"Fire Breathing","floor":7,"key":"SMITH"},{"data":"Fire Breathing","floor":13,"key":"SMITH"},{"floor":15,"key":"REST"},{"floor":27,"key":"REST"},{"floor":29,"key":"REST"}],"circlet_count":0,"master_deck":["Strike_R","Strike_R","Strike_R","Defend_R","Defend_R","Defend_R","Defend_R","Bash","Seeing Red","Fire Breathing+1","ReplayReversal","Heavy Blade","Fire Breathing+1","Berserk","HandOfGreed","Flash of Steel","Impatience","Berserk","Flame Barrier","Rupture+1","Rampage","Inflame","Iron Wave","Regret"],"relics":["Burning Blood","Strawberry","Kunai","Question Card","Dota2Spire:MagicBottle","ReplayTheSpireMod:ShopPack","Golden Idol","Dota2Spire:Bloodstone","BargainBundle","Pantograph","ReplayTheSpireMod:Lightbulb"],"acts_visited":["Exordium","TheCity"],"potions_floor_usage":[6,20,22,22,24,31],"damage_taken":[{"damage":15,"enemies":"Jaw Worm","floor":1,"turns":4},{"damage":0,"enemies":"Small Slimes","floor":3,"turns":6},{"damage":16,"enemies":"Cultist","floor":4,"turns":5},{"damage":20,"enemies":"Replay:BlueRogue","floor":6,"turns":9},{"damage":14,"enemies":"Blue Slaver","floor":8,"turns":6},{"damage":17,"enemies":"3 Sentries","floor":10,"turns":4},{"damage":27,"enemies":"Fading Forest","floor":16,"turns":11},{"damage":9,"enemies":"Chosen","floor":18,"turns":4},{"damage":28,"enemies":"3 Byrds","floor":19,"turns":4},{"damage":28,"enemies":"Snake Plant","floor":22,"turns":4},{"damage":56,"enemies":"3 Cultists","floor":23,"turns":6},{"damage":26,"enemies":"Cultist and Chosen","floor":24,"turns":6},{"damage":53,"enemies":"Centurion and Healer","floor":30,"turns":6},{"damage":27,"enemies":"Snake Plant","floor":31,"turns":4}],"seed_played":"590477613309597200","potions_obtained":[{"floor":3,"key":"GamblersBrew"},{"floor":4,"key":"FearPotion"},{"floor":16,"key":"Dexterity Potion"},{"floor":18,"key":"Block Potion"},{"floor":19,"key":"Fruit Juice"},{"floor":23,"key":"DuplicationPotion"}],"is_trial":false,"path_per_floor":["M","?","M","M","?","E","R","M","T","E","?","$","R","?","R","B",null,"M","M","$","?","M","M","M","?","T","R","?","R","M","M"],"character_chosen":"IRONCLAD","items_purchased":["ReplayTheSpireMod:ShopPack","Berserk","Rupture+1","BargainBundle","Swift Potion"],"campfire_rested":3,"item_purchase_floors":[12,12,20,20,20],"current_hp_per_floor":[71,71,77,67,74,60,60,52,52,41,46,46,46,46,73,61,92,89,67,72,72,50,21,10,10,10,39,39,68,24,0,0],"gold":480,"neow_bonus":"RANDOM_EVENT","is_daily":false,"chose_seed":false,"campfire_upgraded":2,"win_rate":0.0,"timestamp":1609313198,"path_taken":["M","?","M","M","?","E","R","?","T","E","?","$","R","?","R","BOSS","M","M","$","?","?","M","M","?","T","R","?","R","?","M"],"items_purchased_type":["Relic","Card","Card","Relic","Potion"],"build_version":"2020-12-22","purchased_purges":1,"victory":false,"max_hp_per_floor":[80,80,80,80,87,87,87,87,87,87,92,92,92,92,92,92,92,92,92,97,97,97,97,97,97,97,97,97,97,97,97,97],"card_choices":[{"not_picked":["Warcry","Perfected Strike"],"picked":"Fire Breathing","floor":1},{"not_picked":["Clothesline","Second Wind","Perfected Strike"],"picked":"SKIP","floor":3},{"not_picked":["Clash","Twin Strike"],"picked":"ReplayReversal","floor":4},{"not_picked":["Reaper","Shockwave"],"picked":"Heavy Blade","floor":6},{"not_picked":["Anger","Pummel","Abandon"],"picked":"SKIP","floor":8},{"not_picked":["Flex","Wild Strike","Run Through"],"picked":"Fire Breathing","floor":10},{"not_picked":["Thinking Ahead","Midas Touch","Transmutation"],"picked":"HandOfGreed","floor":12},{"not_picked":["Replay:Parry","Dark Shackles","ReplayTheSpireMod:Necrogeddon"],"picked":"Flash of Steel","floor":12},{"not_picked":["Secret Technique","PanicButton","Replay:Sssssssssshield"],"picked":"Impatience","floor":12},{"not_picked":["Double Tap","Limit Break","Exhume"],"picked":"Berserk","floor":16},{"not_picked":["Shrug It Off","Perfected Strike","Disarm","ReplayTheSpireMod:Corrosion Curse"],"picked":"SKIP","floor":18},{"not_picked":["Massacre","ReplayTheSpireMod:Strike From Hell","Warcry"],"picked":"Flame Barrier","floor":19},{"not_picked":["Body Slam","Clash","Run Through"],"picked":"Rampage","floor":22},{"not_picked":["Havoc","Heavy Blade","Sword Boomerang+1"],"picked":"Inflame","floor":23},{"not_picked":["Flex","Rage","Rupture"],"picked":"Iron Wave","floor":24},{"not_picked":["Twin Strike","Bludgeon","Sword Boomerang","Second Wind"],"picked":"SKIP","floor":30}],"player_experience":213509,"relics_obtained":[{"floor":6,"key":"Kunai"},{"floor":9,"key":"Question Card"},{"floor":10,"key":"Dota2Spire:MagicBottle"},{"floor":26,"key":"ReplayTheSpireMod:Lightbulb"}],"event_choices":[{"damage_healed":0,"gold_gain":0,"cards_transformed":["Strike_R"],"player_choice":"Change","damage_taken":0,"max_hp_gain":0,"max_hp_loss":0,"event_name":"Living Wall","floor":0,"gold_loss":0,"cards_obtained":["Seeing Red"]},{"damage_healed":0,"gold_gain":175,"player_choice":"AGREE","damage_taken":0,"max_hp_gain":0,"max_hp_loss":0,"event_name":"Liars Game","floor":2,"gold_loss":0,"cards_obtained":["Doubt"]},{"damage_healed":0,"gold_gain":0,"player_choice":"Gave Potion","damage_taken":0,"relics_obtained":["Strawberry"],"max_hp_gain":0,"max_hp_loss":0,"event_name":"WeMeetAgain","floor":5,"gold_loss":0},{"damage_healed":0,"gold_gain":0,"player_choice":"Donut","damage_taken":0,"max_hp_gain":5,"max_hp_loss":0,"event_name":"Big Fish","floor":11,"gold_loss":0},{"damage_healed":0,"gold_gain":0,"player_choice":"Take Wound","damage_taken":0,"relics_obtained":["Golden Idol"],"max_hp_gain":0,"max_hp_loss":0,"event_name":"Golden Idol","floor":14,"gold_loss":0,"cards_obtained":["Injury"]},{"cards_removed":["Injury","Doubt"],"damage_healed":0,"gold_gain":0,"player_choice":"Removed Curses","damage_taken":0,"max_hp_gain":0,"max_hp_loss":0,"event_name":"Fountain of Cleansing","floor":21,"gold_loss":0},{"damage_healed":0,"gold_gain":0,"player_choice":"Opened","damage_taken":0,"relics_obtained":["Pantograph"],"max_hp_gain":0,"max_hp_loss":0,"event_name":"The Mausoleum","floor":25,"gold_loss":0},{"damage_healed":0,"gold_gain":275,"player_choice":"Desecrate","damage_taken":0,"max_hp_gain":0,"max_hp_loss":0,"event_name":"Golden Shrine","floor":28,"gold_loss":0,"cards_obtained":["Regret"]}],"is_beta":false,"boss_relics":[{"not_picked":["Coffee Dripper","Black Star"],"picked":"Dota2Spire:Bloodstone"}],"items_purged_floors":[20],"is_endless":false,"potions_floor_spawned":[3,4,16,18,19,23],"killed_by":"Snake Plant","ascension_level":0}}