{"host":"a1u4jo6xlg3w0wsm","time":1609319191,"event":{"mods":["BaseMod","Better Third Choice","DeckTracker","Downfall","Hermit","Hubris","Minty Spire (QoL Compilation)","Rare Cards Sparkle","Replay The Spire","StSLib"],"gold_per_floor":[119,137,61,61,16,42,42,0,0,28,38,66,81,81,81,180,180,199,199,199,199,199,199],"floor_reached":22,"playtime":1113,"items_purged":[],"score":236,"play_id":"94c1a640-62e0-4366-ab40-2a519c24c5a7","local_time":"20201230220631","is_ascension_mode":true,"campfire_choices":[{"data":"hermit:GoldenBullet","floor":7,"key":"SMITH"},{"floor":15,"key":"REST"}],"circlet_count":0,"master_deck":["hermit:Strike_Hermit","hermit:Strike_Hermit","hermit:Strike_Hermit","hermit:Strike_Hermit","hermit:Defend_Hermit","hermit:Defend_Hermit","hermit:Defend_Hermit","hermit:Defend_Hermit","hermit:Snapshot","hermit:Covet","hermit:HighCaliber","hermit:HighCaliber","hermit:GoldenBullet+1","hermit:SprayPray","hermit:LowProfile","hermit:Determination","hermit:Desperado","hermit:HoleUp","hermit:Spite","Decay","hermit:FinalCanter"],"relics":["hermit:Momento","NeowsBlessing","Mango","Happy Flower","Toy Ornithopter","Potion Belt","Black Star","hubris:Icosahedron"],"acts_visited":["Exordium","TheCity"],"potions_floor_usage":[10,12,13],"damage_taken":[{"damage":0,"enemies":"Jaw Worm","floor":1,"turns":1},{"damage":0,"enemies":"2 Louse","floor":2,"turns":1},{"damage":0,"enemies":"3 Sentries","floor":6,"turns":1},{"damage":46,"enemies":"Lagavulin","floor":10,"turns":7},{"damage":1,"enemies":"Cultist","floor":11,"turns":3},{"damage":24,"enemies":"3 Sentries","floor":12,"turns":5},{"damage":3,"enemies":"2 Fungi Beasts","floor":13,"turns":2},{"damage":49,"enemies":"Slime Boss","floor":16,"turns":13},{"damage":30,"enemies":"3 Byrds","floor":18,"turns":7},{"damage":0,"enemies":"2 Thieves","floor":22,"turns":1}],"seed_played":"2607114471535449224","potions_obtained":[{"floor":2,"key":"Explosive Potion"},{"floor":10,"key":"hexamod:EctoCoolerPotion"},{"floor":12,"key":"AttackPotion"},{"floor":16,"key":"SpeedPotion"}],"is_trial":false,"path_per_floor":["M","M","$","?","$","E","R","?","T","E","M","E","M","?","R","B",null,"M","?","?","?","M"],"character_chosen":"HERMIT","items_purchased":["hermit:GoldenBullet","hermit:SprayPray"],"campfire_rested":1,"item_purchase_floors":[3,5],"current_hp_per_floor":[75,75,75,75,75,89,89,89,89,43,42,23,25,25,51,2,89,59,59,59,59,59,59],"gold":199,"neow_bonus":"THREE_ENEMY_KILL","is_daily":false,"chose_seed":false,"campfire_upgraded":1,"win_rate":0.0,"timestamp":1609319191,"path_taken":["M","M","$","?","$","E","R","?","T","E","M","E","M","?","R","BOSS","M","?","?","?","M"],"items_purchased_type":["Card","Card"],"build_version":"2020-12-13","purchased_purges":0,"victory":false,"max_hp_per_floor":[75,75,75,75,75,89,89,89,89,89,89,89,89,89,89,89,89,89,89,89,89,89,89],"card_choices":[{"not_picked":["hermit:Glare","hermit:Coalescence"],"picked":"hermit:HighCaliber","floor":1},{"not_picked":["hermit:BodyArmor","hermit:ItchyTrigger"],"picked":"hermit:HighCaliber","floor":2},{"not_picked":["hermit:TrackingShot","hermit:Brawl"],"picked":"hermit:LowProfile","floor":6},{"not_picked":["hermit:Roughhouse","hermit:Grudge"],"picked":"hermit:Determination","floor":10},{"not_picked":["hermit:ItchyTrigger","hermit:SprayPray"],"picked":"hermit:Desperado","floor":11},{"not_picked":["hermit:Vantage","hermit:EternalForm"],"picked":"hermit:HoleUp","floor":12},{"not_picked":["hermit:Snipe","hermit:Coalescence"],"picked":"hermit:Spite","floor":13},{"not_picked":["hermit:OverwhelmingPower","hermit:RoundhouseKick"],"picked":"hermit:FinalCanter","floor":16},{"not_picked":["hermit:Horror+1","hermit:Roulette","hermit:BodyArmor"],"picked":"SKIP","floor":18}],"player_experience":237128,"relics_obtained":[{"floor":6,"key":"Mango"},{"floor":9,"key":"Happy Flower"},{"floor":10,"key":"Toy Ornithopter"},{"floor":12,"key":"Potion Belt"}],"event_choices":[{"damage_healed":75,"gold_gain":0,"player_choice":"Embrace Burn","damage_taken":0,"max_hp_gain":0,"max_hp_loss":75,"event_name":"betterThird:BetterShining","floor":4,"gold_loss":0},{"damage_healed":0,"gold_gain":0,"player_choice":"Left","damage_taken":0,"max_hp_gain":0,"max_hp_loss":0,"event_name":"betterThird:BetterGoop","floor":8,"gold_loss":42},{"damage_healed":0,"gold_gain":0,"player_choice":"Cursed","damage_taken":0,"max_hp_gain":0,"max_hp_loss":0,"event_name":"Wheel of Change","floor":14,"gold_loss":0,"cards_obtained":["Decay"]},{"cards_removed":["Burn"],"damage_healed":0,"gold_gain":0,"player_choice":"Elegance","damage_taken":0,"max_hp_gain":0,"max_hp_loss":0,"event_name":"betterThird:BetterWriting","floor":21,"gold_loss":0}],"is_beta":false,"boss_relics":[{"not_picked":["hubris:Stopwatch","hermit:DentedPlate"],"picked":"Black Star"}],"items_purged_floors":[],"is_endless":false,"potions_floor_spawned":[2,10,12,16],"killed_by":"2 Thieves","ascension_level":1}}