{"host":"nlbm7eld1wcqj9ez","time":1609335130,"event":{"mods":["AchievementEnabler","BaseMod","Colored Map","Colored Powertips","DeckTracker","Minty Spire (QoL Compilation)","StSLib"],"gold_per_floor":[119,129,129,61,61,88,88,101,101,101,119,137,163,163,163,259,259,270,270,283,12,12,12,12],"floor_reached":23,"playtime":1029,"items_purged":[],"score":224,"play_id":"2071b851-db41-4bb6-b48d-8c89dd57b428","local_time":"20201230143210","is_ascension_mode":false,"campfire_choices":[{"data":"SignatureMove","floor":7,"key":"SMITH"},{"data":"Eruption","floor":10,"key":"SMITH"},{"floor":15,"key":"REST"}],"circlet_count":0,"master_deck":["Strike_P+1","Strike_P","Strike_P+1","Strike_P","Defend_P+1","Defend_P","Defend_P","Defend_P+1","Eruption+1","Vigilance","CutThroughFate+1","SignatureMove+1","CarveReality","LessonLearned+1","JustLucky+1","FearNoEvil+1","DeceiveReality","MasterReality","Worship+1","Halt+1","Study","Apotheosis"],"relics":["HolyWater","NeowsBlessing","WarpedTongs","Molten Egg 2","Bag of Preparation","Gremlin Horn","Nunchaku"],"acts_visited":["Exordium","TheCity"],"potions_floor_usage":[],"damage_taken":[{"damage":0,"enemies":"Cultist","floor":1,"turns":1},{"damage":0,"enemies":"2 Louse","floor":2,"turns":1},{"damage":2,"enemies":"3 Sentries","floor":6,"turns":1},{"damage":12,"enemies":"Small Slimes","floor":8,"turns":3},{"damage":1,"enemies":"Exordium Thugs","floor":11,"turns":2},{"damage":9,"enemies":"Lots of Slimes","floor":12,"turns":1},{"damage":43,"enemies":"Gremlin Nob","floor":13,"turns":5},{"damage":21,"enemies":"Slime Boss","floor":16,"turns":10},{"damage":22,"enemies":"Shell Parasite","floor":18,"turns":3},{"damage":0,"enemies":"Chosen","floor":20,"turns":3},{"damage":72,"enemies":"Book of Stabbing","floor":23,"turns":7}],"seed_played":"-6163933497187657924","potions_obtained":[{"floor":1,"key":"Swift Potion"},{"floor":6,"key":"Strength Potion"},{"floor":11,"key":"BlessingOfTheForge"}],"is_trial":false,"path_per_floor":["M","M","?","$","T","E","R","M","T","R","M","M","E","?","R","B",null,"M","?","M","$","?","E"],"character_chosen":"WATCHER","items_purchased":["CarveReality","Study","Apotheosis"],"campfire_rested":1,"item_purchase_floors":[4,21,21],"current_hp_per_floor":[72,72,72,72,72,70,70,58,58,58,57,48,5,5,26,5,72,50,50,50,50,72,0,0],"gold":12,"neow_bonus":"THREE_ENEMY_KILL","is_daily":false,"chose_seed":false,"campfire_upgraded":2,"win_rate":0.0,"timestamp":1609335130,"path_taken":["M","?","?","$","?","E","R","M","T","R","M","?","E","?","R","BOSS","M","?","?","$","?","E"],"items_purchased_type":["Card","Card","Card"],"build_version":"2020-12-22","purchased_purges":0,"victory":false,"max_hp_per_floor":[72,72,72,72,72,72,72,72,72,72,72,72,72,72,72,72,72,72,72,72,72,72,72,72],"card_choices":[{"not_picked":["Weave","Meditate"],"picked":"CutThroughFate","floor":1},{"not_picked":["CutThroughFate","SashWhip"],"picked":"SignatureMove","floor":2},{"not_picked":["FollowUp+1","JustLucky+1"],"picked":"LessonLearned+1","floor":6},{"not_picked":["EmptyMind","Crescendo"],"picked":"JustLucky+1","floor":8},{"not_picked":["TalkToTheHand+1","BattleHymn"],"picked":"FearNoEvil+1","floor":11},{"not_picked":["JustLucky+1","Protect"],"picked":"DeceiveReality","floor":12},{"not_picked":["Scrawl","CrushJoints+1","Fasting2"],"picked":"SKIP","floor":13},{"not_picked":["Scrawl","Omniscience"],"picked":"MasterReality","floor":16},{"not_picked":["SignatureMove+1","SashWhip+1"],"picked":"Worship+1","floor":18},{"not_picked":["CrushJoints+1","EmptyBody"],"picked":"Halt+1","floor":20}],"player_experience":39641,"relics_obtained":[{"floor":5,"key":"Molten Egg 2"},{"floor":6,"key":"Bag of Preparation"},{"floor":9,"key":"Gremlin Horn"},{"floor":13,"key":"Nunchaku"}],"event_choices":[{"damage_healed":0,"gold_gain":0,"player_choice":"Rummage","damage_taken":0,"relics_obtained":["WarpedTongs"],"max_hp_gain":0,"max_hp_loss":0,"event_name":"Accursed Blacksmith","floor":3,"gold_loss":0,"cards_obtained":["Pain"]},{"damage_healed":0,"gold_gain":0,"player_choice":"Bought 0 Potions","damage_taken":0,"max_hp_gain":0,"max_hp_loss":0,"event_name":"The Woman in Blue","floor":14,"gold_loss":0},{"cards_removed":["Pain"],"damage_healed":0,"gold_gain":0,"player_choice":"Removed Curses","damage_taken":0,"max_hp_gain":0,"max_hp_loss":0,"event_name":"Fountain of Cleansing","floor":19,"gold_loss":0},{"damage_healed":24,"gold_gain":0,"player_choice":"Heal","damage_taken":0,"max_hp_gain":0,"max_hp_loss":0,"event_name":"The Library","floor":22,"gold_loss":0}],"is_beta":false,"boss_relics":[{"not_picked":["Velvet Choker","Snecko Eye"],"picked":"HolyWater"}],"items_purged_floors":[],"is_endless":false,"potions_floor_spawned":[1,6,11,13,16,18],"killed_by":"Book of Stabbing","ascension_level":0}}