{"host":"55yei7x27djrlaep","time":1609354748,"event":{"mods":["Act Like it!","Aspiration","BaseMod","Better Altar","Better Match","Better Note","Better Sensory Stone","Better Skull","Better Third Choice","BetterRewards","Colored Map","Conspire","Friendly Minions","GifTheSpireLib","Gremlin Mod","Halation","Hermit","Hubris","Marisa????????","Minty Spire (QoL Compilation)","Pale of the Ancients","Replay The Spire","StSLib","Stuff the Spire"],"gold_per_floor":[109,125,125,186,186,186,186],"floor_reached":6,"playtime":282,"items_purged":[],"score":43,"play_id":"536ea87f-3a02-4124-a4de-1ead6153a0d8","local_time":"20201230215908","is_ascension_mode":true,"campfire_choices":[],"circlet_count":0,"master_deck":["Strike_G","Strike_G","Strike_G","Strike_G","Strike_G","Defend_G+1","Defend_G","Defend_G","Defend_G","Defend_G+1","Survivor","Outmaneuver","Quick Slash"],"relics":["halation:PlatinumPhoenix","Bag of Preparation","War Paint"],"acts_visited":["Exordium"],"potions_floor_usage":[6,6,6],"damage_taken":[{"damage":0,"enemies":"Small Slimes","floor":1,"turns":4},{"damage":1,"enemies":"2 Louse","floor":2,"turns":4},{"damage":21,"enemies":"3 Sentries","floor":6,"turns":8}],"seed_played":"-2936811249938853608","potions_obtained":[{"floor":2,"key":"CunningPotion"},{"floor":4,"key":"Languid Potion"},{"floor":4,"key":"conspire:TimeTravelPotion"}],"is_trial":false,"path_per_floor":["M","M","?","?","?","E"],"character_chosen":"THE_SILENT","items_purchased":[],"campfire_rested":0,"item_purchase_floors":[],"current_hp_per_floor":[70,69,62,45,12,0,0],"gold":186,"neow_bonus":"BOSS_RELIC","is_daily":false,"chose_seed":false,"campfire_upgraded":0,"win_rate":0.0,"timestamp":1609354748,"path_taken":["M","M","?","?","?","E"],"items_purchased_type":[],"build_version":"2020-12-22","purchased_purges":0,"victory":false,"max_hp_per_floor":[70,70,70,70,70,70,70],"card_choices":[{"not_picked":["hubris:SlightOfHand","Underhanded Strike","Dash"],"picked":"SKIP","floor":1},{"not_picked":["StuffTheSpire:Fury","Deadly Poison"],"picked":"Outmaneuver","floor":2},{"not_picked":["Dagger Spray","Bane"],"picked":"Quick Slash","floor":4}],"player_experience":366510,"relics_obtained":[{"floor":4,"key":"Bag of Preparation"}],"event_choices":[{"cards_removed":["Neutralize"],"damage_healed":0,"gold_gain":0,"player_choice":"Card Removal","damage_taken":7,"max_hp_gain":0,"max_hp_loss":0,"event_name":"Golden Wing","floor":3,"gold_loss":0},{"damage_healed":0,"gold_gain":0,"player_choice":"Relic ","damage_taken":33,"max_hp_gain":0,"max_hp_loss":0,"event_name":"betterThird:BetterScrap","floor":5,"gold_loss":0,"cards_obtained":["Abandon"]}],"is_beta":false,"boss_relics":[],"items_purged_floors":[],"is_endless":false,"potions_floor_spawned":[2],"killed_by":"3 Sentries","ascension_level":5}}