{"host":"q9szs7qndgdlcq24","time":1609290066,"event":{"mods":["AchievementEnabler","BaseMod","Bestiary","Colored Powertips","Minty Spire (QoL Compilation)","StSLib"],"gold_per_floor":[114,132,146,17,17,17,35,35,86,100,126,126,143,243,243,346,346,361,371,127,127,87,114,114,114,138,156,156,156],"floor_reached":28,"playtime":1278,"items_purged":["Strike_B","Strike_B"],"score":238,"play_id":"ef5b3e4a-7ae6-40f3-a5dc-729ce223ce41","local_time":"20201230040106","is_ascension_mode":false,"campfire_choices":[{"data":"Defragment","floor":6,"key":"SMITH"},{"data":"Ball Lightning","floor":8,"key":"SMITH"},{"data":"Ball Lightning","floor":12,"key":"SMITH"},{"floor":15,"key":"REST"},{"floor":25,"key":"REST"}],"circlet_count":0,"master_deck":["Strike_B","Strike_B","Defend_B","Defend_B","Defend_B","Defend_B","Zap","Dualcast","Conserve Battery","Ball Lightning+1","Defragment+1","Ball Lightning+1","Multi-Cast","Capacitor","Amplify","Defragment","Capacitor","Thunder Strike","Melter","Stack"],"relics":["Cracked Core","Happy Flower","Pen Nib","SlaversCollar","Matryoshka","Boot","Gremlin Horn","Ancient Tea Set","Bronze Scales"],"acts_visited":["Exordium","TheCity"],"potions_floor_usage":[16,16,16,28,28],"damage_taken":[{"damage":2,"enemies":"Small Slimes","floor":1,"turns":3},{"damage":0,"enemies":"Cultist","floor":2,"turns":3},{"damage":1,"enemies":"Jaw Worm","floor":3,"turns":3},{"damage":14,"enemies":"Lots of Slimes","floor":7,"turns":4},{"damage":0,"enemies":"3 Louse","floor":10,"turns":2},{"damage":14,"enemies":"3 Sentries","floor":11,"turns":5},{"damage":19,"enemies":"Exordium Wildlife","floor":13,"turns":3},{"damage":36,"enemies":"Hexaghost","floor":16,"turns":6},{"damage":39,"enemies":"2 Thieves","floor":18,"turns":4},{"damage":15,"enemies":"Chosen","floor":19,"turns":4},{"damage":53,"enemies":"Book of Stabbing","floor":23,"turns":5},{"damage":20,"enemies":"Centurion and Healer","floor":27,"turns":6},{"damage":9,"enemies":"Cultist and Chosen","floor":28,"turns":3}],"seed_played":"2427095505896044253","potions_obtained":[{"floor":1,"key":"FocusPotion"},{"floor":7,"key":"Dexterity Potion"},{"floor":10,"key":"PowerPotion"},{"floor":23,"key":"BlessingOfTheForge"},{"floor":27,"key":"PotionOfCapacity"}],"is_trial":false,"path_per_floor":["M","M","M","$","?","R","M","R","T","M","E","R","M","?","R","B",null,"M","M","$","?","$","E","T","R","T","M","M"],"character_chosen":"DEFECT","items_purchased":["Ball Lightning","Thunder Strike","Melter"],"campfire_rested":2,"item_purchase_floors":[4,20,22],"current_hp_per_floor":[80,80,79,79,71,71,57,57,57,57,43,43,24,24,48,12,82,43,28,28,55,55,2,2,26,26,6,0,0],"gold":156,"neow_bonus":"TEN_PERCENT_HP_BONUS","is_daily":false,"chose_seed":false,"campfire_upgraded":3,"win_rate":0.0,"timestamp":1609290066,"path_taken":["M","M","M","$","?","R","M","R","T","?","E","R","M","?","R","BOSS","M","?","$","?","$","E","?","R","T","M","M"],"items_purchased_type":["Card","Card","Card"],"build_version":"2020-12-22","purchased_purges":2,"victory":false,"max_hp_per_floor":[82,82,82,82,82,82,82,82,82,82,82,82,82,82,82,82,82,82,82,82,82,82,82,82,82,82,82,82,82],"card_choices":[{"not_picked":["FTL","Redo"],"picked":"Conserve Battery","floor":1},{"not_picked":["Heatsinks","Steam Power"],"picked":"Ball Lightning","floor":2},{"not_picked":["Coolheaded","Heatsinks"],"picked":"Defragment","floor":3},{"not_picked":["Gash","Hello World","Steam"],"picked":"SKIP","floor":7},{"not_picked":["FTL","Stack","Steam Power"],"picked":"SKIP","floor":10},{"not_picked":["Blizzard","Reinforced Body"],"picked":"Multi-Cast","floor":11},{"not_picked":["Compile Driver","Go for the Eyes"],"picked":"Capacitor","floor":13},{"not_picked":["Machine Learning","Seek"],"picked":"Amplify","floor":16},{"not_picked":["Sweeping Beam","Storm"],"picked":"Defragment","floor":18},{"not_picked":["Genetic Algorithm+1","Chill+1"],"picked":"Capacitor","floor":19},{"not_picked":["Double Energy","Beam Cell+1"],"picked":"Stack","floor":23},{"not_picked":["Heatsinks","Darkness","Stack"],"picked":"SKIP","floor":27}],"player_experience":10206,"relics_obtained":[{"floor":9,"key":"Happy Flower"},{"floor":11,"key":"Pen Nib"},{"floor":23,"key":"Matryoshka"},{"floor":24,"key":"Boot"},{"floor":24,"key":"Gremlin Horn"},{"floor":26,"key":"Ancient Tea Set"},{"floor":26,"key":"Bronze Scales"}],"event_choices":[{"damage_healed":0,"gold_gain":0,"player_choice":"Damaged","damage_taken":8,"max_hp_gain":0,"max_hp_loss":0,"event_name":"Wheel of Change","floor":5,"gold_loss":0},{"damage_healed":0,"gold_gain":100,"player_choice":"Pray","damage_taken":0,"max_hp_gain":0,"max_hp_loss":0,"event_name":"Golden Shrine","floor":14,"gold_loss":0},{"damage_healed":27,"gold_gain":0,"player_choice":"Heal","damage_taken":0,"max_hp_gain":0,"max_hp_loss":0,"event_name":"The Library","floor":21,"gold_loss":0}],"is_beta":false,"boss_relics":[{"not_picked":["Philosopher\u0027s Stone","Astrolabe"],"picked":"SlaversCollar"}],"items_purged_floors":[4,20],"is_endless":false,"potions_floor_spawned":[1,7,10,11,23,27],"killed_by":"Cultist and Chosen","ascension_level":0}}