{"host":"u499vgr0907g2fby","time":1609289202,"event":{"mods":["BaseMod","Downfall","Googly Eyes","Minty Spire (QoL Compilation)","StSLib"],"gold_per_floor":[99,112,112,22,41,41,41,61,92,392,419,519,532,542,557,662,662,662,51,51,51,0,0,0,0,0,0,0,0,0,0,0,0,0,0,0,0,0,0,0,0,0,0,0,0,0,0,0,0,0],"floor_reached":51,"playtime":9021,"items_purged":["hexamod:Defend","hexamod:Defend"],"score":777,"play_id":"252c4111-97bf-4369-b589-322ab87f4bf6","local_time":"20201229204642","is_ascension_mode":false,"campfire_choices":[{"data":"hexamod:Float","floor":1.0,"key":"SMITH"},{"data":"hexamod:NecessarySacrifice","floor":6.0,"key":"SMITH"},{"data":"hexamod:NecessarySacrifice","floor":18.0,"key":"SMITH"},{"data":"hexamod:PhantomCloak","floor":27.0,"key":"SMITH"},{"data":"hexamod:TimeOfNeed","floor":35.0,"key":"SMITH"},{"data":"hexamod:GhostOfSpirePast","floor":40.0,"key":"SMITH"},{"data":"hexamod:SpectralAdrenaline","floor":45,"key":"SMITH"}],"circlet_count":0,"master_deck":["hexamod:Strike","hexamod:Defend","hexamod:Defend","hexamod:Sear","hexamod:Float+1","hexamod:GhostflameBarrier","hexamod:BacktrackSmack","hexamod:NecessarySacrifice+1","hexamod:PhantomCloak+1","hexamod:NecessarySacrifice+1","hexamod:SoulSteal+1","hexamod:NightmareGuise","hexamod:PhantomFireball","hexamod:SearingWound+1","hexamod:ParanormalForm","hexamod:SpectralAdrenaline+1","expansioncontent:DecasProtection","Magnetism","hexamod:ChargedBarrage","hexamod:Firestarter+1","hexamod:FastForward","hexamod:ShieldOfDarkness","hexamod:FirstSeal","hexamod:GhostShield+1","hexamod:TimeOfNeed+1","hexamod:GhostLash+1","hexamod:GhostOfSpirePast+1","Parasite","expansioncontent:ManipulateTime","expansioncontent:DarkVoid","hexamod:CatchUp+1","hexamod:GhostOfSpirePast+1","hexamod:RainOfEmbers+1","hexamod:Hexaguard+1","hexamod:FastForward+1","hexamod:InspiringFlames+1"],"relics":["hexamod:SpiritBrand","Eternal Feather","Omamori","Matryoshka","downfall:Hecktoplasm","downfall:HeartBlessingGreen","Membership Card","HornCleat","Bottled Tornado","Prayer Wheel","Singing Bowl","Dream Catcher","StoneCalendar","Ornamental Fan","Shuriken","downfall:RedIOU","Smiling Mask","Letter Opener","hexamod:IceCube","MawBank","Blood Vial","Ice Cream"],"acts_visited":["Exordium","TheCity","TheBeyond"],"potions_floor_usage":[44,49],"damage_taken":[{"damage":0.0,"enemies":"Cultist","floor":2.0,"turns":4.0},{"damage":0.0,"enemies":"downfall:FleeingMerchant","floor":4.0,"turns":4.0},{"damage":0.0,"enemies":"2 Louse","floor":5.0,"turns":4.0},{"damage":0.0,"enemies":"Jaw Worm","floor":8.0,"turns":3.0},{"damage":29.0,"enemies":"3 Sentries","floor":9.0,"turns":10.0},{"damage":11.0,"enemies":"Lagavulin","floor":11.0,"turns":9.0},{"damage":6.0,"enemies":"downfall:Heads","floor":12.0,"turns":7.0},{"damage":10.0,"enemies":"3 Louse","floor":13.0,"turns":3.0},{"damage":0.0,"enemies":"Exordium Thugs","floor":14.0,"turns":3.0},{"damage":0.0,"enemies":"Exordium Wildlife","floor":15.0,"turns":2.0},{"damage":16.0,"enemies":"downfall:Silent","floor":16.0,"turns":11.0},{"damage":0.0,"enemies":"downfall:FleeingMerchant","floor":19.0,"turns":4.0},{"damage":4.0,"enemies":"downfall:Ironclad","floor":20.0,"turns":6.0},{"damage":0.0,"enemies":"downfall:FleeingMerchant","floor":22.0,"turns":4.0},{"damage":15.0,"enemies":"Book of Stabbing","floor":23.0,"turns":5.0},{"damage":21.0,"enemies":"Slavers","floor":28.0,"turns":7.0},{"damage":12.0,"enemies":"Shell Parasite","floor":30.0,"turns":5.0},{"damage":0.0,"enemies":"Spheric Guardian","floor":31.0,"turns":5.0},{"damage":11.0,"enemies":"Chosen and Byrds","floor":32.0,"turns":6.0},{"damage":11.0,"enemies":"downfall:Watcher","floor":33.0,"turns":9.0},{"damage":7.0,"enemies":"Orb Walker","floor":36.0,"turns":6.0},{"damage":10.0,"enemies":"3 Shapes","floor":38.0,"turns":5.0},{"damage":15.0,"enemies":"Writhing Mass","floor":39.0,"turns":6.0},{"damage":0,"enemies":"Jaw Worm Horde","floor":43,"turns":5},{"damage":11,"enemies":"Giant Head","floor":44,"turns":9},{"damage":0,"enemies":"Maw","floor":46,"turns":6},{"damage":74,"enemies":"2 Orb Walkers","floor":47,"turns":6},{"damage":5,"enemies":"Writhing Mass","floor":48,"turns":6},{"damage":8,"enemies":"Jaw Worm Horde","floor":49,"turns":5},{"damage":1,"enemies":"downfall:Defect","floor":50,"turns":7}],"seed_played":"-3116737291180037019","potions_obtained":[{"floor":2.0,"key":"Fire Potion"},{"floor":5.0,"key":"Block Potion"},{"floor":9.0,"key":"EssenceOfSteel"},{"floor":14.0,"key":"SpeedPotion"},{"floor":20.0,"key":"Swift Potion"},{"floor":23.0,"key":"Fire Potion"},{"floor":32.0,"key":"Weak Potion"},{"floor":33.0,"key":"SpeedPotion"},{"floor":38.0,"key":"GamblersBrew"},{"floor":39.0,"key":"Strength Potion"},{"floor":46,"key":"Dexterity Potion"},{"floor":48,"key":"BlessingOfTheForge"},{"floor":49,"key":"Regen Potion"}],"is_trial":false,"path_per_floor":["R","M","?","$","M","R","T","M","E","?","E","?","M","M","M","B",null,"R","$","?","T","$","E","T","?","?","R","E","?","M","M","M","B",null,"R","M","?","M","M","R","T","?","M","E","R","M","?","M","M","B",null],"character_chosen":"THE_SPIRIT","items_purchased":["Membership Card","expansioncontent:DecasProtection","HornCleat","Bottled Tornado","Magnetism","hexamod:ChargedBarrage","hexamod:FastForward","hexamod:ShieldOfDarkness"],"campfire_rested":0,"item_purchase_floors":[19,19,19,19,19,19,22,22],"current_hp_per_floor":[77,77,77,77,77,77,77,77,48,48,37,31,21,21,21,5,77,77,77,75,75,75,62,62,62,55,67,53,53,52,63,63,52,93,93,93,85,86,82,97,97,89,98,96,107,109,42,48,49,57],"gold":0,"neow_bonus":"TEN_PERCENT_HP_BONUS","is_daily":false,"chose_seed":false,"campfire_upgraded":7,"win_rate":0.0,"timestamp":1609289202,"path_taken":["R","M","?","?","M","R","T","M","E","?","E","?","M","?","M","BOSS","R","$","?","?","?","E","T","?","?","R","E","?","?","M","M","BOSS","R","M","?","M","?","R","T","?","M","E","R","M","?","M","M","BOSS"],"items_purchased_type":["Relic","Card","Relic","Relic","Card","Card","Card","Card"],"build_version":"2020-12-22","purchased_purges":2,"victory":true,"max_hp_per_floor":[77,77,77,77,77,77,77,77,77,77,77,77,77,77,77,77,77,77,77,79,79,79,81,81,81,81,81,81,81,85,89,93,93,93,93,93,93,97,101,101,101,103,105,107,107,109,109,111,111,111],"card_choices":[{"not_picked":["hexamod:HeatMetal","hexamod:DynamicBlow"],"picked":"hexamod:GhostflameBarrier","floor":2.0},{"not_picked":["hexamod:Haunt","hexamod:RetreatToShadows","hexamod:SwordOfDarkness"],"picked":"SKIP","floor":4.0},{"not_picked":["hexamod:GhostLash","hexamod:NightmareStrike"],"picked":"hexamod:NecessarySacrifice","floor":5.0},{"not_picked":["hexamod:RetreatToShadows","hexamod:BacktrackSmack"],"picked":"hexamod:PhantomCloak","floor":8.0},{"not_picked":["hexamod:HeatShield","hexamod:BacktrackSmack"],"picked":"hexamod:NecessarySacrifice","floor":9.0},{"not_picked":["hexamod:SkipABeat","hexamod:BacktrackSmack"],"picked":"hexamod:SoulSteal","floor":11.0},{"not_picked":["hexamod:Again","hexamod:RainOfEmbers"],"picked":"hexamod:PhantomFireball","floor":12.0},{"not_picked":["hexamod:SwordOfDarkness","hexamod:RetreatToShadows"],"picked":"hexamod:SearingWound","floor":13.0},{"not_picked":["hexamod:ThermalTransfer","hexamod:InspiringFlames","hexamod:BurningTouch"],"picked":"SKIP","floor":14.0},{"not_picked":["hexamod:NightmareGuise","hexamod:FastForward","hexamod:BurningTouch"],"picked":"SKIP","floor":15.0},{"not_picked":["hexamod:TimeWarp","hexamod:UnleashSpirits"],"picked":"hexamod:ParanormalForm","floor":16.0},{"not_picked":["hexamod:NightmareStrike","hexamod:ThermalTransfer"],"picked":"hexamod:SpectralAdrenaline","floor":19.0},{"not_picked":["hexamod:RainOfEmbers","hexamod:SpectersWail","hexamod:ThermalTransfer"],"picked":"Singing Bowl","floor":20.0},{"not_picked":["hexamod:GhostOfSpireFuture","hexamod:Rewind"],"picked":"hexamod:Firestarter+1","floor":22.0},{"not_picked":["hexamod:GhostLash","hexamod:ShieldOfDarkness","hexamod:UnleashSpirits"],"picked":"Singing Bowl","floor":23.0},{"not_picked":["hexamod:BacktrackSmack","hexamod:Firestarter"],"picked":"hexamod:GhostShield+1","floor":28.0},{"not_picked":["hexamod:BacktrackSmack+1","hexamod:InspiringFlames+1","hexamod:NightmareGuise"],"picked":"Singing Bowl","floor":30.0},{"not_picked":["hexamod:Incineration","hexamod:Again","hexamod:FastForward"],"picked":"Singing Bowl","floor":30.0},{"not_picked":["hexamod:BurningTouch","hexamod:CatchUp","hexamod:NightmareStrike+1"],"picked":"Singing Bowl","floor":31.0},{"not_picked":["hexamod:GhostflameBarrier+1","hexamod:SpectersWail+1","hexamod:HeatShield+1"],"picked":"Singing Bowl","floor":31.0},{"not_picked":["hexamod:NightmareStrike","hexamod:NightmareGuise+1","hexamod:FastForward"],"picked":"Singing Bowl","floor":32.0},{"not_picked":["hexamod:BacktrackSmack","hexamod:SwordOfDarkness+1","hexamod:Hexaguard"],"picked":"Singing Bowl","floor":32.0},{"not_picked":["hexamod:GhostflameInferno","hexamod:WildfireWeapon"],"picked":"hexamod:TimeOfNeed","floor":33.0},{"not_picked":["hexamod:FourthSeal","hexamod:NightmareGuise"],"picked":"hexamod:GhostLash+1","floor":36.0},{"not_picked":["hexamod:Hexaguard","hexamod:NightmareGuise"],"picked":"hexamod:GhostOfSpirePast","floor":36.0},{"not_picked":["hexamod:RetreatToShadows","hexamod:GhostflameBarrier","hexamod:GhostLash"],"picked":"Singing Bowl","floor":38.0},{"not_picked":["hexamod:SixthSeal","hexamod:Rewind","hexamod:SwordOfDarkness"],"picked":"Singing Bowl","floor":38.0},{"not_picked":["hexamod:AdvancingGuard","hexamod:BurningTouch","hexamod:BacktrackSmack+1"],"picked":"Singing Bowl","floor":39.0},{"not_picked":["hexamod:NightmareStrike","hexamod:AdvancingGuard","hexamod:BacktrackSmack"],"picked":"Singing Bowl","floor":39.0},{"not_picked":["expansioncontent:BronzeBeam","expansioncontent:CaCaw"],"picked":"expansioncontent:ManipulateTime","floor":42.0},{"not_picked":["expansioncontent:Flail","expansioncontent:ManipulateTime"],"picked":"expansioncontent:DarkVoid","floor":42.0},{"not_picked":["expansioncontent:SlimeTackle","expansioncontent:AwakenDeath","expansioncontent:ManipulateTime"],"picked":"Singing Bowl","floor":42.0},{"not_picked":["hexamod:ThermalTransfer","hexamod:SpectersWail+1"],"picked":"hexamod:CatchUp+1","floor":43},{"not_picked":["hexamod:AdvancingGuard","hexamod:SwordOfDarkness+1","hexamod:GhostOfSpireFuture"],"picked":"Singing Bowl","floor":43},{"not_picked":["hexamod:GhostLash","hexamod:PhantomCloak","hexamod:ChargedBarrage"],"picked":"Singing Bowl","floor":44},{"not_picked":["hexamod:HauntingEcho+1","hexamod:FastForward","hexamod:ShieldOfDarkness+1"],"picked":"Singing Bowl","floor":46},{"not_picked":["hexamod:GhostShield+1","hexamod:ChargedBarrage+1"],"picked":"hexamod:GhostOfSpirePast+1","floor":46},{"not_picked":["hexamod:AdvancingGuard","hexamod:NightmareGuise"],"picked":"hexamod:RainOfEmbers+1","floor":47},{"not_picked":["hexamod:NightmareGuise+1","hexamod:RainOfEmbers+1"],"picked":"hexamod:Hexaguard+1","floor":48},{"not_picked":["hexamod:TurnItUp","hexamod:HauntingEcho+1","hexamod:BacktrackSmack"],"picked":"Singing Bowl","floor":48},{"not_picked":["hexamod:RainOfEmbers","hexamod:BurningTouch+1"],"picked":"hexamod:FastForward+1","floor":49},{"not_picked":["hexamod:EmpoweredFlame","hexamod:BurningTouch"],"picked":"hexamod:InspiringFlames+1","floor":49}],"player_experience":1899067,"relics_obtained":[{"floor":7.0,"key":"Eternal Feather"},{"floor":9.0,"key":"Omamori"},{"floor":11.0,"key":"Matryoshka"},{"floor":20.0,"key":"Prayer Wheel"},{"floor":20.0,"key":"Singing Bowl"},{"floor":21.0,"key":"Dream Catcher"},{"floor":21.0,"key":"Juzu Bracelet"},{"floor":23.0,"key":"StoneCalendar"},{"floor":24.0,"key":"Ornamental Fan"},{"floor":24.0,"key":"Shuriken"},{"floor":28.0,"key":"Smiling Mask"},{"floor":41.0,"key":"MawBank"},{"floor":44,"key":"Blood Vial"},{"floor":47,"key":"Ice Cream"}],"event_choices":[{"damage_healed":0.0,"max_hp_gain":0.0,"max_hp_loss":0.0,"gold_gain":0.0,"cards_transformed":["hexamod:Strike"],"event_name":"Transmorgrifier","player_choice":"Transformed","floor":3.0,"gold_loss":0.0,"damage_taken":0.0,"cards_obtained":["hexamod:BacktrackSmack"]},{"damage_healed":0,"gold_gain":0,"player_choice":"Fight","damage_taken":0,"max_hp_gain":0,"max_hp_loss":0,"event_name":"Mysterious Sphere","floor":47,"gold_loss":0}],"is_beta":false,"boss_relics":[{"not_picked":["Calling Bell","SlaversCollar"],"picked":"downfall:Hecktoplasm"},{"not_picked":["Snecko Eye","Sozu"],"picked":"hexamod:IceCube"}],"items_purged_floors":[4,19],"is_endless":false,"potions_floor_spawned":[2,5,9,14,16,20,23,32,33,38,39,46,48,49],"ascension_level":0}}