{"host":"Nexxot","time":1609355631,"event":{"mods":["AchievementEnabler","BaseMod","Colored Map","Downfall","Highlight Path","Jorbs\u0027s Wanderer Trilogy","Minty Spire (QoL Compilation)","Relic Stats","StSLib"],"gold_per_floor":[99,118,118,135,155,168,214,239,259,92,92,118,118,118,135,237,237,237,237,26,46,65,94,120,134,59,70,103,103,118,68,84,187,187,112,127,12,26,30,30,30,45,45,45,45,45,64,97,112,112],"floor_reached":51,"playtime":4505,"items_purged":["champ:Strike","champ:Strike","champ:Strike"],"score":1204,"play_id":"9267e734-dbed-47aa-9350-f37adf4c6b67","local_time":"20201230201351","is_ascension_mode":false,"campfire_choices":[{"data":"champ:Taunt","floor":1,"key":"SMITH"},{"data":"champ:EndlessRage","floor":11,"key":"SMITH"},{"data":"champ:MurderStrike","floor":13,"key":"SMITH"},{"data":"champ:HoldFirm","floor":18,"key":"SMITH"},{"data":"champ:Lariat","floor":26,"key":"SMITH"},{"floor":35,"key":"RECALL"},{"data":"champ:ViciousMockery","floor":40,"key":"SMITH"},{"data":"champ:ShieldWall","floor":46,"key":"SMITH"}],"circlet_count":0,"master_deck":["champ:Defend","champ:Defend+1","champ:Defend","champ:Execute","champ:Taunt+1","champ:BerserkerStyle+1","champ:ViciousMockery+1","champ:AdrenalArmor+1","champ:Backstep","champ:FanOfKnives","champ:MurderStrike+1","champ:CheapShot","champ:EndlessRage+1","champ:BerserkersShout","champ:AdrenalArmor","champ:HoldFirm+1","champ:Lariat+1","champ:TornadoPunch","champ:TornadoPunch","champ:GladiatorsShout+1","champ:DeathBlow+1","champ:BladeFlurry+1","champ:Haymaker","champ:ShieldWall+1","champ:DefensiveStyle+1","champ:DeathBlow+1","champ:IgnorePain","champ:EndlessRage","champ:FaceSlap+1","champ:FalseCounter"],"relics":["champ:ChampionCrown","War Paint","Happy Flower","Gremlin Horn","Snecko Eye","Toolbox","PreservedInsect","downfall:HeartBlessingBlue","Dream Catcher","Velvet Choker","downfall:HeartBlessingGreen","champ:BerserkersGuideToSlaughter","Bottled Tornado","Omamori"],"acts_visited":["Exordium","TheCity","TheBeyond"],"potions_floor_usage":[9,12,16,16,16,23,25,28,50,50,50],"damage_taken":[{"damage":11,"enemies":"Cultist","floor":2,"turns":3},{"damage":5,"enemies":"2 Louse","floor":4,"turns":3},{"damage":8,"enemies":"Jaw Worm","floor":5,"turns":5},{"damage":31,"enemies":"Gremlin Gang","floor":6,"turns":6},{"damage":44,"enemies":"Lagavulin","floor":8,"turns":9},{"damage":28,"enemies":"Large Slime","floor":9,"turns":7},{"damage":14,"enemies":"downfall:FleeingMerchant","floor":10,"turns":4},{"damage":24,"enemies":"Gremlin Nob","floor":12,"turns":5},{"damage":22,"enemies":"Blue Slaver","floor":15,"turns":4},{"damage":78,"enemies":"downfall:Watcher","floor":16,"turns":7},{"damage":30,"enemies":"downfall:FleeingMerchant","floor":20,"turns":5},{"damage":24,"enemies":"Chosen","floor":21,"turns":3},{"damage":32,"enemies":"3 Byrds","floor":22,"turns":5},{"damage":29,"enemies":"Slavers","floor":23,"turns":3},{"damage":18,"enemies":"Snake Plant","floor":25,"turns":4},{"damage":30,"enemies":"Centurion and Healer","floor":27,"turns":3},{"damage":45,"enemies":"Book of Stabbing","floor":28,"turns":4},{"damage":30,"enemies":"Shelled Parasite and Fungi","floor":30,"turns":3},{"damage":18,"enemies":"Snecko","floor":32,"turns":3},{"damage":42,"enemies":"downfall:Defect","floor":33,"turns":6},{"damage":20,"enemies":"3 Shapes","floor":36,"turns":3},{"damage":57,"enemies":"downfall:FleeingMerchant","floor":37,"turns":4},{"damage":22,"enemies":"Orb Walker","floor":38,"turns":4},{"damage":8,"enemies":"downfall:FleeingMerchant","floor":39,"turns":4},{"damage":41,"enemies":"Writhing Mass","floor":42,"turns":7},{"damage":22,"enemies":"Sphere and 2 Shapes","floor":47,"turns":3},{"damage":75,"enemies":"Giant Head","floor":48,"turns":5},{"damage":24,"enemies":"4 Shapes","floor":49,"turns":3},{"damage":96,"enemies":"downfall:Silent","floor":50,"turns":9}],"seed_played":"-95803447281047254","potions_obtained":[{"floor":5,"key":"PowerPotion"},{"floor":6,"key":"DistilledChaos"},{"floor":8,"key":"Block Potion"},{"floor":15,"key":"EntropicBrew"},{"floor":16,"key":"Slimebound:ThreeZeroPotion"},{"floor":22,"key":"Dexterity Potion"},{"floor":23,"key":"Guardian:BlockOnCardUsePotion"},{"floor":27,"key":"SmokeBomb"},{"floor":33,"key":"Ancient Potion"},{"floor":36,"key":"PowerPotion"},{"floor":47,"key":"LiquidBronze"}],"is_trial":false,"path_per_floor":["R","M","?","M","M","M","T","E","M","$","R","E","R","?","M","B",null,"R","?","$","M","M","E","T","M","R","M","E","?","M","?","M","B",null,"R","M","$","M","?","R","T","M","?","$","?","R","M","E","M","B",null],"character_chosen":"THE_CHAMP","items_purchased":["champ:EndlessRage","champ:TornadoPunch","Toolbox","champ:BerserkersGuideToSlaughter","champ:EndlessRage"],"campfire_rested":0,"item_purchase_floors":[10,20,20,39,39],"current_hp_per_floor":[99,98,98,98,95,78,78,71,71,71,71,63,63,63,63,52,99,99,70,70,70,70,70,70,70,80,66,66,61,58,95,95,95,109,109,109,109,109,109,109,109,109,109,109,109,109,109,103,97,102],"gold":112,"neow_bonus":"TEN_PERCENT_HP_BONUS","is_daily":false,"chose_seed":false,"campfire_upgraded":7,"win_rate":0.0,"timestamp":1609355631,"path_taken":["R","M","?","M","?","M","T","E","M","$","R","E","R","?","M","BOSS","R","?","$","M","M","E","T","?","R","M","E","?","?","?","M","BOSS","R","M","$","M","?","R","T","M","?","?","?","R","M","E","M","BOSS"],"items_purchased_type":["Card","Card","Relic","Relic","Card"],"build_version":"2020-12-18","purchased_purges":3,"victory":true,"max_hp_per_floor":[99,99,99,99,99,99,99,99,99,99,99,99,99,99,99,99,99,99,99,99,99,99,99,99,99,109,109,109,109,109,109,109,109,109,109,109,109,109,109,109,109,109,109,109,109,109,109,109,109,109],"relic_stats":{"Dream Catcher":0,"Happy Flower":[36],"Gremlin Horn":[13,13],"counters":[29,134],"Snecko Eye":[148,150,156,145],"PreservedInsect":198,"War Paint":["champ:Defend","champ:AdrenalArmor"],"obtain_stats":[{"Happy Flower":8,"Gremlin Horn":12,"Velvet Choker":34,"champ:ChampionCrown":0,"downfall:HeartBlessingGreen":35,"PreservedInsect":23,"Omamori":48,"War Paint":7,"Bottled Tornado":41,"Dream Catcher":28,"downfall:HeartBlessingBlue":26,"Snecko Eye":17,"Toolbox":20,"champ:BerserkersGuideToSlaughter":39},{"Happy Flower":5,"Gremlin Horn":8,"Velvet Choker":20,"champ:ChampionCrown":0,"downfall:HeartBlessingGreen":20,"PreservedInsect":14,"Omamori":27,"War Paint":4,"Bottled Tornado":24,"Dream Catcher":17,"downfall:HeartBlessingBlue":15,"Snecko Eye":10,"Toolbox":11,"champ:BerserkersGuideToSlaughter":24},{"Happy Flower":26,"Gremlin Horn":42,"Velvet Choker":92,"champ:ChampionCrown":0,"downfall:HeartBlessingGreen":92,"PreservedInsect":69,"Omamori":122,"War Paint":17,"Bottled Tornado":107,"Dream Catcher":80,"downfall:HeartBlessingBlue":73,"Snecko Eye":53,"Toolbox":58,"champ:BerserkersGuideToSlaughter":107}]},"card_choices":[{"not_picked":["champ:StanceDance","champ:RecklessLeap"],"picked":"champ:BerserkerStyle","floor":2},{"not_picked":["champ:FightOn","champ:BerserkersShout"],"picked":"champ:ViciousMockery","floor":4},{"not_picked":["champ:FlashCut","champ:ViciousMockery"],"picked":"champ:AdrenalArmor","floor":5},{"not_picked":["champ:BerserkersShout","champ:BringItOn"],"picked":"champ:Backstep","floor":6},{"not_picked":["champ:FaceSlap","champ:GladiatorsShout"],"picked":"champ:FanOfKnives","floor":8},{"not_picked":["champ:Shatter","champ:GladiatorsShout"],"picked":"champ:MurderStrike","floor":9},{"not_picked":["champ:PerfectedStrike","champ:RapidStrikes"],"picked":"champ:CheapShot","floor":10},{"not_picked":["champ:CalledShot","champ:FocusedBerserking"],"picked":"champ:BerserkersShout","floor":12},{"not_picked":["champ:FlashCut","champ:StanceDance"],"picked":"champ:AdrenalArmor","floor":15},{"not_picked":["champ:SwordThrow","champ:HeavySlash"],"picked":"champ:HoldFirm","floor":16},{"not_picked":["champ:StanceDance+1","champ:AdrenalArmor"],"picked":"champ:Lariat","floor":20},{"not_picked":["champ:StanceDance+1","champ:ArenaPreparation"],"picked":"champ:TornadoPunch","floor":21},{"not_picked":["champ:CrookedStrike","champ:FocusedDefense+1"],"picked":"champ:GladiatorsShout+1","floor":22},{"not_picked":["champ:ShieldSlam","champ:ArenaPreparation+1"],"picked":"champ:DeathBlow+1","floor":23},{"not_picked":["champ:FanOfKnives","champ:GutPunch"],"picked":"champ:BladeFlurry+1","floor":25},{"not_picked":["champ:PerfectedStrike","champ:BladeFlurry"],"picked":"champ:Haymaker","floor":27},{"not_picked":["champ:Duel","champ:Lariat","champ:FaceSlap"],"picked":"SKIP","floor":28},{"not_picked":["champ:BladeFlurry","champ:FocusedGladiator","champ:StanceDance"],"picked":"SKIP","floor":30},{"not_picked":["champ:BringItOn+1","champ:Haymaker"],"picked":"champ:ShieldWall","floor":32},{"not_picked":["champ:ArenaPreparation","champ:BerserkerStyle"],"picked":"champ:DefensiveStyle+1","floor":36},{"not_picked":["champ:Shatter","champ:BringItOn","champ:StanceDance"],"picked":"SKIP","floor":37},{"not_picked":["champ:Backstep+1","champ:TornadoPunch"],"picked":"champ:DeathBlow+1","floor":38},{"not_picked":["champ:GladiatorsShout","champ:StanceDance+1"],"picked":"champ:IgnorePain","floor":39},{"not_picked":["champ:Circumvent+1","champ:Haymaker","champ:TornadoPunch"],"picked":"SKIP","floor":42},{"not_picked":["champ:GutPunch","champ:RisingSlash","champ:StanceDance+1"],"picked":"SKIP","floor":47},{"not_picked":["champ:DefensiveShout","champ:Haymaker"],"picked":"champ:FaceSlap+1","floor":48},{"not_picked":["champ:BringItOn+1","champ:RisingSlash+1"],"picked":"champ:FalseCounter","floor":49}],"player_experience":368526,"relics_obtained":[{"floor":7,"key":"War Paint"},{"floor":8,"key":"Happy Flower"},{"floor":12,"key":"Gremlin Horn"},{"floor":23,"key":"PreservedInsect"},{"floor":28,"key":"Dream Catcher"},{"floor":41,"key":"Bottled Tornado"},{"floor":48,"key":"Omamori"}],"event_choices":[{"damage_healed":0,"gold_gain":0,"player_choice":"Upgraded","damage_taken":0,"max_hp_gain":0,"max_hp_loss":0,"event_name":"Upgrade Shrine","floor":3,"gold_loss":0,"cards_upgraded":["champ:BerserkerStyle"]},{"cards_removed":["champ:Strike"],"damage_healed":0,"gold_gain":0,"player_choice":"Card Removal","damage_taken":0,"max_hp_gain":0,"max_hp_loss":0,"event_name":"The Cleric","floor":14,"gold_loss":0},{"cards_removed":["champ:Defend"],"damage_healed":0,"gold_gain":0,"player_choice":"Removed Skill","damage_taken":0,"max_hp_gain":0,"max_hp_loss":0,"event_name":"Falling","floor":45,"gold_loss":0}],"is_beta":true,"boss_relics":[{"not_picked":["Black Star","Cursed Key"],"picked":"Snecko Eye"},{"not_picked":["Runic Pyramid","Empty Cage"],"picked":"Velvet Choker"}],"items_purged_floors":[10,37,39],"is_endless":false,"potions_floor_spawned":[5,6,8,15,16,22,23,27,33,36,47,49],"ascension_level":0}}