{"host":"fo1pcjb7ykmk7tjo","time":1609341624,"event":{"mods":["BaseMod","Colored Map","Downfall","Hermit","Hubris","Infinite Spire","Marisa????????","Minty Spire (QoL Compilation)","Replay The Spire","StSLib","The Disciple","The Servant 0.9.4"],"gold_per_floor":[18,36,36,56,69,69,95,107,107,126,126,126,301,315,315,436,436,451,451,451,451,465,465,465],"floor_reached":23,"playtime":1053,"items_purged":["Doubt"],"score":243,"play_id":"2bb4f6dd-847b-4ec7-b031-caf64ce4499c","local_time":"20201230162024","is_ascension_mode":false,"campfire_choices":[{"data":"hermit:Showdown","floor":6,"key":"SMITH"},{"data":"hermit:Maintenance","floor":11,"key":"SMITH"},{"data":"hermit:Dive","floor":15,"key":"SMITH"}],"circlet_count":0,"master_deck":["hermit:Strike_Hermit","hermit:Strike_Hermit","hermit:Strike_Hermit","hermit:Strike_Hermit","hermit:Defend_Hermit","hermit:Defend_Hermit","hermit:Defend_Hermit","hermit:Defend_Hermit","hermit:Snapshot","hermit:Covet","hermit:HighNoon+1","hermit:HighCaliber","hermit:EyeOfTheStorm","hermit:Showdown+1","hermit:HighCaliber","hermit:Dive+1","hermit:Maintenance+1","hermit:HeroicBravado","hermit:Dive","hubris:Fate"],"relics":["hermit:Momento","hubris:SphereOfDissonance","Ornamental Fan","Golden Idol","Philosopher\u0027s Stone","hubris:TerracottaHorce","Replay:Kaleidoscope"],"acts_visited":["Exordium","TheCity"],"potions_floor_usage":[16,23,23],"damage_taken":[{"damage":0,"enemies":"Small Slimes","floor":1,"turns":4},{"damage":7,"enemies":"2 Louse","floor":2,"turns":2},{"damage":6,"enemies":"Jaw Worm","floor":4,"turns":2},{"damage":8,"enemies":"2 Fungi Beasts","floor":5,"turns":4},{"damage":13,"enemies":"3 Sentries","floor":7,"turns":7},{"damage":0,"enemies":"Large Slime","floor":8,"turns":5},{"damage":0,"enemies":"Blue Slaver","floor":10,"turns":3},{"damage":0,"enemies":"2 Fungi Beasts","floor":14,"turns":3},{"damage":0,"enemies":"The Guardian","floor":16,"turns":11},{"damage":18,"enemies":"2 Thieves","floor":18,"turns":5},{"damage":34,"enemies":"3 Byrds","floor":22,"turns":4},{"damage":1,"enemies":"Slavers","floor":23,"turns":1}],"seed_played":"8522837760488438000","potions_obtained":[{"floor":2,"key":"DuplicationPotion"},{"floor":8,"key":"sneckomod:MuddlingPotion"},{"floor":10,"key":"sneckomod:MuddlingPotion"},{"floor":16,"key":"hermit:Tonic"},{"floor":22,"key":"DuplicationPotion"}],"is_trial":false,"path_per_floor":["M","M","?","M","M","R","E","M","T","M","R","?","?","M","R","B",null,"M","?","AVR","?","M","E"],"character_chosen":"HERMIT","items_purchased":[],"campfire_rested":0,"item_purchase_floors":[],"current_hp_per_floor":[75,68,68,62,54,54,41,41,41,41,41,41,41,41,41,41,69,51,51,51,35,1,0,0],"gold":465,"neow_bonus":"THREE_RARE_CARDS","is_daily":false,"chose_seed":false,"campfire_upgraded":3,"win_rate":0.0,"timestamp":1609341624,"path_taken":["M","M","?","M","M","R","E","M","T","M","R","?","?","?","R","BOSS","M","?","AVR","?","M","E"],"items_purchased_type":[],"build_version":"2020-12-22","purchased_purges":1,"victory":false,"max_hp_per_floor":[75,75,75,75,75,75,75,75,75,75,75,69,69,69,69,69,69,69,69,69,69,69,69,69],"card_choices":[{"not_picked":["hermit:HeroicBravado","hermit:FromBeyond"],"picked":"hermit:HighNoon","floor":0},{"not_picked":["hermit:Glare","hermit:BodyArmor"],"picked":"hermit:HighCaliber","floor":1},{"not_picked":["hermit:Manifest","hermit:Misfire"],"picked":"hermit:EyeOfTheStorm","floor":2},{"not_picked":["hermit:Grudge","hermit:Brawl"],"picked":"hermit:Showdown","floor":4},{"not_picked":["hermit:Manifest","hermit:Spite"],"picked":"hermit:HighCaliber","floor":5},{"not_picked":["hermit:ShadowCloak","hermit:Feint","hermit:HoleUp"],"picked":"SKIP","floor":7},{"not_picked":["hermit:Glare","hermit:Grudge"],"picked":"hermit:Dive","floor":8},{"not_picked":["hermit:WideOpen","hermit:Headshot"],"picked":"hermit:Maintenance","floor":10},{"not_picked":["hermit:Coalescence","hermit:Horror","hermit:GhostlyPresence"],"picked":"SKIP","floor":14},{"not_picked":["hermit:FatalDesire","hermit:BlackWind"],"picked":"hermit:HeroicBravado","floor":16},{"not_picked":["hermit:CalledShot","hermit:LowProfile"],"picked":"hermit:Dive","floor":18},{"not_picked":["ReplayTheSpireMod:Black Plague","Replay:Fractal Strike"],"picked":"hubris:Fate","floor":21},{"not_picked":["hermit:Dive","hermit:SprayPray","hermit:CalledShot"],"picked":"SKIP","floor":22}],"player_experience":174670,"relics_obtained":[{"floor":7,"key":"hubris:SphereOfDissonance"},{"floor":9,"key":"Ornamental Fan"}],"event_choices":[{"damage_healed":0,"gold_gain":0,"player_choice":"Lose Max HP","damage_taken":0,"relics_obtained":["Golden Idol"],"max_hp_gain":0,"max_hp_loss":6,"event_name":"Golden Idol","floor":12,"gold_loss":0},{"damage_healed":0,"gold_gain":175,"player_choice":"AGREE","damage_taken":0,"max_hp_gain":0,"max_hp_loss":0,"event_name":"Liars Game","floor":13,"gold_loss":0,"cards_obtained":["Doubt"]}],"is_beta":false,"boss_relics":[{"not_picked":["Tiny House","SacredBark"],"picked":"Philosopher\u0027s Stone"}],"items_purged_floors":[20],"is_endless":false,"potions_floor_spawned":[2,8,10,16,22],"killed_by":"Slavers","ascension_level":0}}