{"host":"y76clbnovzmw9ubx","time":1609356456,"event":{"mods":["AchievementEnabler","BaseMod","Minty Spire (QoL Compilation)","Permanent Neow","Relic Stats"],"gold_per_floor":[118,128,3,18,30,30,59,59,133,165,165,175,200,210,210,284,284,301,93,105,122,122,157,172,199,253,29,42,74,74,93,93,170,170,182,17,32,78,95,128,139,174,174,174,174,193,203,236,236,236,236,236,236,28,58,58],"floor_reached":57,"playtime":5286,"items_purged":["Strike_R","Anger","Berserk"],"score":2877,"play_id":"abe1543e-b627-499d-9574-5aca45f5ae50","local_time":"20201230142736","is_ascension_mode":true,"campfire_choices":[{"floor":6.0,"key":"REST"},{"data":"Sever Soul","floor":8.0,"key":"SMITH"},{"data":"Bash","floor":11.0,"key":"SMITH"},{"floor":15.0,"key":"REST"},{"data":"Dual Wield","floor":30,"key":"SMITH"},{"data":"Demon Form","floor":32,"key":"SMITH"},{"floor":45,"key":"RECALL"},{"data":"True Grit","floor":49,"key":"SMITH"},{"data":"Disarm","floor":53,"key":"SMITH"}],"circlet_count":0,"master_deck":["AscendersBane","Bash+1","Feel No Pain","Clothesline","Disarm+1","Sever Soul+1","Heavy Blade","Sentinel","Dark Embrace","Feel No Pain","Shockwave","Feed","Metallicize","True Grit+1","Battle Trance","Barricade","Burning Pact","Uppercut","Flame Barrier","Clothesline","Bludgeon","Demon Form+1","Dual Wield+1","Reaper","Feed","Feel No Pain","Limit Break+1","Feel No Pain","Limit Break"],"relics":["Snecko Eye","Mango","Gremlin Horn","Regal Pillow","Singing Bowl","Pandora\u0027s Box","Potion Belt","MealTicket","Membership Card","HornCleat","Mark of Pain","Nunchaku","TungstenRod","InkBottle","Happy Flower","Mummified Hand","Bronze Scales","Pear"],"acts_visited":["Exordium","TheCity","TheBeyond","TheEnding"],"potions_floor_usage":[35,38,38,38,38,38,40,41,42,55,56],"damage_taken":[{"damage":0.0,"enemies":"Cultist","floor":1.0,"turns":2.0},{"damage":7.0,"enemies":"Jaw Worm","floor":2.0,"turns":5.0},{"damage":3.0,"enemies":"2 Louse","floor":4.0,"turns":3.0},{"damage":24.0,"enemies":"Exordium Thugs","floor":5.0,"turns":6.0},{"damage":11.0,"enemies":"Lagavulin","floor":7.0,"turns":5.0},{"damage":24.0,"enemies":"3 Sentries","floor":10.0,"turns":8.0},{"damage":0.0,"enemies":"3 Louse","floor":12.0,"turns":3.0},{"damage":15.0,"enemies":"Lagavulin","floor":13.0,"turns":4.0},{"damage":3.0,"enemies":"Blue Slaver","floor":14.0,"turns":2.0},{"damage":12.0,"enemies":"Slime Boss","floor":16.0,"turns":11.0},{"damage":13.0,"enemies":"2 Thieves","floor":18.0,"turns":4.0},{"damage":0.0,"enemies":"Spheric Guardian","floor":20.0,"turns":5.0},{"damage":0.0,"enemies":"Cultist and Chosen","floor":21.0,"turns":5.0},{"damage":17.0,"enemies":"Book of Stabbing","floor":23.0,"turns":4.0},{"damage":7.0,"enemies":"Snecko","floor":24.0,"turns":4.0},{"damage":11.0,"enemies":"Gremlin Leader","floor":25.0,"turns":5.0},{"damage":7.0,"enemies":"3 Cultists","floor":28.0,"turns":4.0},{"damage":11.0,"enemies":"Book of Stabbing","floor":29.0,"turns":4.0},{"damage":7,"enemies":"Snake Plant","floor":31,"turns":4},{"damage":28,"enemies":"Automaton","floor":33,"turns":10},{"damage":9,"enemies":"Orb Walker","floor":35,"turns":5},{"damage":21,"enemies":"3 Shapes","floor":37,"turns":6},{"damage":106,"enemies":"2 Orb Walkers","floor":38,"turns":7},{"damage":0,"enemies":"Maw","floor":39,"turns":8},{"damage":15,"enemies":"Nemesis","floor":40,"turns":5},{"damage":22,"enemies":"4 Shapes","floor":41,"turns":8},{"damage":99,"enemies":"Reptomancer","floor":42,"turns":8},{"damage":0,"enemies":"Transient","floor":46,"turns":6},{"damage":32,"enemies":"Jaw Worm Horde","floor":47,"turns":5},{"damage":5,"enemies":"Giant Head","floor":48,"turns":6},{"damage":32,"enemies":"Donu and Deca","floor":50,"turns":6},{"damage":24,"enemies":"Time Eater","floor":51,"turns":8},{"damage":115,"enemies":"Shield and Spear","floor":55,"turns":8},{"damage":26,"enemies":"The Heart","floor":56,"turns":8}],"seed_played":"8654438509496149180","potions_obtained":[{"floor":1.0,"key":"SteroidPotion"},{"floor":4.0,"key":"PowerPotion"},{"floor":14.0,"key":"LiquidMemories"},{"floor":20.0,"key":"Energy Potion"},{"floor":23.0,"key":"GamblersBrew"},{"floor":28.0,"key":"Swift Potion"},{"floor":29.0,"key":"Dexterity Potion"},{"floor":38,"key":"Ancient Potion"},{"floor":39,"key":"SkillPotion"},{"floor":41,"key":"Block Potion"},{"floor":47,"key":"SneckoOil"},{"floor":55,"key":"Strength Potion"}],"is_trial":false,"path_per_floor":["M","M","$","M","M","R","E","R","T","E","R","M","E","M","R","B",null,"M","$","M","M","?","E","M","E","T","$","M","E","R","M","R","B",null,"M","$","M","?","M","E","M","E","T","?","R","M","M","E","R","B","B",null,"R","$","E","B",null],"character_chosen":"IRONCLAD","items_purchased":["Clothesline","EntropicBrew","Membership Card","Feed","Feel No Pain","Nunchaku","Feel No Pain","Pear","PowerPotion"],"campfire_rested":2,"item_purchase_floors":[3,19,27,36,36,36,54,54,54],"current_hp_per_floor":[68,61,61,58,34,56,59,59,59,35,35,35,20,17,58,46,78,68,68,71,76,76,62,60,54,54,69,65,57,57,55,55,30,103,102,117,124,50,129,119,146,138,138,138,138,158,137,180,180,181,184,184,184,194,139,194],"gold":58,"neow_bonus":"BOSS_RELIC","is_daily":false,"chose_seed":false,"campfire_upgraded":6,"win_rate":0.0,"timestamp":1609356456,"path_taken":["M","M","$","M","?","R","E","R","T","E","R","M","E","M","R","BOSS","M","$","M","M","?","E","M","E","T","$","M","E","R","M","R","BOSS","M","$","?","?","M","E","M","E","T","?","R","M","?","E","R","BOSS","BOSS","R","$","E","BOSS"],"items_purchased_type":["Card","Potion","Relic","Card","Card","Relic","Card","Relic","Potion"],"build_version":"2020-12-22","purchased_purges":3,"victory":true,"max_hp_per_floor":[75,75,75,75,75,75,89,89,89,89,89,89,89,89,89,89,89,92,92,95,100,100,103,108,113,113,113,116,119,119,124,124,127,127,129,129,140,142,147,152,157,160,160,160,160,165,176,181,181,181,184,184,184,194,200,203],"relic_stats":{"Regal Pillow":15,"Gremlin Horn":[27,32],"Singing Bowl":26,"Happy Flower":[15],"counters":[34,192],"Nunchaku":[13],"Mummified Hand":[97],"Bronze Scales":[183],"Snecko Eye":[344,397,376,393],"Pandora\u0027s Box":["Anger","Metallicize","Anger","True Grit","Battle Trance","Barricade","Burning Pact","Berserk"],"MealTicket":30,"obtain_stats":[{"Potion Belt":23,"Regal Pillow":10,"Pear":54,"Gremlin Horn":9,"Singing Bowl":13,"Happy Flower":42,"Mango":7,"Burning Blood":0,"Nunchaku":36,"HornCleat":29,"Mummified Hand":43,"Bronze Scales":48,"Snecko Eye":0,"Pandora\u0027s Box":17,"MealTicket":25,"Mark of Pain":34,"Membership Card":27,"TungstenRod":38,"InkBottle":40},{"Potion Belt":14,"Regal Pillow":6,"Pear":32,"Gremlin Horn":5,"Singing Bowl":8,"Happy Flower":27,"Mango":5,"Burning Blood":0,"Nunchaku":21,"HornCleat":18,"Mummified Hand":27,"Bronze Scales":30,"Snecko Eye":0,"Pandora\u0027s Box":10,"MealTicket":16,"Mark of Pain":20,"Membership Card":16,"TungstenRod":23,"InkBottle":25},{"Potion Belt":67,"Regal Pillow":29,"Pear":176,"Gremlin Horn":21,"Singing Bowl":36,"Happy Flower":145,"Mango":21,"Burning Blood":0,"Nunchaku":103,"HornCleat":84,"Mummified Hand":145,"Bronze Scales":162,"Snecko Eye":0,"Pandora\u0027s Box":49,"MealTicket":76,"Mark of Pain":98,"Membership Card":76,"TungstenRod":116,"InkBottle":129}],"TungstenRod":52,"InkBottle":[21]},"card_choices":[{"not_picked":["Spot Weakness","True Grit"],"picked":"Feel No Pain","floor":1.0},{"not_picked":["Pummel","Clash","Reckless Charge"],"picked":"SKIP","floor":2.0},{"not_picked":["Armaments","Warcry"],"picked":"Disarm","floor":4.0},{"not_picked":["True Grit","Shrug It Off"],"picked":"Sever Soul","floor":5.0},{"not_picked":["Perfected Strike","Searing Blow"],"picked":"Heavy Blade","floor":7.0},{"not_picked":["Shrug It Off","Infernal Blade"],"picked":"Sentinel","floor":10.0},{"not_picked":["Sword Boomerang","Havoc"],"picked":"Dark Embrace","floor":12.0},{"not_picked":["Searing Blow","Rampage"],"picked":"Feel No Pain","floor":13.0},{"not_picked":["Warcry","Limit Break"],"picked":"Shockwave","floor":14.0},{"not_picked":["Brutality","Demon Form"],"picked":"Feed","floor":16.0},{"not_picked":["Anger","Iron Wave"],"picked":"Uppercut","floor":18.0},{"not_picked":["Burning Pact","Havoc"],"picked":"Flame Barrier","floor":20.0},{"not_picked":["Intimidate","Armaments","Cleave"],"picked":"Singing Bowl","floor":21.0},{"not_picked":["Power Through","Hemokinesis"],"picked":"Bludgeon","floor":23.0},{"not_picked":["Clothesline+1","Iron Wave","Body Slam"],"picked":"Singing Bowl","floor":24.0},{"not_picked":["Spot Weakness","Power Through","Flex"],"picked":"Singing Bowl","floor":25.0},{"not_picked":["Body Slam","Perfected Strike"],"picked":"Demon Form","floor":28.0},{"not_picked":["Clash","Searing Blow+1"],"picked":"Dual Wield","floor":29.0},{"not_picked":["Pommel Strike","Armaments","Sentinel"],"picked":"Singing Bowl","floor":31},{"not_picked":["Double Tap","Fiend Fire"],"picked":"Reaper","floor":33},{"not_picked":["Dropkick","Perfected Strike","Headbutt"],"picked":"Singing Bowl","floor":35},{"not_picked":["Metallicize","Combust","Uppercut"],"picked":"Singing Bowl","floor":37},{"not_picked":["Cleave+1","Anger","Burning Pact"],"picked":"Singing Bowl","floor":38},{"not_picked":["Power Through","Cleave","Whirlwind"],"picked":"Singing Bowl","floor":39},{"not_picked":["Power Through","Clothesline","Bloodletting"],"picked":"Singing Bowl","floor":40},{"not_picked":["Heavy Blade","Armaments","Pummel"],"picked":"Singing Bowl","floor":41},{"not_picked":["Burning Pact","Heavy Blade"],"picked":"Limit Break","floor":42},{"not_picked":["Flex","Rampage+1","Clothesline"],"picked":"Singing Bowl","floor":46},{"not_picked":["Headbutt","Pommel Strike","Reckless Charge"],"picked":"Singing Bowl","floor":47},{"not_picked":["Reckless Charge","Body Slam+1","Heavy Blade"],"picked":"Singing Bowl","floor":48},{"not_picked":["Clash","Cleave"],"picked":"Limit Break","floor":55}],"player_experience":3019827,"relics_obtained":[{"floor":7.0,"key":"Mango"},{"floor":9.0,"key":"Gremlin Horn"},{"floor":10.0,"key":"Regal Pillow"},{"floor":13.0,"key":"Singing Bowl"},{"floor":23.0,"key":"Potion Belt"},{"floor":25.0,"key":"MealTicket"},{"floor":29.0,"key":"HornCleat"},{"floor":38,"key":"TungstenRod"},{"floor":40,"key":"InkBottle"},{"floor":42,"key":"Happy Flower"},{"floor":43,"key":"Mummified Hand"},{"floor":48,"key":"Bronze Scales"}],"event_choices":[{"damage_healed":0.0,"max_hp_gain":0.0,"max_hp_loss":0.0,"gold_gain":0.0,"cards_transformed":["Anger"],"event_name":"Transmorgrifier","player_choice":"Transformed","floor":22.0,"gold_loss":0.0,"damage_taken":0.0,"cards_obtained":["Clothesline"]},{"damage_healed":0,"gold_gain":0,"player_choice":"Fight","damage_taken":0,"max_hp_gain":0,"max_hp_loss":0,"event_name":"Mysterious Sphere","floor":38,"gold_loss":0},{"damage_healed":0,"gold_gain":0,"player_choice":"Upgraded","damage_taken":0,"max_hp_gain":0,"max_hp_loss":0,"event_name":"Upgrade Shrine","floor":44,"gold_loss":0,"cards_upgraded":["Limit Break"]}],"is_beta":false,"boss_relics":[{"not_picked":["Cursed Key","Empty Cage"],"picked":"Pandora\u0027s Box"},{"not_picked":["Calling Bell","Tiny House"],"picked":"Mark of Pain"}],"items_purged_floors":[3,19,27],"is_endless":false,"potions_floor_spawned":[1,4,14,16,20,23,28,29,33,38,39,41,47,55],"ascension_level":20}}