{"host":"msa0wxqjs3jv1k3j","time":1609335684,"event":{"mods":["BaseMod","BetterRewards","Colored Map","Highlight Path","KOR Keyword Fix","Keyboard Shortcuts","Minty Spire (QoL Compilation)","Quick Restart","SuperFastMode","everything is the same but u backflip on backflip"],"gold_per_floor":[114,41,41,41,41,54,68,88,88,123,123,136,136,154,154,154,154],"floor_reached":16,"playtime":605,"items_purged":[],"score":102,"play_id":"2185d923-65d9-43a1-be08-072b51ef9c5f","local_time":"20201230224124","is_ascension_mode":false,"campfire_choices":[{"floor":13.0,"key":"DIG"},{"floor":15,"key":"DIG"}],"circlet_count":0,"master_deck":["Strike_R+1","Strike_R","Strike_R","Strike_R","Strike_R+1","Defend_R","Defend_R","Defend_R","Defend_R","Bash","Armaments","Seeing Red+1","Body Slam","Shrug It Off","Dark Embrace","Uppercut"],"relics":["Burning Blood","NeowsBlessing","Girya","Shovel","FossilizedHelix","Nunchaku"],"acts_visited":["Exordium"],"potions_floor_usage":[16,16,16],"damage_taken":[{"damage":0.0,"enemies":"Jaw Worm","floor":1.0,"turns":1.0},{"damage":0.0,"enemies":"2 Louse","floor":6.0,"turns":1.0},{"damage":0.0,"enemies":"Small Slimes","floor":7.0,"turns":1.0},{"damage":25.0,"enemies":"Gremlin Gang","floor":8.0,"turns":7.0},{"damage":39.0,"enemies":"3 Sentries","floor":10.0,"turns":14.0},{"damage":12.0,"enemies":"Blue Slaver","floor":12.0,"turns":2.0},{"damage":0,"enemies":"Exordium Thugs","floor":14,"turns":4},{"damage":27,"enemies":"The Guardian","floor":16,"turns":9}],"seed_played":"-550571206206688341","potions_obtained":[{"floor":1.0,"key":"LiquidMemories"},{"floor":12.0,"key":"SteroidPotion"},{"floor":14,"key":"DistilledChaos"}],"is_trial":false,"path_per_floor":["M","$","?","?","$","M","M","M","T","E","?","M","R","M","R","B"],"character_chosen":"IRONCLAD","items_purchased":["Seeing Red"],"campfire_rested":0,"item_purchase_floors":[2],"current_hp_per_floor":[80,80,64,64,64,70,76,57,57,24,24,18,18,24,24,0,0],"gold":154,"neow_bonus":"THREE_ENEMY_KILL","is_daily":false,"chose_seed":false,"campfire_upgraded":0,"win_rate":0.0,"timestamp":1609335684,"path_taken":["M","$","?","?","?","M","M","M","T","E","?","?","R","M","R","BOSS"],"items_purchased_type":["Card"],"build_version":"2020-12-22","purchased_purges":0,"victory":false,"max_hp_per_floor":[80,80,80,80,80,80,80,80,80,80,80,80,80,80,80,80,80],"card_choices":[{"not_picked":["Disarm","Clothesline"],"picked":"Armaments","floor":1.0},{"not_picked":["Shockwave","Warcry"],"picked":"Body Slam","floor":6.0},{"not_picked":["Anger","Twin Strike"],"picked":"Shrug It Off","floor":7.0},{"not_picked":["Clothesline","Thunderclap","Anger"],"picked":"SKIP","floor":8.0},{"not_picked":["Exhume","Perfected Strike"],"picked":"Dark Embrace","floor":10.0},{"not_picked":["Metallicize","Evolve"],"picked":"Uppercut","floor":12.0},{"not_picked":["Perfected Strike","Headbutt","Body Slam"],"picked":"SKIP","floor":14}],"player_experience":24393,"relics_obtained":[{"floor":9.0,"key":"Girya"},{"floor":10.0,"key":"Shovel"},{"floor":13.0,"key":"FossilizedHelix"},{"floor":15,"key":"Nunchaku"}],"event_choices":[{"damage_healed":0.0,"max_hp_gain":0.0,"max_hp_loss":0.0,"gold_gain":0.0,"event_name":"Shining Light","player_choice":"Entered Light","floor":3.0,"gold_loss":0.0,"damage_taken":16.0,"cards_upgraded":["Strike_R","Strike_R"]},{"damage_healed":0.0,"max_hp_gain":0.0,"max_hp_loss":0.0,"gold_gain":0.0,"event_name":"Liars Game","player_choice":"Ignored","floor":4.0,"gold_loss":0.0,"damage_taken":0.0},{"damage_healed":0.0,"max_hp_gain":0.0,"max_hp_loss":0.0,"gold_gain":0.0,"event_name":"Upgrade Shrine","player_choice":"Upgraded","floor":11.0,"gold_loss":0.0,"damage_taken":0.0,"cards_upgraded":["Seeing Red"]}],"is_beta":false,"boss_relics":[],"items_purged_floors":[],"is_endless":false,"potions_floor_spawned":[1,12,14],"killed_by":"The Guardian","ascension_level":0}}