{"host":"hig8qfi5vzbgudte","time":1609365786,"event":{"mods":["BaseMod","Colored Map","Downfall","Hubris","Minty Spire (QoL Compilation)","Quick Restart","StSLib","The Cursed","The Marked","The Servant 0.9.4"],"gold_per_floor":[118,118,129,129,145,145,157,157,182,199,218,230,230,45,45,45,45],"floor_reached":16,"playtime":1087,"items_purged":[],"score":94,"play_id":"ef65cabb-dd59-4dd1-9630-5a643111b65a","local_time":"20201230160306","is_ascension_mode":false,"campfire_choices":[{"data":"theMarked:Reabsorb","floor":6,"key":"SMITH"},{"floor":15,"key":"REST"}],"circlet_count":0,"master_deck":["theMarked:Strike","theMarked:Strike","theMarked:Strike+1","theMarked:Strike","theMarked:Strike","theMarked:Defend","theMarked:Defend","theMarked:Defend+1","theMarked:Defend","theMarked:SoldierOfQuellstein","theMarked:SelfDefenseTraining+1","theMarked:KeepCalmAndFightOn","theMarked:BanishingStrike","Parasite","theMarked:Electrify","theMarked:CreepingChasm","theMarked:ChainLightning","theMarked:ContemptForTheProud","theMarked:CreepingChasm","theMarked:EnhancedHearing"],"relics":["theMarked:ArtifactOfAir","Blood Vial","Juzu Bracelet"],"acts_visited":["Exordium"],"potions_floor_usage":[],"damage_taken":[{"damage":7,"enemies":"2 Louse","floor":1,"turns":2},{"damage":1,"enemies":"Cultist","floor":3,"turns":3},{"damage":3,"enemies":"Jaw Worm","floor":5,"turns":3},{"damage":14,"enemies":"Exordium Wildlife","floor":7,"turns":4},{"damage":2,"enemies":"3 Louse","floor":10,"turns":2},{"damage":19,"enemies":"Gremlin Gang","floor":11,"turns":3},{"damage":10,"enemies":"Red Slaver","floor":12,"turns":4},{"damage":39,"enemies":"Slime Boss","floor":16,"turns":7}],"seed_played":"-1839890938865606775","potions_obtained":[{"floor":5,"key":"Energy Potion"},{"floor":7,"key":"Fire Potion"},{"floor":11,"key":"SpeedPotion"},{"floor":13,"key":"EssenceOfSteel"},{"floor":13,"key":"champ:CounterPotion"},{"floor":13,"key":"hexamod:EctoCoolerPotion"}],"is_trial":false,"path_per_floor":["M","?","M","?","M","R","M","?","T","M","M","M","?","$","R","B"],"character_chosen":"THE_DEFAULT","items_purchased":["theMarked:ContemptForTheProud","theMarked:CreepingChasm","theMarked:EnhancedHearing"],"campfire_rested":1,"item_purchase_floors":[14,14,14],"current_hp_per_floor":[63,49,50,50,49,49,37,37,37,37,20,12,12,12,33,0,0],"gold":45,"neow_bonus":"RANDOM_COMMON_RELIC","is_daily":false,"chose_seed":false,"campfire_upgraded":1,"win_rate":0.0,"timestamp":1609365786,"path_taken":["M","?","M","?","?","R","M","?","T","M","M","M","?","?","R","BOSS"],"items_purchased_type":["Card","Card","Card"],"build_version":"2020-12-22","purchased_purges":0,"victory":false,"max_hp_per_floor":[70,70,70,70,70,70,70,70,70,70,70,70,70,70,70,70,70],"card_choices":[{"not_picked":["theMarked:WardOff","theMarked:Aftermath"],"picked":"theMarked:SelfDefenseTraining","floor":1},{"not_picked":["theMarked:Improvise","theMarked:WastefulDefense"],"picked":"theMarked:KeepCalmAndFightOn","floor":3},{"not_picked":["theMarked:Polarize","theMarked:PowerFlow"],"picked":"theMarked:Reabsorb","floor":5},{"not_picked":["theMarked:StartUp","theMarked:Frustration"],"picked":"theMarked:BanishingStrike","floor":7},{"not_picked":["theMarked:HeightenedSenses","theMarked:ChainLightning"],"picked":"theMarked:Electrify","floor":10},{"not_picked":["theMarked:Generate","theMarked:HeightenedSenses"],"picked":"theMarked:CreepingChasm","floor":11},{"not_picked":["theMarked:ChannelForce","theMarked:Parkour"],"picked":"theMarked:ChainLightning","floor":12}],"player_experience":13868,"relics_obtained":[{"floor":9,"key":"Juzu Bracelet"}],"event_choices":[{"damage_healed":0,"gold_gain":0,"player_choice":"Entered Light","damage_taken":14,"max_hp_gain":0,"max_hp_loss":0,"event_name":"Shining Light","floor":2,"gold_loss":0,"cards_upgraded":["theMarked:Defend","theMarked:Strike"]},{"damage_healed":0,"gold_gain":0,"player_choice":"Forge","damage_taken":0,"max_hp_gain":0,"max_hp_loss":0,"event_name":"Accursed Blacksmith","floor":4,"gold_loss":0,"cards_upgraded":["theMarked:SelfDefenseTraining"]},{"cards_removed":["theMarked:Reabsorb"],"damage_healed":0,"gold_gain":0,"player_choice":"Took Card","damage_taken":0,"max_hp_gain":0,"max_hp_loss":0,"event_name":"NoteForYourself","floor":8,"gold_loss":0,"cards_obtained":["Parasite"]},{"damage_healed":0,"gold_gain":0,"player_choice":"Got Potions","damage_taken":0,"max_hp_gain":0,"max_hp_loss":0,"event_name":"Lab","floor":13,"gold_loss":0}],"is_beta":false,"boss_relics":[],"items_purged_floors":[],"is_endless":false,"potions_floor_spawned":[5,7,11],"killed_by":"Slime Boss","ascension_level":0}}