{"host":"yer03dsd277nstsn","time":1609316134,"event":{"mods":["BaseMod","Colored Powertips","Minty Spire (QoL Compilation)"],"gold_per_floor":[118,69,88,88,38,65,78,78,126,126,126,146,199,222,222,360,414,430,430,446,446,476,476,19,19,19,99,99,113,146,155,155,281,281,310,310,340,340,372,372,399,399,399,429,429,260,260,32,32,32,32],"floor_reached":50,"playtime":2326,"items_purged":["Injury","Coolheaded"],"score":615,"play_id":"0ca9ac55-0194-42b1-ba0b-5174a0ca3d46","local_time":"20201230021534","is_ascension_mode":true,"campfire_choices":[{"floor":8,"key":"REST"},{"floor":15,"key":"REST"},{"floor":23,"key":"REST"},{"data":"Thunder Strike","floor":25,"key":"SMITH"},{"floor":28,"key":"REST"},{"floor":32,"key":"REST"},{"data":"Electrodynamics","floor":40,"key":"SMITH"},{"floor":42,"key":"RECALL"},{"floor":45,"key":"REST"},{"floor":47,"key":"REST"},{"data":"Recycle","floor":49,"key":"SMITH"}],"circlet_count":0,"master_deck":["Zap","Dualcast","Ball Lightning","Rebound","Ball Lightning","Streamline","Ball Lightning","Chill","Thunder Strike+1","Electrodynamics+1","Stack","Undo","Sunder","Meteor Strike","Undo","Recycle+1","Chaos+1","Forethought+1","Hologram+1","Consume+1","Self Repair+1","Leap+1","Coolheaded+1","Conserve Battery+1","Glacier+1","Meteor Strike","Finesse+1","Hologram+1"],"relics":["Cracked Core","Tiny Chest","Lantern","Vajra","Golden Idol","White Beast Statue","CeramicFish","Pandora\u0027s Box","Bag of Preparation","Toxic Egg 2","Sundial","Nuclear Battery","Blue Candle","Happy Flower","Centennial Puzzle"],"acts_visited":["Exordium","TheCity","TheBeyond"],"potions_floor_usage":[13,16,22,22,33,33,33,50,50],"damage_taken":[{"damage":7,"enemies":"Small Slimes","floor":1,"turns":3},{"damage":2,"enemies":"Jaw Worm","floor":3,"turns":3},{"damage":35,"enemies":"3 Sentries","floor":6,"turns":6},{"damage":0,"enemies":"2 Louse","floor":7,"turns":2},{"damage":6,"enemies":"Looter","floor":12,"turns":2},{"damage":0,"enemies":"Gremlin Nob","floor":13,"turns":2},{"damage":1,"enemies":"2 Fungi Beasts","floor":14,"turns":2},{"damage":38,"enemies":"Hexaghost","floor":16,"turns":8},{"damage":20,"enemies":"2 Thieves","floor":18,"turns":2},{"damage":26,"enemies":"3 Byrds","floor":20,"turns":4},{"damage":17,"enemies":"Snake Plant","floor":22,"turns":3},{"damage":0,"enemies":"Snecko","floor":29,"turns":3},{"damage":0,"enemies":"3 Cultists","floor":30,"turns":2},{"damage":63,"enemies":"Collector","floor":33,"turns":8},{"damage":0,"enemies":"Orb Walker","floor":35,"turns":2},{"damage":31,"enemies":"3 Darklings","floor":37,"turns":3},{"damage":2,"enemies":"Sphere and 2 Shapes","floor":39,"turns":3},{"damage":29,"enemies":"Spire Growth","floor":44,"turns":4},{"damage":87,"enemies":"Time Eater","floor":50,"turns":6}],"seed_played":"3207189588452658753","potions_obtained":[{"floor":1,"key":"DuplicationPotion"},{"floor":7,"key":"SneckoOil"},{"floor":12,"key":"Fruit Juice"},{"floor":13,"key":"BlessingOfTheForge"},{"floor":16,"key":"Energy Potion"},{"floor":20,"key":"Fire Potion"},{"floor":22,"key":"FearPotion"},{"floor":29,"key":"AttackPotion"},{"floor":30,"key":"SkillPotion"},{"floor":33,"key":"Block Potion"},{"floor":35,"key":"Energy Potion"},{"floor":37,"key":"ColorlessPotion"},{"floor":39,"key":"PowerPotion"}],"is_trial":false,"path_per_floor":["M","$","M","?","?","E","M","R","T","?","T","M","E","M","R","B",null,"M","?","M","?","M","R","$","R","T","T","R","M","M","?","R","B",null,"M","?","M","T","M","R","T","R","T","M","R","$","R","$","R","B"],"character_chosen":"DEFECT","items_purchased":["Rebound","Toxic Egg 2","Chaos+1","Forethought+1","Glacier+1","Meteor Strike","Finesse+1","Dexterity Potion","Hologram+1"],"campfire_rested":7,"item_purchase_floors":[2,24,24,24,46,48,48,48,48],"current_hp_per_floor":[61,61,59,52,52,17,17,39,39,39,39,33,33,32,54,16,60,40,40,14,14,2,26,26,26,26,26,50,50,50,50,74,11,63,63,63,42,42,50,50,50,50,50,31,55,55,79,79,79,0,0],"gold":32,"neow_bonus":"RANDOM_COMMON_RELIC","is_daily":false,"chose_seed":false,"campfire_upgraded":3,"win_rate":0.0,"timestamp":1609316134,"path_taken":["M","$","M","?","?","E","M","R","T","?","?","M","E","M","R","BOSS","M","?","M","?","?","R","$","R","T","?","R","M","M","?","R","BOSS","M","?","M","?","M","R","?","R","T","M","R","$","R","$","R","BOSS"],"items_purchased_type":["Card","Relic","Card","Card","Card","Card","Card","Potion","Card"],"build_version":"2020-12-22","purchased_purges":2,"victory":false,"max_hp_per_floor":[75,75,75,75,75,75,75,75,75,75,75,75,75,75,75,75,75,75,75,75,75,80,80,80,80,80,80,80,80,80,80,80,80,80,80,80,80,80,80,80,80,80,80,80,80,80,80,80,80,80,80],"card_choices":[{"not_picked":["White Noise","Sweeping Beam"],"picked":"Ball Lightning","floor":1},{"not_picked":["Beam Cell","Stack"],"picked":"Ball Lightning","floor":3},{"not_picked":["Amplify","Melter"],"picked":"Streamline","floor":6},{"not_picked":["Redo","Loop"],"picked":"Ball Lightning","floor":7},{"not_picked":["Steam","Steam Power"],"picked":"Coolheaded","floor":12},{"not_picked":["Cold Snap","FTL"],"picked":"Chill","floor":13},{"not_picked":["Melter","Redo","Reinforced Body"],"picked":"SKIP","floor":14},{"not_picked":["Buffer","Reboot"],"picked":"Thunder Strike","floor":16},{"not_picked":["Steam+1","Barrage","Darkness"],"picked":"SKIP","floor":18},{"not_picked":["Go for the Eyes","Cold Snap","Streamline"],"picked":"SKIP","floor":20},{"not_picked":["Streamline","Steam"],"picked":"Recycle","floor":22},{"not_picked":["Rebound","Gash","Sweeping Beam+1"],"picked":"SKIP","floor":29},{"not_picked":["Reprogram+1","Barrage"],"picked":"Hologram+1","floor":30},{"not_picked":["Hologram+1","Rip and Tear+1"],"picked":"Self Repair+1","floor":35},{"not_picked":["Steam+1","Streamline+1"],"picked":"Leap+1","floor":37},{"not_picked":["Barrage","Cold Snap"],"picked":"Coolheaded+1","floor":39},{"not_picked":["Barrage+1","Go for the Eyes"],"picked":"Conserve Battery+1","floor":44}],"player_experience":397905,"relics_obtained":[{"floor":6,"key":"Lantern"},{"floor":9,"key":"Vajra"},{"floor":11,"key":"White Beast Statue"},{"floor":13,"key":"CeramicFish"},{"floor":27,"key":"Sundial"},{"floor":38,"key":"Blue Candle"},{"floor":41,"key":"Happy Flower"},{"floor":43,"key":"Centennial Puzzle"}],"event_choices":[{"cards_removed":["Strike_B"],"damage_healed":0,"gold_gain":0,"player_choice":"Card Removal","damage_taken":7,"max_hp_gain":0,"max_hp_loss":0,"event_name":"Golden Wing","floor":4,"gold_loss":0},{"cards_removed":["Strike_B"],"damage_healed":0,"gold_gain":0,"player_choice":"Card Removal","damage_taken":0,"max_hp_gain":0,"max_hp_loss":0,"event_name":"The Cleric","floor":5,"gold_loss":50},{"damage_healed":0,"gold_gain":0,"player_choice":"Take Wound","damage_taken":0,"relics_obtained":["Golden Idol"],"max_hp_gain":0,"max_hp_loss":0,"event_name":"Golden Idol","floor":10,"gold_loss":0,"cards_obtained":["Injury"]},{"damage_healed":0,"gold_gain":0,"player_choice":"Ignored","damage_taken":0,"max_hp_gain":0,"max_hp_loss":0,"event_name":"Vampires","floor":19,"gold_loss":0},{"damage_healed":0,"gold_gain":0,"player_choice":"Opened","damage_taken":0,"relics_obtained":["Bag of Preparation"],"max_hp_gain":0,"max_hp_loss":0,"event_name":"The Mausoleum","floor":21,"gold_loss":0},{"damage_healed":0,"gold_gain":0,"player_choice":"Read","damage_taken":0,"max_hp_gain":0,"max_hp_loss":0,"event_name":"The Library","floor":31,"gold_loss":0,"cards_obtained":["Consume"]},{"damage_healed":0,"gold_gain":0,"player_choice":"Ignored","damage_taken":0,"max_hp_gain":0,"max_hp_loss":0,"event_name":"Tomb of Lord Red Mask","floor":36,"gold_loss":0}],"is_beta":false,"boss_relics":[{"not_picked":["Snecko Eye","Astrolabe"],"picked":"Pandora\u0027s Box"},{"not_picked":["Black Star","Runic Dome"],"picked":"Nuclear Battery"}],"items_purged_floors":[24,46],"is_endless":false,"potions_floor_spawned":[1,7,12,13,14,16,18,20,22,29,30,33,35,37,39,44],"killed_by":"Time Eater","ascension_level":6}}