{"host":"9d9dhukr2jywmy0f","time":1609318029,"event":{"mods":["2.2 Compatiblity","Alarm Clock","BaseMod","Bestiary","Block Reminder","Colored Map","Colored Powertips","Curses Come First","DeckTracker","Displayed Cursed Tome","Highlight Path","Key Reminder","Keyboard Shortcuts","Koishi","Minty Spire (QoL Compilation)","MonsterHotkey","Potion Indicator Mod","Quick Restart","Rare Cards Sparkle","Relic Sorter","Relic Stats","Spire Birthday Party","StSLib","Synergy Search","Unceasing Turn Reminder","Unknown Chances"],"gold_per_floor":[114,114,114,125,125,125,158,158,158,158,193,203,57,85,85,186,186,201,218,218,143,143,170,170,232,232,264,264,300,318,177,177,279,279,306,333,382,395,395,395,429,429,429,465,485,279,322,322,322,322,322,322,70,109,109],"floor_reached":56,"playtime":1874,"items_purged":["Koishi:BasicStrike","Koishi:BasicDefend","Koishi:BasicDefend","Koishi:HauntingSlash+1"],"score":2313,"play_id":"fb2556ab-4b0d-44f8-a4e4-2998be00d75b","local_time":"20201230164708","is_ascension_mode":true,"campfire_choices":[{"data":"Koishi:HeartAttack","floor":6.0,"key":"SMITH"},{"data":"Koishi:MentalBreakdown","floor":8.0,"key":"SMITH"},{"floor":10.0,"key":"RECALL"},{"data":"Koishi:SprinkleStarAndHeart","floor":15.0,"key":"SMITH"},{"data":"Koishi:MassHysteria","floor":24.0,"key":"SMITH"},{"data":"Koishi:MentalBreakdown","floor":32.0,"key":"SMITH"},{"data":"Koishi:ReleaseOfTheId","floor":40.0,"key":"SMITH"},{"data":"Koishi:FadingMemory","floor":42.0,"key":"SMITH"},{"data":"Koishi:HeartAttack","floor":49.0,"key":"SMITH"},{"data":"Koishi:SubterraneanRose","floor":52.0,"key":"SMITH"}],"circlet_count":0,"master_deck":["AscendersBane","Koishi:BasicDefend","Koishi:BasicDefend","Koishi:Provoke","Koishi:HeartAttack+1","Koishi:PhilosophyOfTheDespised","Koishi:SprinkleStarAndHeart+1","Koishi:ReflexRadar","Koishi:MentalBreakdown+1","Koishi:MassHysteria+1","Koishi:MassHysteria+1","Koishi:SubterraneanRose+1","Koishi:SubterraneanRose","Koishi:HeartAttack+1","Koishi:ReflexRadar","Koishi:ReflexRadar","Koishi:UnconsciousUprising+1","Koishi:ReleaseOfTheId+1","Koishi:FadingMemory+1","Koishi:GeneticsOfTheUnconscious+1","Koishi:PhilosophyOfTheDespised+1","Koishi:ReflexRadar+1","Koishi:FadingMemory"],"relics":["Koishi:ImaginaryFriend","Darkstone Periapt","Turnip","HornCleat","Lantern","Omamori","Toy Ornithopter","Black Star","Tiny Chest","PreservedInsect","CeramicFish","Koishi:ImperfectMetamorphosis","Happy Flower","Shuriken","Bottled Lightning","Blood Vial","Bag of Marbles","Philosopher\u0027s Stone","InkBottle","Centennial Puzzle","Smiling Mask","Oddly Smooth Stone","Koishi:AHoleWhereASisterShouldBe","Anchor","Pen Nib","Torii","ClockworkSouvenir","Vajra","Boot"],"acts_visited":["Exordium","TheCity","TheBeyond","TheEnding"],"potions_floor_usage":[55,55,55],"damage_taken":[{"damage":0.0,"enemies":"Small Slimes","floor":1.0,"turns":3.0},{"damage":0.0,"enemies":"2 Louse","floor":4.0,"turns":2.0},{"damage":0.0,"enemies":"Gremlin Nob","floor":7.0,"turns":3.0},{"damage":2.0,"enemies":"Lagavulin","floor":11.0,"turns":5.0},{"damage":0.0,"enemies":"Cultist","floor":12.0,"turns":2.0},{"damage":0.0,"enemies":"Gremlin Nob","floor":14.0,"turns":3.0},{"damage":9.0,"enemies":"Hexaghost","floor":16.0,"turns":8.0},{"damage":0.0,"enemies":"Shell Parasite","floor":18.0,"turns":3.0},{"damage":0.0,"enemies":"Spheric Guardian","floor":19.0,"turns":3.0},{"damage":0.0,"enemies":"Slavers","floor":23.0,"turns":1.0},{"damage":8.0,"enemies":"Gremlin Leader","floor":25.0,"turns":4.0},{"damage":0.0,"enemies":"Slavers","floor":27.0,"turns":3.0},{"damage":11.0,"enemies":"Book of Stabbing","floor":29.0,"turns":2.0},{"damage":0.0,"enemies":"Snecko","floor":30.0,"turns":3.0},{"damage":30.0,"enemies":"Collector","floor":33.0,"turns":7.0},{"damage":7.0,"enemies":"Orb Walker","floor":35.0,"turns":3.0},{"damage":9.0,"enemies":"3 Darklings","floor":36.0,"turns":2.0},{"damage":0.0,"enemies":"Spire Growth","floor":38.0,"turns":4.0},{"damage":2.0,"enemies":"Nemesis","floor":41.0,"turns":3.0},{"damage":0.0,"enemies":"Reptomancer","floor":44.0,"turns":3.0},{"damage":4.0,"enemies":"Writhing Mass","floor":45.0,"turns":2.0},{"damage":0.0,"enemies":"Nemesis","floor":47.0,"turns":1.0},{"damage":0.0,"enemies":"Donu and Deca","floor":50.0,"turns":3.0},{"damage":0,"enemies":"Shield and Spear","floor":54,"turns":2},{"damage":7,"enemies":"The Heart","floor":55,"turns":4}],"seed_played":"-2762624674611261807","potions_obtained":[{"floor":4.0,"key":"FearPotion"},{"floor":12.0,"key":"Fire Potion"},{"floor":16.0,"key":"Dexterity Potion"},{"floor":19.0,"key":"LiquidMemories"},{"floor":23.0,"key":"DistilledChaos"},{"floor":29.0,"key":"Fruit Juice"},{"floor":41.0,"key":"SpeedPotion"},{"floor":45.0,"key":"SneckoOil"},{"floor":47.0,"key":"PowerPotion"}],"is_trial":false,"path_per_floor":["M","?","?","M","?","R","E","R","T","R","E","M","$","E","R","B",null,"M","M","?","$","?","E","R","E","T","E","?","E","M","$","R","B",null,"M","M","T","M","?","R","E","R","T","E","M","$","E","T","R","B",null,"R","$","E","B",null],"character_chosen":"KOISHI","items_purchased":["Omamori","Koishi:ReflexRadar","Koishi:AHoleWhereASisterShouldBe","ClockworkSouvenir","Swift Potion"],"campfire_rested":0,"item_purchase_floors":[13,31,46,53,53],"current_hp_per_floor":[54,47,47,48,37,37,39,39,39,39,39,39,39,41,41,34,49,54,54,54,54,45,50,50,42,42,47,47,46,50,50,50,22,54,51,44,44,48,74,74,72,72,72,74,70,70,72,72,72,74,74,74,74,74,67],"gold":109,"neow_bonus":"THREE_RARE_CARDS","is_daily":false,"chose_seed":false,"campfire_upgraded":9,"win_rate":0.0,"timestamp":1609318028,"path_taken":["M","?","?","?","?","R","E","R","T","R","E","M","?","E","R","BOSS","M","M","?","$","?","E","R","E","T","E","?","E","?","?","R","BOSS","M","M","?","?","?","R","E","R","T","E","?","$","E","?","R","BOSS","R","$","E","BOSS"],"items_purchased_type":["Relic","Card","Relic","Relic","Potion"],"build_version":"2020-11-30","purchased_purges":4,"victory":true,"max_hp_per_floor":[54,54,54,54,54,54,54,54,54,54,54,54,54,54,54,54,54,54,54,54,54,59,59,59,59,59,59,59,64,64,64,64,64,64,64,64,64,64,74,74,74,74,74,74,74,74,74,74,74,74,74,74,74,74,74],"relic_stats":{"Darkstone Periapt":0,"Happy Flower":[14],"Torii":0,"counters":[25,79],"CeramicFish":108,"PreservedInsect":369,"Pen Nib":[2],"Smiling Mask":175,"Boot":[0],"Blood Vial":16,"Centennial Puzzle":[2],"Shuriken":[6],"Tiny Chest":2,"Turnip":[10],"Black Star":8,"obtain_stats":[{"Darkstone Periapt":2,"Lantern":11,"Torii":48,"CeramicFish":25,"Vajra":54,"Smiling Mask":43,"Boot":54,"ClockworkSouvenir":53,"Blood Vial":29,"Centennial Puzzle":41,"HornCleat":9,"Tiny Chest":23,"Philosopher\u0027s Stone":34,"Koishi:ImperfectMetamorphosis":25,"Koishi:AHoleWhereASisterShouldBe":46,"InkBottle":41,"Happy Flower":26,"Oddly Smooth Stone":44,"PreservedInsect":23,"Pen Nib":47,"Omamori":13,"keyreminder:keyreminder":7,"Anchor":47,"Shuriken":27,"Turnip":7,"Black Star":17,"Bag of Marbles":29,"Bottled Lightning":27,"Toy Ornithopter":14,"Koishi:ImaginaryFriend":0},{"Darkstone Periapt":1,"Lantern":4,"Torii":22,"CeramicFish":11,"Vajra":24,"Smiling Mask":19,"Boot":24,"ClockworkSouvenir":23,"Blood Vial":13,"Centennial Puzzle":19,"HornCleat":3,"Tiny Chest":10,"Philosopher\u0027s Stone":15,"Koishi:ImperfectMetamorphosis":11,"Koishi:AHoleWhereASisterShouldBe":21,"InkBottle":19,"Happy Flower":11,"Oddly Smooth Stone":20,"PreservedInsect":10,"Pen Nib":22,"Omamori":5,"keyreminder:keyreminder":3,"Anchor":22,"Shuriken":12,"Turnip":3,"Black Star":7,"Bag of Marbles":13,"Bottled Lightning":12,"Toy Ornithopter":6,"Koishi:ImaginaryFriend":0},{"Darkstone Periapt":3,"Lantern":13,"Torii":70,"CeramicFish":37,"Vajra":75,"Smiling Mask":64,"Boot":75,"ClockworkSouvenir":73,"Blood Vial":42,"Centennial Puzzle":64,"HornCleat":8,"Tiny Chest":33,"Philosopher\u0027s Stone":52,"Koishi:ImperfectMetamorphosis":37,"Koishi:AHoleWhereASisterShouldBe":69,"InkBottle":64,"Happy Flower":37,"Oddly Smooth Stone":67,"PreservedInsect":33,"Pen Nib":70,"Omamori":15,"keyreminder:keyreminder":8,"Anchor":70,"Shuriken":40,"Turnip":8,"Black Star":26,"Bag of Marbles":42,"Bottled Lightning":40,"Toy Ornithopter":18,"Koishi:ImaginaryFriend":0}],"Toy Ornithopter":20,"InkBottle":[6]},"card_choices":[{"not_picked":["Koishi:FadingMemory","Koishi:HeartStoppingHorror"],"picked":"Koishi:MentalBreakdown","floor":0.0},{"not_picked":["Koishi:CatchAndRose","Koishi:ParalyzingFear","Koishi:JumpScare"],"picked":"SKIP","floor":1.0},{"not_picked":["Koishi:FleetingPhantom","Koishi:BloodcurdlingScream"],"picked":"Koishi:HeartAttack","floor":4.0},{"not_picked":["Koishi:IdleWhim","Koishi:MindStellarRelief"],"picked":"Koishi:PhilosophyOfTheDespised","floor":7.0},{"not_picked":["Koishi:EmbryosDream","Koishi:HeartfeltFancy"],"picked":"Koishi:SprinkleStarAndHeart","floor":11.0},{"not_picked":["Koishi:VengefulSpirit","Koishi:SpiritedAway"],"picked":"Koishi:ReflexRadar","floor":12.0},{"not_picked":["Koishi:MindNumbingTerror","Koishi:BloodcurdlingScream","Koishi:Catatonia"],"picked":"SKIP","floor":14.0},{"not_picked":["Koishi:GrowingPain","Koishi:RuptureMind"],"picked":"Koishi:MentalBreakdown","floor":16.0},{"not_picked":["Koishi:VengefulSpirit","Koishi:PhantomBarrier+1"],"picked":"Koishi:MassHysteria","floor":18.0},{"not_picked":["Koishi:FidgetySnatcher","Koishi:DreadfulBlow"],"picked":"Koishi:MassHysteria+1","floor":19.0},{"not_picked":["Koishi:FleetingPhantom+1","Koishi:SpiritedAway","Koishi:CatchAndRose"],"picked":"SKIP","floor":23.0},{"not_picked":["Koishi:CatchAndRose","Koishi:UnansweredLove"],"picked":"Koishi:SubterraneanRose","floor":25.0},{"not_picked":["Koishi:PhantomBarrier","Koishi:SpiritedAway","Koishi:MassHysteria"],"picked":"SKIP","floor":27.0},{"not_picked":["Koishi:BloodcurdlingScream","Koishi:MentalBreakdown"],"picked":"Koishi:ReflexRadar","floor":29.0},{"not_picked":["Koishi:ParalyzingFear+1","Koishi:DreadfulBlow+1","Koishi:HeartfeltFancy"],"picked":"SKIP","floor":30.0},{"not_picked":["Koishi:SpiritedAway","Koishi:PhantomStrike"],"picked":"Koishi:UnconsciousUprising+1","floor":35.0},{"not_picked":["Koishi:Prune+1","Koishi:UnconsciousUprising+1"],"picked":"Koishi:ReleaseOfTheId","floor":36.0},{"not_picked":["Koishi:DreadfulBlow","Koishi:ParalyzingFear","Koishi:StrangeCloudFist"],"picked":"SKIP","floor":38.0},{"not_picked":["Koishi:TerrifyingSpectre","Koishi:Prune+1"],"picked":"Koishi:FadingMemory","floor":41.0},{"not_picked":["Koishi:SubterraneanRose","Koishi:PhantomBarrier"],"picked":"Koishi:GeneticsOfTheUnconscious+1","floor":44.0},{"not_picked":["Koishi:Jaunt","Koishi:UnconsciousUrges+1"],"picked":"Koishi:PhilosophyOfTheDespised+1","floor":45.0},{"not_picked":["Koishi:DreadfulBlow","Koishi:ApparitionsStalkTheNight+1"],"picked":"Koishi:ReflexRadar+1","floor":47.0},{"not_picked":["Koishi:CatchAndRose","Koishi:FidgetySnatcher"],"picked":"Koishi:FadingMemory","floor":54}],"player_experience":844654,"relics_obtained":[{"floor":7.0,"key":"Turnip"},{"floor":9.0,"key":"HornCleat"},{"floor":11.0,"key":"Lantern"},{"floor":14.0,"key":"Toy Ornithopter"},{"floor":23.0,"key":"Tiny Chest"},{"floor":23.0,"key":"PreservedInsect"},{"floor":25.0,"key":"CeramicFish"},{"floor":25.0,"key":"Koishi:ImperfectMetamorphosis"},{"floor":26.0,"key":"Happy Flower"},{"floor":27.0,"key":"Shuriken"},{"floor":27.0,"key":"Bottled Lightning"},{"floor":29.0,"key":"Blood Vial"},{"floor":29.0,"key":"Bag of Marbles"},{"floor":41.0,"key":"InkBottle"},{"floor":41.0,"key":"Centennial Puzzle"},{"floor":43.0,"key":"Smiling Mask"},{"floor":44.0,"key":"Oddly Smooth Stone"},{"floor":47.0,"key":"Anchor"},{"floor":47.0,"key":"Pen Nib"},{"floor":48.0,"key":"Torii"},{"floor":54,"key":"Vajra"},{"floor":54,"key":"Boot"}],"event_choices":[{"damage_healed":0.0,"max_hp_gain":0.0,"max_hp_loss":0.0,"gold_gain":0.0,"event_name":"Scrap Ooze","player_choice":"Success","floor":2.0,"gold_loss":0.0,"damage_taken":7.0,"relics_obtained":["Darkstone Periapt"]},{"cards_removed":["Koishi:BasicStrike"],"damage_healed":0.0,"max_hp_gain":0.0,"max_hp_loss":0.0,"gold_gain":0.0,"event_name":"Purifier","player_choice":"Purged","floor":3.0,"gold_loss":0.0,"damage_taken":0.0},{"damage_healed":0.0,"max_hp_gain":0.0,"max_hp_loss":0.0,"gold_gain":0.0,"event_name":"Shining Light","player_choice":"Entered Light","floor":5.0,"gold_loss":0.0,"damage_taken":11.0,"cards_upgraded":["Koishi:BasicStrike","Koishi:HauntingSlash"]},{"damage_healed":0.0,"max_hp_gain":0.0,"max_hp_loss":0.0,"gold_gain":0.0,"event_name":"Vampires","player_choice":"Ignored","floor":20.0,"gold_loss":0.0,"damage_taken":0.0},{"damage_healed":0.0,"max_hp_gain":5.0,"max_hp_loss":0.0,"gold_gain":0.0,"event_name":"Forgotten Altar","player_choice":"Shed Blood","floor":22.0,"gold_loss":0.0,"damage_taken":14.0},{"damage_healed":0.0,"max_hp_gain":0.0,"max_hp_loss":0.0,"gold_gain":0.0,"event_name":"The Woman in Blue","player_choice":"Bought 0 Potions","floor":28.0,"gold_loss":0.0,"damage_taken":0.0},{"cards_removed":["Koishi:MentalBreakdown"],"damage_healed":16.0,"max_hp_gain":10.0,"max_hp_loss":0.0,"gold_gain":0.0,"event_name":"Bonfire Elementals","player_choice":"Offered Rare","floor":39.0,"gold_loss":0.0,"damage_taken":0.0}],"is_beta":false,"boss_relics":[{"not_picked":["Astrolabe","Sozu"],"picked":"Black Star"},{"not_picked":["Koishi:ColorfulDays","Busted Crown"],"picked":"Philosopher\u0027s Stone"}],"items_purged_floors":[21,31,46,53],"is_endless":false,"potions_floor_spawned":[4,12,16,19,23,29,41,45,47,54],"ascension_level":10}}