{"host":"qxeepl7ydvsgmfdb","time":1609335704,"event":{"mods":["AchievementEnabler","BaseMod","Colored Powertips","Minty Spire (QoL Compilation)","Quick Restart","slay the spire mod where everything is the same but ironclad has a cowboy hat"],"gold_per_floor":[115,129,129,129,304,343,357,387,414,117,117,142,157,177,177,298,298,323,323,323,69,69,69,69,92,174,174,174,195,120,134,134,254,254,277,292,355,368,391,391,118,118,118,118,118,118,118,133,133,133],"floor_reached":51,"playtime":1245,"items_purged":["Doubt","Regret"],"score":695,"play_id":"fa7a40e0-0322-4b5d-959f-31cfae641e2e","local_time":"20201230084144","is_ascension_mode":false,"campfire_choices":[{"floor":15.0,"key":"REST"},{"data":"Defragment","floor":23.0,"key":"SMITH"},{"data":"Zap","floor":27.0,"key":"SMITH"},{"floor":32.0,"key":"REST"},{"floor":40.0,"key":"REST"},{"data":"Defragment","floor":42.0,"key":"SMITH"},{"floor":49.0,"key":"REST"}],"circlet_count":0,"master_deck":["Strike_B+1","Strike_B+1","Defend_B+1","Defend_B+1","Defend_B+1","Defend_B+1","Zap+1","Dualcast","Defragment+1","Chaos+1","Redo+1","Darkness+1","BootSequence","Electrodynamics","Ball Lightning","Defragment+1","Melter+1","Darkness+1","Redo+1","Ball Lightning","Redo+1"],"relics":["Cracked Core","NeowsBlessing","Golden Idol","Vajra","Juzu Bracelet","Blood Vial","Anchor","Bronze Scales","Inserter","Enchiridion","Regal Pillow","MutagenicStrength","Meat on the Bone","Nuclear Battery","Lizard Tail","Membership Card","Pantograph","Mummified Hand"],"acts_visited":["Exordium","TheCity","TheBeyond"],"potions_floor_usage":[50,50,50],"damage_taken":[{"damage":0.0,"enemies":"Jaw Worm","floor":1.0,"turns":1.0},{"damage":0.0,"enemies":"2 Louse","floor":2.0,"turns":1.0},{"damage":0.0,"enemies":"Lagavulin","floor":6.0,"turns":1.0},{"damage":0.0,"enemies":"Small Slimes","floor":7.0,"turns":4.0},{"damage":15.0,"enemies":"2 Fungi Beasts","floor":12.0,"turns":3.0},{"damage":7.0,"enemies":"Looter","floor":13.0,"turns":3.0},{"damage":2.0,"enemies":"Lots of Slimes","floor":14.0,"turns":3.0},{"damage":19.0,"enemies":"Slime Boss","floor":16.0,"turns":9.0},{"damage":8.0,"enemies":"3 Byrds","floor":18.0,"turns":2.0},{"damage":2.0,"enemies":"Spheric Guardian","floor":25.0,"turns":3.0},{"damage":22.0,"enemies":"Snake Plant","floor":29.0,"turns":2.0},{"damage":8.0,"enemies":"Snecko","floor":31.0,"turns":4.0},{"damage":42.0,"enemies":"Automaton","floor":33.0,"turns":5.0},{"damage":0.0,"enemies":"3 Shapes","floor":35.0,"turns":6.0},{"damage":17.0,"enemies":"3 Darklings","floor":36.0,"turns":4.0},{"damage":0.0,"enemies":"Mind Bloom Boss Battle","floor":37.0,"turns":5.0},{"damage":23.0,"enemies":"Maw","floor":38.0,"turns":6.0},{"damage":37.0,"enemies":"Writhing Mass","floor":39.0,"turns":4.0},{"damage":35.0,"enemies":"Jaw Worm Horde","floor":48.0,"turns":4.0},{"damage":105,"enemies":"Awakened One","floor":50,"turns":9}],"seed_played":"-4080892584115608523","potions_obtained":[{"floor":1.0,"key":"SpeedPotion"},{"floor":6.0,"key":"Weak Potion"},{"floor":7.0,"key":"Weak Potion"},{"floor":25.0,"key":"ColorlessPotion"},{"floor":33.0,"key":"FearPotion"},{"floor":36.0,"key":"SpeedPotion"}],"is_trial":false,"path_per_floor":["M","M","?","?","?","E","M","?","T","$","?","M","M","M","R","B",null,"M","?","?","$","?","R","?","M","T","R","?","M","?","M","R","B",null,"M","M","?","M","M","R","$","R","T","?","?","?","?","M","R","B",null],"character_chosen":"DEFECT","items_purchased":["Anchor","Darkness","Regal Pillow","Membership Card","Pantograph"],"campfire_rested":4,"item_purchase_floors":[10,10,21,41,41],"current_hp_per_floor":[75,75,60,42,42,42,42,42,42,42,42,29,24,24,46,29,75,67,67,51,51,51,51,51,51,51,51,37,29,29,35,74,46,80,80,63,65,44,21,60,60,60,60,60,60,60,60,39,78,52],"gold":133,"neow_bonus":"THREE_ENEMY_KILL","is_daily":false,"chose_seed":false,"campfire_upgraded":3,"win_rate":0.0,"timestamp":1609335704,"path_taken":["M","M","?","?","?","E","M","?","T","$","?","M","M","M","R","BOSS","M","?","?","$","?","R","?","M","T","R","?","M","?","M","R","BOSS","M","M","?","M","M","R","$","R","T","?","?","?","?","M","R","BOSS"],"items_purchased_type":["Relic","Card","Relic","Relic","Relic"],"build_version":"2020-12-22","purchased_purges":2,"victory":true,"max_hp_per_floor":[75,75,75,75,75,75,75,75,75,75,75,75,75,75,75,75,75,75,75,75,75,75,75,75,75,75,75,80,80,80,80,80,80,80,80,80,80,80,80,80,80,80,80,80,80,80,80,80,80,80],"card_choices":[{"not_picked":["Loop","Chill"],"picked":"Defragment","floor":1.0},{"not_picked":["Lockon","Recycle"],"picked":"Chaos","floor":2.0},{"not_picked":["Glacier","Reprogram","Coolheaded"],"picked":"SKIP","floor":6.0},{"not_picked":["Hologram","Genetic Algorithm"],"picked":"Redo","floor":7.0},{"not_picked":["Darkness","Echo Form","Skim"],"picked":"SKIP","floor":12.0},{"not_picked":["Hologram","Go for the Eyes"],"picked":"BootSequence","floor":13.0},{"not_picked":["Conserve Battery","Coolheaded","Gash"],"picked":"SKIP","floor":14.0},{"not_picked":["Buffer","Echo Form"],"picked":"Electrodynamics","floor":16.0},{"not_picked":["Conserve Battery+1","Storm"],"picked":"Ball Lightning","floor":18.0},{"not_picked":["Hologram","Coolheaded","FTL"],"picked":"SKIP","floor":25.0},{"not_picked":["Leap","Coolheaded+1"],"picked":"Melter+1","floor":29.0},{"not_picked":["Steam","Barrage"],"picked":"Darkness+1","floor":31.0},{"not_picked":["Streamline","Hologram+1","Gash"],"picked":"SKIP","floor":35.0},{"not_picked":["Conserve Battery+1","Loop"],"picked":"Redo+1","floor":36.0},{"not_picked":["Tempest","Rebound"],"picked":"Ball Lightning","floor":38.0},{"not_picked":["Darkness+1","Buffer"],"picked":"Redo+1","floor":39.0},{"not_picked":["Skim","Sweeping Beam+1","Darkness"],"picked":"SKIP","floor":48.0}],"player_experience":322491,"relics_obtained":[{"floor":6.0,"key":"Vajra"},{"floor":9.0,"key":"Blood Vial"},{"floor":20.0,"key":"Enchiridion"},{"floor":26.0,"key":"Meat on the Bone"},{"floor":37.0,"key":"Lizard Tail"},{"floor":43.0,"key":"Mummified Hand"}],"event_choices":[{"damage_healed":0.0,"max_hp_gain":0.0,"max_hp_loss":0.0,"gold_gain":0.0,"event_name":"Shining Light","player_choice":"Entered Light","floor":3.0,"gold_loss":0.0,"damage_taken":15.0,"cards_upgraded":["Chaos","Defend_B"]},{"damage_healed":0.0,"max_hp_gain":0.0,"max_hp_loss":0.0,"gold_gain":0.0,"event_name":"Golden Idol","player_choice":"Take Damage","floor":4.0,"gold_loss":0.0,"damage_taken":18.0,"relics_obtained":["Golden Idol"]},{"damage_healed":0.0,"max_hp_gain":0.0,"max_hp_loss":0.0,"gold_gain":175.0,"event_name":"Liars Game","player_choice":"AGREE","floor":5.0,"gold_loss":0.0,"damage_taken":0.0,"cards_obtained":["Doubt"]},{"damage_healed":0.0,"max_hp_gain":0.0,"max_hp_loss":0.0,"gold_gain":30.0,"event_name":"Dead Adventurer","player_choice":"Searched \u00272\u0027 times","floor":8.0,"gold_loss":0.0,"damage_taken":0.0,"relics_obtained":["Juzu Bracelet"]},{"damage_healed":0.0,"max_hp_gain":0.0,"max_hp_loss":0.0,"gold_gain":0.0,"event_name":"Big Fish","player_choice":"Box","floor":11.0,"gold_loss":0.0,"damage_taken":0.0,"relics_obtained":["Bronze Scales"],"cards_obtained":["Regret"]},{"damage_healed":0.0,"max_hp_gain":0.0,"max_hp_loss":0.0,"gold_gain":0.0,"event_name":"Back to Basics","player_choice":"Simplicity","floor":19.0,"gold_loss":0.0,"damage_taken":0.0,"cards_upgraded":["Strike_B","Strike_B","Strike_B","Strike_B","Defend_B","Defend_B","Defend_B"]},{"damage_healed":0.0,"max_hp_gain":0.0,"max_hp_loss":0.0,"gold_gain":0.0,"event_name":"Cursed Tome","player_choice":"Obtained Book","floor":20.0,"gold_loss":0.0,"damage_taken":16.0},{"damage_healed":0.0,"max_hp_gain":0.0,"max_hp_loss":0.0,"gold_gain":0.0,"event_name":"Duplicator","player_choice":"Copied","floor":22.0,"gold_loss":0.0,"damage_taken":0.0,"cards_obtained":["Defragment"]},{"damage_healed":0.0,"max_hp_gain":0.0,"max_hp_loss":0.0,"gold_gain":0.0,"event_name":"Drug Dealer","player_choice":"Inject Mutagens","floor":24.0,"gold_loss":0.0,"damage_taken":0.0,"relics_obtained":["MutagenicStrength"]},{"damage_healed":0.0,"max_hp_gain":5.0,"max_hp_loss":0.0,"gold_gain":0.0,"event_name":"Forgotten Altar","player_choice":"Shed Blood","floor":28.0,"gold_loss":0.0,"damage_taken":19.0},{"cards_removed":["Strike_B"],"damage_healed":0.0,"max_hp_gain":0.0,"max_hp_loss":0.0,"gold_gain":0.0,"event_name":"Beggar","player_choice":"Gave Gold","floor":30.0,"gold_loss":75.0,"damage_taken":0.0},{"damage_healed":0.0,"max_hp_gain":0.0,"max_hp_loss":0.0,"gold_gain":0.0,"event_name":"MindBloom","player_choice":"Fight","floor":37.0,"gold_loss":0.0,"damage_taken":0.0},{"damage_healed":0.0,"max_hp_gain":0.0,"max_hp_loss":0.0,"gold_gain":0.0,"event_name":"Accursed Blacksmith","player_choice":"Forge","floor":44.0,"gold_loss":0.0,"damage_taken":0.0,"cards_upgraded":["Redo"]},{"damage_healed":0.0,"max_hp_gain":0.0,"max_hp_loss":0.0,"gold_gain":0.0,"event_name":"SensoryStone","player_choice":"Memory 1","floor":45.0,"gold_loss":0.0,"damage_taken":0.0},{"cards_removed":["Strike_B"],"damage_healed":0.0,"max_hp_gain":0.0,"max_hp_loss":0.0,"gold_gain":0.0,"event_name":"Falling","player_choice":"Removed Attack","floor":46.0,"gold_loss":0.0,"damage_taken":0.0},{"damage_healed":0.0,"max_hp_gain":0.0,"max_hp_loss":0.0,"gold_gain":0.0,"event_name":"Upgrade Shrine","player_choice":"Upgraded","floor":47.0,"gold_loss":0.0,"damage_taken":0.0,"cards_upgraded":["Darkness"]}],"is_beta":false,"boss_relics":[{"not_picked":["Cursed Key","Philosopher\u0027s Stone"],"picked":"Inserter"},{"not_picked":["Busted Crown","SacredBark"],"picked":"Nuclear Battery"}],"items_purged_floors":[10,21],"is_endless":false,"potions_floor_spawned":[1,6,7,14,25,33,36,37],"ascension_level":0}}