{"host":"raai0vtvcfkt8csp","time":1609295811,"event":{"mods":["2.2 Compatiblity","AchievementEnabler","BaseMod","Block Reminder","DeckTracker","Defective Defect","GifTheSpireLib","Minty Spire (QoL Compilation)","Quick Restart","Random Character Button","Rare Cards Sparkle","StSLib","Unceasing Turn Reminder"],"gold_per_floor":[114,126,126,21,40,72,91,91,91],"floor_reached":8,"playtime":248,"items_purged":[],"score":61,"play_id":"f4da722a-2040-4dea-806e-5f2d5cbc5c40","local_time":"20201230033651","is_ascension_mode":true,"campfire_choices":[],"circlet_count":0,"master_deck":["Strike_P","Strike_P","Strike_P","Strike_P","Defend_P","Defend_P","Defend_P","Defend_P","Eruption","Vigilance","Protect","PathToVictory","PathToVictory","Evaluate","DeceiveReality","Prostrate","BattleHymn"],"relics":["PureWater","NeowsBlessing","Omamori"],"acts_visited":["Exordium"],"potions_floor_usage":[8],"damage_taken":[{"damage":0,"enemies":"Cultist","floor":1,"turns":1},{"damage":0,"enemies":"Small Slimes","floor":2,"turns":1},{"damage":0,"enemies":"2 Louse","floor":5,"turns":1},{"damage":7,"enemies":"Lagavulin","floor":6,"turns":7},{"damage":3,"enemies":"Large Slime","floor":7,"turns":4},{"damage":103,"enemies":"Gremlin Nob","floor":8,"turns":4}],"seed_played":"2740352297166669755","potions_obtained":[{"floor":2,"key":"BlessingOfTheForge"},{"floor":6,"key":"EssenceOfSteel"},{"floor":7,"key":"StancePotion"}],"is_trial":false,"path_per_floor":["M","M","T","$","M","E","M","E"],"character_chosen":"WATCHER","items_purchased":["PathToVictory","Evaluate"],"campfire_rested":0,"item_purchase_floors":[4,4],"current_hp_per_floor":[72,72,72,72,72,65,62,0,0],"gold":91,"neow_bonus":"THREE_ENEMY_KILL","is_daily":false,"chose_seed":false,"campfire_upgraded":0,"win_rate":0.0,"timestamp":1609295811,"path_taken":["M","M","?","$","?","E","M","E"],"items_purchased_type":["Card","Card"],"build_version":"2020-12-22","purchased_purges":0,"victory":false,"max_hp_per_floor":[72,72,72,72,72,72,72,72,72],"card_choices":[{"not_picked":["Consecrate","Weave"],"picked":"Protect","floor":1},{"not_picked":["Crescendo","Protect"],"picked":"PathToVictory","floor":2},{"not_picked":["Indignation","Worship"],"picked":"DeceiveReality","floor":5},{"not_picked":["FearNoEvil","Crescendo"],"picked":"Prostrate","floor":6},{"not_picked":["FlurryOfBlows","BowlingBash"],"picked":"BattleHymn","floor":7}],"player_experience":515921,"relics_obtained":[{"floor":6,"key":"Omamori"}],"event_choices":[],"is_beta":false,"boss_relics":[],"items_purged_floors":[],"is_endless":false,"potions_floor_spawned":[2,6,7],"killed_by":"Gremlin Nob","ascension_level":1}}