{"host":"vucub2jtaeo9vgh1","time":1609334901,"event":{"mods":["BaseMod","BetterRewards","Minty Spire (QoL Compilation)","Quick Restart","StSLib","The Marked"],"gold_per_floor":[115,132,144,319,319,352,352,67,90,108,122,155,155,55,55,155,155,175,187,137,149,24,57,57,57,83,109,123,135,147,165,165,267,267,287,287,304,304,319,319,348,348,348,348,359,9,9,28,28,28],"floor_reached":51,"playtime":2038,"items_purged":["Doubt","theMarked:Strike","theMarked:Strike","theMarked:Strike"],"score":1029,"play_id":"f6c969c0-0f10-41c6-bcfb-ab3ee85799b9","local_time":"20201230142821","is_ascension_mode":false,"campfire_choices":[{"floor":7.0,"key":"REST"},{"floor":13.0,"key":"REST"},{"data":"theMarked:Static","floor":15.0,"key":"SMITH"},{"floor":24.0,"key":"REST"},{"floor":32.0,"key":"REST"},{"floor":40.0,"key":"REST"},{"floor":44.0,"key":"REST"},{"data":"theMarked:Challenge","floor":47.0,"key":"SMITH"},{"floor":49.0,"key":"REST"}],"circlet_count":0,"master_deck":["theMarked:Strike+1","theMarked:Defend","theMarked:Defend","theMarked:Defend","theMarked:Defend","theMarked:SoldierOfQuellstein","theMarked:Overcharge","theMarked:GodGivenPower","theMarked:RepellingDischarge","theMarked:CreepingChasm","theMarked:PowerFlow","theMarked:Aftermath","theMarked:Static+1","theMarked:GodGivenPower","theMarked:StartUp+1","theMarked:Challenge+1","theMarked:Electrocute+1","theMarked:ElectricStrings+1","theMarked:RepellingDischarge"],"relics":["theMarked:ArtifactOfAir","FossilizedHelix","Bronze Scales","theMarked:VonisonLock","Pocketwatch","Orichalcum","Regal Pillow","Ancient Tea Set","Bag of Preparation","Philosopher\u0027s Stone","StrikeDummy","theMarked:Gun","Busted Crown","CaptainsWheel","Whetstone","theMarked:Winder"],"acts_visited":["Exordium","TheCity","TheBeyond"],"potions_floor_usage":[50],"damage_taken":[{"damage":0.0,"enemies":"Cultist","floor":1.0,"turns":3.0},{"damage":2.0,"enemies":"Jaw Worm","floor":2.0,"turns":4.0},{"damage":0.0,"enemies":"Small Slimes","floor":3.0,"turns":2.0},{"damage":0.0,"enemies":"Gremlin Nob","floor":6.0,"turns":3.0},{"damage":0.0,"enemies":"Exordium Wildlife","floor":10.0,"turns":4.0},{"damage":0.0,"enemies":"3 Louse","floor":11.0,"turns":3.0},{"damage":9.0,"enemies":"3 Sentries","floor":12.0,"turns":4.0},{"damage":28.0,"enemies":"Hexaghost","floor":16.0,"turns":4.0},{"damage":0.0,"enemies":"Chosen","floor":18.0,"turns":3.0},{"damage":12.0,"enemies":"2 Thieves","floor":19.0,"turns":3.0},{"damage":1.0,"enemies":"Centurion and Healer","floor":21.0,"turns":4.0},{"damage":20.0,"enemies":"Book of Stabbing","floor":23.0,"turns":3.0},{"damage":25.0,"enemies":"Slavers","floor":27.0,"turns":6.0},{"damage":0.0,"enemies":"Snake Plant","floor":28.0,"turns":2.0},{"damage":8.0,"enemies":"Snecko","floor":29.0,"turns":4.0},{"damage":9.0,"enemies":"Centurion and Healer","floor":30.0,"turns":3.0},{"damage":5.0,"enemies":"Snake Plant","floor":31.0,"turns":4.0},{"damage":7.0,"enemies":"Champ","floor":33.0,"turns":6.0},{"damage":10.0,"enemies":"3 Shapes","floor":35.0,"turns":4.0},{"damage":35.0,"enemies":"3 Darklings","floor":37.0,"turns":4.0},{"damage":14.0,"enemies":"Jaw Worm Horde","floor":39.0,"turns":4.0},{"damage":35.0,"enemies":"Nemesis","floor":41.0,"turns":7.0},{"damage":0.0,"enemies":"Spire Growth","floor":45.0,"turns":4.0},{"damage":0.0,"enemies":"Maw","floor":48.0,"turns":5.0},{"damage":0,"enemies":"Awakened One","floor":50,"turns":7}],"seed_played":"-2272498952376567721","potions_obtained":[{"floor":3.0,"key":"SkillPotion"},{"floor":10.0,"key":"CultistPotion"},{"floor":12.0,"key":"Explosive Potion"},{"floor":16.0,"key":"Strength Potion"},{"floor":18.0,"key":"Dexterity Potion"},{"floor":21.0,"key":"SkillPotion"},{"floor":27.0,"key":"AttackPotion"},{"floor":30.0,"key":"GamblersBrew"},{"floor":33.0,"key":"Swift Potion"},{"floor":39.0,"key":"SneckoOil"},{"floor":45.0,"key":"FairyPotion"},{"floor":48.0,"key":"DistilledChaos"}],"is_trial":false,"path_per_floor":["M","M","M","?","?","E","R","$","T","M","M","E","R","$","R","B",null,"M","M","?","M","$","E","R","$","T","E","M","M","M","M","R","B",null,"M","?","M","?","M","R","E","?","T","R","M","$","R","M","R","B",null],"character_chosen":"THE_DEFAULT","items_purchased":["theMarked:Overcharge","theMarked:GodGivenPower","theMarked:RepellingDischarge","theMarked:Static","Regal Pillow","theMarked:RepellingDischarge","theMarked:Winder"],"campfire_rested":7,"item_purchase_floors":[0,0,0,8,8,46,46],"current_hp_per_floor":[38,36,36,36,24,24,45,45,45,45,45,36,70,70,70,42,70,70,58,58,57,57,37,70,70,70,45,45,37,28,23,59,52,70,60,60,25,25,11,47,12,12,12,48,48,48,48,48,70,70],"gold":28,"neow_bonus":"","is_daily":false,"chose_seed":false,"campfire_upgraded":2,"win_rate":0.0,"timestamp":1609334901,"path_taken":["M","M","?","?","?","E","R","?","T","M","M","E","R","$","R","BOSS","M","M","?","?","$","E","R","?","T","E","M","M","?","M","R","BOSS","M","?","M","?","?","R","E","?","T","R","M","$","R","M","R","BOSS"],"items_purchased_type":["Card","Card","Card","Card","Relic","Card","Relic"],"build_version":"2020-12-22","purchased_purges":4,"victory":true,"max_hp_per_floor":[70,70,70,70,70,70,70,70,70,70,70,70,70,70,70,70,70,70,70,70,70,70,70,70,70,70,70,70,70,70,70,70,70,70,70,70,70,70,70,70,70,70,70,70,70,70,70,70,70,70],"card_choices":[{"not_picked":["theMarked:ComboAttacks","theMarked:WardOff"],"picked":"theMarked:CreepingChasm","floor":1.0},{"not_picked":["theMarked:Overcharge","theMarked:ParalyzingBlade"],"picked":"theMarked:PowerFlow","floor":2.0},{"not_picked":["theMarked:Parkour","theMarked:Frustration"],"picked":"theMarked:Aftermath","floor":3.0},{"not_picked":["theMarked:Frustration","theMarked:EmpowerWeapon","theMarked:LightningStrikesTwice"],"picked":"SKIP","floor":6.0},{"not_picked":["theMarked:WardOff","theMarked:ShockingTouch"],"picked":"theMarked:GodGivenPower","floor":10.0},{"not_picked":["theMarked:EnhancedHearing","theMarked:Electrocute","theMarked:BanishingStrike"],"picked":"SKIP","floor":11.0},{"not_picked":["theMarked:EmpowerWeapon","theMarked:Overcharge"],"picked":"theMarked:StartUp","floor":12.0},{"not_picked":["theMarked:Frustration","theMarked:EnhanceMovement","theMarked:Aftermath"],"picked":"SKIP","floor":18.0},{"not_picked":["theMarked:RepellingDischarge","theMarked:Parkour","theMarked:Overthink"],"picked":"SKIP","floor":19.0},{"not_picked":["theMarked:ChainLightning","theMarked:WardOff","theMarked:WastefulAttack"],"picked":"SKIP","floor":21.0},{"not_picked":["theMarked:GodGivenPower+1","theMarked:Parkour","theMarked:Improvise"],"picked":"SKIP","floor":23.0},{"not_picked":["theMarked:Aftermath","theMarked:DeterminationOfTheMarked+1"],"picked":"theMarked:Challenge","floor":27.0},{"not_picked":["theMarked:Parkour","theMarked:KeepCalmAndFightOn","theMarked:SwordAndMagic"],"picked":"SKIP","floor":28.0},{"not_picked":["theMarked:GodGivenPower","theMarked:Convert","theMarked:ShockingTouch"],"picked":"SKIP","floor":29.0},{"not_picked":["theMarked:SelfDefenseTraining","theMarked:Frustration"],"picked":"theMarked:Electrocute+1","floor":30.0},{"not_picked":["theMarked:Panic","theMarked:WastefulAttack","theMarked:BanishingStrike"],"picked":"SKIP","floor":31.0},{"not_picked":[],"picked":"theMarked:ElectricStrings+1","floor":35.0},{"not_picked":["theMarked:MysticalArsenal"],"picked":"SKIP","floor":37.0},{"not_picked":["theMarked:Static"],"picked":"SKIP","floor":39.0},{"not_picked":["theMarked:HeightenedSenses"],"picked":"SKIP","floor":41.0},{"not_picked":["theMarked:WardOff"],"picked":"SKIP","floor":45.0},{"not_picked":["theMarked:WastefulAttack"],"picked":"SKIP","floor":48.0}],"player_experience":264798,"relics_obtained":[{"floor":6.0,"key":"Orichalcum"},{"floor":9.0,"key":"Ancient Tea Set"},{"floor":12.0,"key":"Bag of Preparation"},{"floor":23.0,"key":"StrikeDummy"},{"floor":27.0,"key":"theMarked:Gun"},{"floor":41.0,"key":"CaptainsWheel"},{"floor":43.0,"key":"Whetstone"}],"event_choices":[{"damage_healed":0.0,"max_hp_gain":0.0,"max_hp_loss":0.0,"gold_gain":175.0,"event_name":"Liars Game","player_choice":"AGREE","floor":4.0,"gold_loss":0.0,"damage_taken":0.0,"cards_obtained":["Doubt"]},{"damage_healed":0.0,"max_hp_gain":0.0,"max_hp_loss":0.0,"gold_gain":0.0,"event_name":"Scrap Ooze","player_choice":"Success","floor":5.0,"gold_loss":0.0,"damage_taken":12.0,"relics_obtained":["Pocketwatch"]},{"damage_healed":0.0,"max_hp_gain":0.0,"max_hp_loss":0.0,"gold_gain":0.0,"event_name":"The Joust","player_choice":"Bet on Owner","floor":20.0,"gold_loss":50.0,"damage_taken":0.0},{"cards_removed":["theMarked:Strike"],"damage_healed":0.0,"max_hp_gain":0.0,"max_hp_loss":0.0,"gold_gain":0.0,"event_name":"Falling","player_choice":"Removed Attack","floor":36.0,"gold_loss":0.0,"damage_taken":0.0},{"damage_healed":0.0,"max_hp_gain":0.0,"max_hp_loss":0.0,"gold_gain":0.0,"event_name":"Transmorgrifier","player_choice":"Ignored","floor":38.0,"gold_loss":0.0,"damage_taken":0.0},{"damage_healed":0.0,"max_hp_gain":0.0,"max_hp_loss":0.0,"gold_gain":0.0,"event_name":"NoteForYourself","player_choice":"Ignored","floor":42.0,"gold_loss":0.0,"damage_taken":0.0}],"is_beta":false,"boss_relics":[{"not_picked":["Calling Bell","Black Star"],"picked":"Philosopher\u0027s Stone"},{"not_picked":["Fusion Hammer","Runic Dome"],"picked":"Busted Crown"}],"items_purged_floors":[8,14,22,46],"is_endless":false,"potions_floor_spawned":[3,10,12,16,18,21,27,30,33,39,45,48],"ascension_level":0}}