{"host":"4nqeo0vu1vuav7gg","time":1609326404,"event":{"mods":["AchievementEnabler","BaseMod","Block Reminder","Colored Map","Colored Powertips","Highlight Path","Minty Spire (QoL Compilation)","Quick Restart","Rare Cards Sparkle","Relic Relevance Reorder","StSLib"],"gold_per_floor":[112,112,112,129,22,22,32,65,92,92,92,104,133,146,146,223,223,236,236,250,100,100,100],"floor_reached":22,"playtime":582,"items_purged":["Defend_B"],"score":369,"play_id":"aa56f8f4-b34b-4159-9ba3-6db206b83fcb","local_time":"20201230120644","is_ascension_mode":true,"campfire_choices":[{"data":"Sweeping Beam","floor":6.0,"key":"SMITH"},{"floor":10,"key":"REST"},{"floor":15,"key":"REST"}],"circlet_count":0,"master_deck":["AscendersBane","Strike_B+1","Defend_B","Defend_B","Defend_B","Zap","Dualcast","Hyperbeam+1","Sweeping Beam+1","Gash+1","White Noise","Darkness","Go for the Eyes","Electrodynamics","Ball Lightning+1","Defragment","Biased Cognition","Gash+1","Coolheaded","Ball Lightning"],"relics":["Cracked Core","Inserter","Bronze Scales","Regal Pillow","Whetstone"],"acts_visited":["Exordium","TheCity"],"potions_floor_usage":[8,13],"damage_taken":[{"damage":0.0,"enemies":"Small Slimes","floor":1.0,"turns":3.0},{"damage":0.0,"enemies":"2 Louse","floor":4.0,"turns":1.0},{"damage":0.0,"enemies":"Cultist","floor":7.0,"turns":2.0},{"damage":40,"enemies":"Lagavulin","floor":8,"turns":6},{"damage":11,"enemies":"Looter","floor":12,"turns":2},{"damage":11,"enemies":"Gremlin Nob","floor":13,"turns":3},{"damage":14,"enemies":"Red Slaver","floor":14,"turns":1},{"damage":16,"enemies":"Slime Boss","floor":16,"turns":6},{"damage":27,"enemies":"Chosen","floor":18,"turns":6},{"damage":27,"enemies":"Spheric Guardian","floor":20,"turns":4},{"damage":42,"enemies":"Shelled Parasite and Fungi","floor":22,"turns":2}],"seed_played":"-4226070880446332104","potions_obtained":[{"floor":1.0,"key":"FocusPotion"},{"floor":4.0,"key":"SteroidPotion"},{"floor":8,"key":"GamblersBrew"},{"floor":11,"key":"FairyPotion"},{"floor":11,"key":"PowerPotion"},{"floor":20,"key":"PotionOfCapacity"}],"is_trial":false,"path_per_floor":["M","?","?","M","$","R","M","E","T","R","?","M","E","M","R","B",null,"M","?","M","$","M"],"character_chosen":"DEFECT","items_purchased":["Fruit Juice","Coolheaded","Ball Lightning"],"campfire_rested":2,"item_purchase_floors":[5,21,21],"current_hp_per_floor":[64,57,57,57,62,62,62,22,22,59,59,48,37,23,60,44,68,41,41,14,14,0,0],"gold":100,"neow_bonus":"ONE_RANDOM_RARE_CARD","is_daily":false,"chose_seed":false,"campfire_upgraded":1,"win_rate":0.0,"timestamp":1609326404,"path_taken":["M","?","?","?","$","R","M","E","T","R","?","M","E","M","R","BOSS","M","?","M","$","M"],"items_purchased_type":["Potion","Card","Card"],"build_version":"2020-12-22","purchased_purges":1,"victory":false,"max_hp_per_floor":[71,71,71,71,76,76,76,76,76,76,76,76,76,76,76,76,76,76,76,76,76,76,76],"card_choices":[{"not_picked":["Stack","Lockon","Redo"],"picked":"SKIP","floor":1.0},{"not_picked":["Steam","Redo"],"picked":"Sweeping Beam","floor":4.0},{"not_picked":["Coolheaded","Sweeping Beam"],"picked":"Gash","floor":7.0},{"not_picked":["Scrape","Storm","Steam"],"picked":"SKIP","floor":8},{"not_picked":["Aggregate","Hello World"],"picked":"White Noise","floor":12},{"not_picked":["Stack","Rip and Tear"],"picked":"Darkness","floor":13},{"not_picked":["Tempest","Lockon"],"picked":"Go for the Eyes","floor":14},{"not_picked":["Hyperbeam","Reboot"],"picked":"Electrodynamics","floor":16},{"not_picked":["Stack+1","Beam Cell"],"picked":"Ball Lightning+1","floor":18},{"not_picked":["Turbo","Static Discharge"],"picked":"Gash+1","floor":20}],"player_experience":1040729,"relics_obtained":[{"floor":8,"key":"Whetstone"},{"floor":9,"key":"Regal Pillow"},{"floor":13,"key":"Bronze Scales"}],"event_choices":[{"cards_removed":["Strike_B"],"damage_healed":0.0,"max_hp_gain":0.0,"max_hp_loss":0.0,"gold_gain":0.0,"event_name":"Golden Wing","player_choice":"Card Removal","floor":2.0,"gold_loss":0.0,"damage_taken":7.0},{"damage_healed":0.0,"max_hp_gain":0.0,"max_hp_loss":0.0,"gold_gain":0.0,"event_name":"Upgrade Shrine","player_choice":"Upgraded","floor":3.0,"gold_loss":0.0,"damage_taken":0.0,"cards_upgraded":["Hyperbeam"]},{"damage_healed":0,"gold_gain":0,"player_choice":"Got Potions","damage_taken":0,"max_hp_gain":0,"max_hp_loss":0,"event_name":"Lab","floor":11,"gold_loss":0},{"damage_healed":0,"gold_gain":0,"cards_transformed":["Strike_B","Strike_B"],"player_choice":"Became Test Subject","damage_taken":0,"max_hp_gain":0,"max_hp_loss":0,"event_name":"Drug Dealer","floor":19,"gold_loss":0,"cards_obtained":["Defragment","Biased Cognition"]}],"is_beta":false,"boss_relics":[{"not_picked":["Nuclear Battery","SlaversCollar"],"picked":"Inserter"}],"items_purged_floors":[21],"is_endless":false,"potions_floor_spawned":[1,4,8,20],"killed_by":"Shelled Parasite and Fungi","ascension_level":18}}