{"host":"6r341r9cz00j2qc1","time":1609371832,"event":{"mods":["BaseMod","Better Third Choice","Downfall","GungeonMod","Hermit","Lobotomy","LobotomyExtend","Minty Spire (QoL Compilation)","Shop Mod","StSLib"],"gold_per_floor":[117,133,152,152,152,177,177,177,177,10,10,0,14,31,31,136,136,147,166,197,197,197,197],"floor_reached":22,"playtime":1351,"items_purged":[],"score":186,"play_id":"684a6fca-1d8e-4656-9dfd-818a8ebb3efe","local_time":"20201231004352","is_ascension_mode":false,"campfire_choices":[{"data":"hermit:BlackWind","floor":7,"key":"SMITH"},{"data":"hermit:Glare","floor":11,"key":"SMITH"},{"floor":15,"key":"REST"}],"circlet_count":0,"master_deck":["Woodsman","hermit:Strike_Hermit","hermit:Strike_Hermit","hermit:Strike_Hermit","hermit:Strike_Hermit","hermit:Defend_Hermit","hermit:Defend_Hermit","hermit:Defend_Hermit","hermit:Defend_Hermit","hermit:Snapshot","hermit:Covet","OldLady","hermit:GhostlyPresence","MHz","hermit:Glare+1","hermit:PistolWhip","Regret","QueenOfHatred","hermit:BlackWind+1","DemoMod:Invincible+1","Enlightenment","Bloodbath","hermit:Brawl+1","hermit:Midnight","hermit:FromBeyond","hermit:Quickdraw","Wellcheers","hermit:DeadOrAlive","hermit:BodyArmor+1","expansioncontent:Hexaburn","hermit:HeroicBravado"],"relics":["hermit:Momento","CogitoBucket","LetterFromLob","Nunchaku","Frozen Egg 2","Happy Flower","Cursed Key","Logging_r"],"acts_visited":["Exordium","TheCity"],"potions_floor_usage":[6,16],"damage_taken":[{"damage":0,"enemies":"Cultist","floor":1,"turns":3},{"damage":3,"enemies":"Small Slimes","floor":2,"turns":3},{"damage":0,"enemies":"2 Louse","floor":3,"turns":2},{"damage":11,"enemies":"Gremlin Nob","floor":6,"turns":3},{"damage":18,"enemies":"Large Slime","floor":13,"turns":3},{"damage":15,"enemies":"3 Louse","floor":14,"turns":3},{"damage":44,"enemies":"Slime Boss","floor":16,"turns":9},{"damage":29,"enemies":"2 Thieves","floor":18,"turns":4},{"damage":20,"enemies":"Spheric Guardian","floor":19,"turns":4},{"damage":41,"enemies":"3 Cultists","floor":20,"turns":6},{"damage":14,"enemies":"Shelled Parasite and Fungi","floor":22,"turns":2}],"seed_played":"2925405634840580033","potions_obtained":[{"floor":1,"key":"Strength Potion"},{"floor":2,"key":"Fire Potion"}],"is_trial":false,"path_per_floor":["M","M","M","?","?","E","R","E","T","$","R","?","M","M","R","B",null,"M","M","M","?","M"],"character_chosen":"HERMIT","items_purchased":["DemoMod:Invincible+1"],"campfire_rested":1,"item_purchase_floors":[10],"current_hp_per_floor":[75,72,72,72,72,61,61,61,61,61,61,67,49,41,65,28,81,58,38,13,13,0,0],"gold":197,"neow_bonus":"","is_daily":false,"chose_seed":false,"campfire_upgraded":2,"win_rate":0.0,"timestamp":1609371832,"path_taken":["M","M","?","?","?","E","R","E","T","$","R","?","M","M","R","BOSS","M","M","M","?","M"],"items_purchased_type":["Card"],"build_version":"2020-12-22","purchased_purges":0,"victory":false,"max_hp_per_floor":[75,75,75,75,75,75,75,75,75,75,75,81,81,81,81,81,81,81,81,81,81,81,81],"card_choices":[{"not_picked":["PunishingBird","RedShoes","CrumblingArmor"],"picked":"Singing Bowl","floor":1},{"not_picked":["FairyFestival","CherryBlossoms"],"picked":"OldLady","floor":1},{"not_picked":["hermit:Enervate","hermit:CalledShot"],"picked":"hermit:GhostlyPresence","floor":1},{"not_picked":["PunishingBird","WallGazer","SpiderBud"],"picked":"Singing Bowl","floor":2},{"not_picked":["CherryBlossoms","PunishingBird"],"picked":"MHz","floor":2},{"not_picked":["hermit:Ricochet","hermit:Snipe"],"picked":"hermit:Glare","floor":2},{"not_picked":["Bloodbath","CherryBlossoms","SnowQueen"],"picked":"Singing Bowl","floor":3},{"not_picked":["hermit:LowProfile","hermit:CalledShot"],"picked":"hermit:Quickdraw","floor":3},{"not_picked":["GreedKing","ShyLook","DreamingCurrent"],"picked":"Singing Bowl","floor":6},{"not_picked":["CrumblingArmor","OSAHOGD"],"picked":"QueenOfHatred","floor":6},{"not_picked":["hermit:Showdown","hermit:TakeAim+1"],"picked":"hermit:BlackWind","floor":6},{"not_picked":["GreedKing","FieryBird"],"picked":"Bloodbath","floor":13},{"not_picked":["hermit:SprayPray","hermit:LuckOfTheDraw"],"picked":"hermit:Brawl+1","floor":13},{"not_picked":["hermit:BodyArmor","hermit:HighCaliber"],"picked":"hermit:Midnight","floor":14},{"not_picked":["WallGazer","SnowQueen","DreamingCurrent"],"picked":"Singing Bowl","floor":16},{"not_picked":["Alriune","MeatLantern"],"picked":"Woodsman","floor":16},{"not_picked":["hermit:BlackWind","hermit:FinalCanter"],"picked":"hermit:FromBeyond","floor":16},{"not_picked":["CrumblingArmor","SpiderBud","Variant"],"picked":"Singing Bowl","floor":18},{"not_picked":["hermit:Roulette+1","hermit:Dive"],"picked":"hermit:Quickdraw","floor":18},{"not_picked":["MeatLantern","BlackSwan"],"picked":"Wellcheers","floor":19},{"not_picked":["hermit:TrackingShot","hermit:Vantage"],"picked":"hermit:DeadOrAlive","floor":19},{"not_picked":["WallGazer","BlackSwan","MeatLantern"],"picked":"Singing Bowl","floor":20},{"not_picked":["GalaxyChild","BigBadWolf"],"picked":"Mercenary","floor":20},{"not_picked":["hermit:Deadeye+1","hermit:Desperado+1"],"picked":"hermit:BodyArmor+1","floor":20}],"player_experience":444536,"relics_obtained":[{"floor":1,"key":"LetterFromLob"},{"floor":6,"key":"Frozen Egg 2"},{"floor":9,"key":"Happy Flower"}],"event_choices":[{"damage_healed":0,"gold_gain":0,"cards_transformed":["hermit:Quickdraw"],"player_choice":"Change","damage_taken":0,"max_hp_gain":0,"max_hp_loss":0,"event_name":"Living Wall","floor":4,"gold_loss":0,"cards_obtained":["hermit:PistolWhip"]},{"damage_healed":0,"gold_gain":0,"player_choice":"Box","damage_taken":0,"relics_obtained":["Nunchaku"],"max_hp_gain":0,"max_hp_loss":0,"event_name":"Big Fish","floor":5,"gold_loss":0,"cards_obtained":["Regret"]},{"damage_healed":0,"gold_gain":0,"player_choice":"RENOUNCE","damage_taken":10,"max_hp_gain":0,"max_hp_loss":0,"event_name":"betterThird:BetterSerpent","floor":12,"gold_loss":10,"cards_obtained":["Enlightenment"]},{"damage_healed":0,"gold_gain":0,"player_choice":"2 cards matched","damage_taken":0,"max_hp_gain":0,"max_hp_loss":0,"event_name":"Match and Keep!","floor":21,"gold_loss":0,"cards_obtained":["expansioncontent:Hexaburn","hermit:HeroicBravado"]}],"is_beta":false,"boss_relics":[{"not_picked":["Empty Cage","SlaversCollar"],"picked":"Cursed Key"}],"items_purged_floors":[],"is_endless":false,"potions_floor_spawned":[1,2],"killed_by":"Shelled Parasite and Fungi","ascension_level":0}}