{"host":"pe0zhl1vvtkxuc0p","time":1609297950,"event":{"mods":["AchievementEnabler","Aspiration","BaseMod","Card Forge","Challenge The Spire","Chen","Colored Powertips","Conspire","Curses Come First","Displayed Cursed Tome","GifTheSpireLib","Glutton Mod","Gremlin Mod","Hubris","Minty Spire (QoL Compilation)","Quick Restart","Relic Filter","Replay The Spire","Shop Mod","StSLib","SuperFastMode","Td1madao Mod","The Cursed","The Druid","The Florist","The Hayseed","The Necromancer"],"gold_per_floor":[117,117,83,99,114,143,143,177,200,214,214,271,305,315,315,418,418,428,428,428,428],"floor_reached":20,"playtime":764,"items_purged":[],"score":202,"play_id":"29da43b0-4e46-4619-9634-400c0b7ed869","local_time":"20201230111230","is_ascension_mode":true,"campfire_choices":[{"data":"Perfected Strike","floor":7,"key":"SMITH"},{"data":"Flex","floor":11,"key":"SMITH"},{"floor":15,"key":"REST"}],"circlet_count":0,"master_deck":["Strike_R","Strike_R+1","Strike_R","Strike_R","Defend_R","Defend_R","Defend_R+1","Headbutt","Flex+1","Anger","Pommel Strike","Twin Strike","Perfected Strike+1","Run Through","Clothesline","Armaments","True Grit"],"relics":["Burning Blood","Hammer of Thor","Seething Fire","Anvil of the Gods","NeowsBlessing","WarpedTongs","Replay:Mystery Machine","Mango","Simple Rune","Smiling Mask","Replay:Rubber Ducky","Snecko Eye","NlothsMask"],"acts_visited":["Exordium","TheCity"],"potions_floor_usage":[12],"damage_taken":[{"damage":0,"enemies":"conspire:RoseBush","floor":1,"turns":1},{"damage":1,"enemies":"Jaw Worm","floor":4,"turns":1},{"damage":0,"enemies":"2 Louse","floor":5,"turns":1},{"damage":22,"enemies":"3 Sentries","floor":6,"turns":4},{"damage":9,"enemies":"Replay:BlueRogue","floor":8,"turns":3},{"damage":7,"enemies":"Exordium Wildlife","floor":10,"turns":3},{"damage":0,"enemies":"Gremlin Nob","floor":12,"turns":2},{"damage":18,"enemies":"Lagavulin","floor":13,"turns":5},{"damage":8,"enemies":"Lots of Slimes","floor":14,"turns":3},{"damage":77,"enemies":"Fading Forest","floor":16,"turns":11},{"damage":10,"enemies":"Chosen","floor":18,"turns":3},{"damage":0,"enemies":"3 Byrds","floor":20,"turns":1}],"seed_played":"2178687133499522339","potions_obtained":[{"floor":4,"key":"Reflective Coating"},{"floor":8,"key":"Explosive Potion"},{"floor":13,"key":"SteroidPotion"},{"floor":16,"key":"FairyPotion"}],"is_trial":false,"path_per_floor":["M","?","$","M","M","E","R","E","T","M","R","?","E","M","R","B",null,"M","?","M"],"character_chosen":"IRONCLAD","items_purchased":["Flex"],"campfire_rested":1,"item_purchase_floors":[3],"current_hp_per_floor":[80,80,80,80,80,64,64,75,75,74,74,80,68,66,94,33,94,90,90,90,90],"gold":428,"neow_bonus":"THREE_ENEMY_KILL","is_daily":false,"chose_seed":false,"campfire_upgraded":2,"win_rate":0.0,"timestamp":1609297950,"path_taken":["M","?","?","?","?","E","R","E","T","M","R","?","E","M","R","BOSS","M","?","?"],"items_purchased_type":["Card"],"build_version":"2020-12-22","purchased_purges":0,"victory":false,"max_hp_per_floor":[80,80,80,80,80,80,80,94,94,94,94,94,94,94,94,94,94,94,94,94,94],"card_choices":[{"not_picked":["Sword Boomerang","Rage"],"picked":"Headbutt","floor":1},{"not_picked":["Sever Soul","True Grit"],"picked":"Anger","floor":4},{"not_picked":["Run Through","Replay:Undeath\u0027s Touch"],"picked":"Pommel Strike","floor":5},{"not_picked":["ReplayTheSpireMod:Limb From Limb","Rage","Replay:Many Hands"],"picked":"SKIP","floor":6},{"not_picked":["Perfected Strike","hubris:CleavingFinish","Headbutt"],"picked":"SKIP","floor":8},{"not_picked":["Bloodletting","Combust"],"picked":"Run Through","floor":10},{"not_picked":["Twin Strike","hubris:ReadiedAction"],"picked":"Clothesline","floor":12},{"not_picked":["Clothesline","Eclipse"],"picked":"Armaments","floor":13},{"not_picked":["Body Slam","Headbutt","Massacre"],"picked":"SKIP","floor":14},{"not_picked":["Body Slam","Spot Weakness"],"picked":"True Grit","floor":18}],"player_experience":469287,"relics_obtained":[{"floor":6,"key":"Replay:Mystery Machine"},{"floor":8,"key":"Mango"},{"floor":9,"key":"Simple Rune"},{"floor":12,"key":"Smiling Mask"},{"floor":13,"key":"Replay:Rubber Ducky"}],"event_choices":[{"damage_healed":0,"gold_gain":0,"player_choice":"Rummage","damage_taken":0,"relics_obtained":["WarpedTongs"],"max_hp_gain":0,"max_hp_loss":0,"event_name":"Accursed Blacksmith","floor":2,"gold_loss":0,"cards_obtained":["Pain"]},{"damage_healed":0,"gold_gain":0,"player_choice":"Searched \u00271\u0027 times","damage_taken":0,"max_hp_gain":0,"max_hp_loss":0,"event_name":"Dead Adventurer","floor":12,"gold_loss":0},{"damage_healed":0,"gold_gain":0,"player_choice":"Trade","damage_taken":0,"relics_obtained":["NlothsMask"],"max_hp_gain":0,"max_hp_loss":0,"event_name":"FaceTrader","floor":19,"gold_loss":0}],"is_beta":false,"boss_relics":[{"not_picked":["Fusion Hammer","Black Star"],"picked":"Snecko Eye"}],"items_purged_floors":[],"is_endless":false,"potions_floor_spawned":[4,8,13,16,18],"killed_by":"3 Byrds","ascension_level":1}}