{"host":"bf9sa99gaumonoeu","time":1609287167,"event":{"mods":["AchievementEnabler","BaseMod","Colored Map","Downfall","Friendly Minions","Marisa????????","Minty Spire (QoL Compilation)","Replay The Spire","StSLib","The Cursed","The Disciple","The Servant 0.9.4","slay the spire mod where everything is the same but ironclad has a cowboy hat"],"gold_per_floor":[213,231,31,49,126,157,170,170,170,187,187,220,220,220,220,220,220],"floor_reached":16,"playtime":4225,"items_purged":["Defend_R"],"score":176,"play_id":"1ce05ea1-5a50-40d5-b8be-1cb88d4cb158","local_time":"20201229221247","is_ascension_mode":true,"campfire_choices":[{"floor":8,"key":"REST"},{"data":"Dark Embrace","floor":11,"key":"SMITH"},{"data":"Disarm","floor":15,"key":"SMITH"}],"circlet_count":0,"master_deck":["AscendersBane","Strike_R","Strike_R","Strike_R","Strike_R","Strike_R","Defend_R","Defend_R","Defend_R","Bash","Perfected Strike","Armaments","True Grit","Dark Embrace+1","Pommel Strike+1","ReplayTheSpireMod:Splinters","Warcry","Disarm+1","Spot Weakness"],"relics":["Burning Blood","Akabeko","Charon\u0027s Ashes","Snack Pack","StrikeDummy","Chameleon Ring"],"acts_visited":["Exordium"],"potions_floor_usage":[4,6,6,12,16],"damage_taken":[{"damage":10,"enemies":"Small Slimes","floor":1,"turns":3},{"damage":1,"enemies":"Cultist","floor":2,"turns":3},{"damage":6,"enemies":"Jaw Worm","floor":4,"turns":4},{"damage":57,"enemies":"Lagavulin","floor":6,"turns":8},{"damage":12,"enemies":"Red Slaver","floor":7,"turns":4},{"damage":8,"enemies":"Blue Slaver","floor":10,"turns":3},{"damage":16,"enemies":"Gremlin Nob","floor":12,"turns":5},{"damage":29,"enemies":"The Guardian","floor":16,"turns":8}],"seed_played":"2422320977064375352","potions_obtained":[{"floor":1,"key":"Block Potion"},{"floor":5,"key":"DuplicationPotion"},{"floor":5,"key":"SkillPotion"},{"floor":10,"key":"champ:CounterPotion"},{"floor":12,"key":"Explosive Potion"}],"is_trial":false,"path_per_floor":["M","M","$","M","?","E","M","R","T","M","R","E","?","T","R","B"],"character_chosen":"IRONCLAD","items_purchased":["True Grit","Dark Embrace"],"campfire_rested":1,"item_purchase_floors":[3,3],"current_hp_per_floor":[68,73,73,73,73,22,16,40,40,38,38,28,28,28,28,0,0],"gold":220,"neow_bonus":"HUNDRED_GOLD","is_daily":false,"chose_seed":false,"campfire_upgraded":2,"win_rate":0.0,"timestamp":1609287167,"path_taken":["M","M","$","M","?","E","?","R","T","M","R","E","?","?","R","BOSS"],"items_purchased_type":["Card","Card"],"build_version":"2020-12-22","purchased_purges":1,"victory":false,"max_hp_per_floor":[80,80,80,80,80,80,80,80,80,80,80,80,80,80,80,80,80],"card_choices":[{"not_picked":["Seeing Red","True Grit"],"picked":"Perfected Strike","floor":1},{"not_picked":["Clash","Perfected Strike"],"picked":"Armaments","floor":2},{"not_picked":["Thunderclap","Corruption"],"picked":"Pommel Strike","floor":4},{"not_picked":["Rampage","Headbutt","Run Through"],"picked":"SKIP","floor":6},{"not_picked":["Replay:Undeath\u0027s Touch","Hemokinesis"],"picked":"Warcry","floor":7},{"not_picked":["Armaments","Intimidate"],"picked":"Disarm","floor":10},{"not_picked":["Dropkick","Battle Trance"],"picked":"Spot Weakness","floor":12}],"player_experience":571842,"relics_obtained":[{"floor":5,"key":"Akabeko"},{"floor":6,"key":"Charon\u0027s Ashes"},{"floor":9,"key":"Snack Pack"},{"floor":12,"key":"StrikeDummy"},{"floor":14,"key":"Chameleon Ring"}],"event_choices":[],"is_beta":false,"boss_relics":[],"items_purged_floors":[3],"is_endless":false,"potions_floor_spawned":[1,10,12],"killed_by":"The Guardian","ascension_level":12}}