{"host":"j3h0p3l2xgzxhnx7","time":1609343801,"event":{"mods":["BaseMod","Luminous","Marisa????????","Minty Spire (QoL Compilation)","Remilia??????","StSLib","The Bug Knight","The Cursed","The Servant 0.9.4"],"gold_per_floor":[215,231,231,231,87,87,97,152,201,48,48,65,96,110,110,211,211,223,233,244,87,104,104,122,122,149,149,165,165,200,212,212,212,212],"floor_reached":33,"playtime":1390,"items_purged":[],"score":269,"play_id":"605a25ba-c2cb-4cd4-b49f-ba8b55a4125e","local_time":"20201230235641","is_ascension_mode":false,"campfire_choices":[{"data":"Streamline","floor":6,"key":"SMITH"},{"floor":11,"key":"REST"},{"floor":15,"key":"REST"},{"floor":23,"key":"REST"},{"floor":25,"key":"REST"},{"floor":32,"key":"REST"}],"circlet_count":0,"master_deck":["Strike_B+1","Strike_B+1","Strike_B+1","Strike_B+1","Defend_B+1","Defend_B+1","Defend_B+1","Defend_B+1","Zap","Dualcast","Ball Lightning","Streamline+1","Creative AI","Compile Driver","Gash","Hologram","Sweeping Beam","Hologram","Reboot","Electrodynamics","Conserve Battery","Cold Snap+1","Compile Driver+1","Redo","Tempest+1","Compile Driver","Aggregate","Hologram","Electrodynamics","Rip and Tear+1","Go for the Eyes","Cold Snap+1"],"relics":["Cracked Core","War Paint","Bronze Scales","Bottled Flame","Dream Catcher","Regal Pillow","Oddly Smooth Stone","Inserter","Potion Belt","Nunchaku","Strawberry"],"acts_visited":["Exordium","TheCity"],"potions_floor_usage":[22,30,31,33,33,33],"damage_taken":[{"damage":0,"enemies":"Cultist","floor":1,"turns":4},{"damage":1,"enemies":"Jaw Worm","floor":2,"turns":2},{"damage":0,"enemies":"Small Slimes","floor":7,"turns":3},{"damage":36,"enemies":"3 Sentries","floor":8,"turns":5},{"damage":15,"enemies":"Looter","floor":12,"turns":3},{"damage":34,"enemies":"Lagavulin","floor":13,"turns":7},{"damage":0,"enemies":"3 Louse","floor":14,"turns":3},{"damage":50,"enemies":"Hexaghost","floor":16,"turns":8},{"damage":1,"enemies":"Chosen","floor":18,"turns":4},{"damage":19,"enemies":"Shell Parasite","floor":19,"turns":7},{"damage":11,"enemies":"Snake Plant","floor":20,"turns":4},{"damage":18,"enemies":"Cultist and Chosen","floor":22,"turns":5},{"damage":30,"enemies":"Sentry and Sphere","floor":24,"turns":5},{"damage":11,"enemies":"Snecko","floor":28,"turns":4},{"damage":18,"enemies":"Gremlin Leader","floor":30,"turns":4},{"damage":33,"enemies":"Chosen and Byrds","floor":31,"turns":6},{"damage":76,"enemies":"Champ","floor":33,"turns":9}],"seed_played":"7908336607565893754","potions_obtained":[{"floor":2,"key":"SteroidPotion"},{"floor":13,"key":"Energy Potion"},{"floor":19,"key":"SpeedPotion"},{"floor":24,"key":"Dexterity Potion"},{"floor":28,"key":"Weak Potion"},{"floor":31,"key":"Fruit Juice"}],"is_trial":false,"path_per_floor":["M","M","?","T","$","R","M","?","T","$","R","M","E","M","R","B",null,"M","M","M","$","M","R","M","R","T","?","M","?","E","M","R","B"],"character_chosen":"DEFECT","items_purchased":["Bronze Scales","Regal Pillow","Potion Belt"],"campfire_rested":5,"item_purchase_floors":[5,10,21],"current_hp_per_floor":[75,74,74,74,74,74,74,38,38,38,75,60,26,26,63,13,75,74,55,44,44,26,63,33,70,70,70,59,59,48,20,61,0,0],"gold":212,"neow_bonus":"HUNDRED_GOLD","is_daily":false,"chose_seed":false,"campfire_upgraded":1,"win_rate":0.0,"timestamp":1609343801,"path_taken":["M","?","?","?","?","R","M","?","T","?","R","M","E","M","R","BOSS","M","M","M","$","M","R","M","R","T","?","M","?","E","M","R","BOSS"],"items_purchased_type":["Relic","Relic","Relic"],"build_version":"2020-12-22","purchased_purges":0,"victory":false,"max_hp_per_floor":[75,75,75,75,75,75,75,75,75,75,75,75,75,75,75,75,75,75,75,75,75,75,75,75,75,75,75,75,75,82,87,87,87,87],"card_choices":[{"not_picked":["Steam Power","BootSequence"],"picked":"Ball Lightning","floor":1},{"not_picked":["Gash","Stack"],"picked":"Streamline","floor":2},{"not_picked":["Gash","Defragment"],"picked":"Creative AI","floor":7},{"not_picked":["Steam","Skim"],"picked":"Compile Driver","floor":8},{"not_picked":["Fusion","Steam"],"picked":"Gash","floor":11},{"not_picked":["Streamline","Go for the Eyes"],"picked":"Hologram","floor":12},{"not_picked":["Leap","Lockon"],"picked":"Sweeping Beam","floor":13},{"not_picked":["Static Discharge","Go for the Eyes"],"picked":"Hologram","floor":14},{"not_picked":["Sweeping Beam","Cold Snap"],"picked":"Reboot","floor":15},{"not_picked":["Echo Form","Thunder Strike"],"picked":"Electrodynamics","floor":16},{"not_picked":["Genetic Algorithm","Blizzard"],"picked":"Conserve Battery","floor":18},{"not_picked":["Streamline+1","Hologram"],"picked":"Cold Snap+1","floor":19},{"not_picked":["Redo","Leap"],"picked":"Compile Driver+1","floor":20},{"not_picked":["Stack","BootSequence+1"],"picked":"Redo","floor":22},{"not_picked":["Self Repair+1","Compile Driver"],"picked":"Tempest+1","floor":23},{"not_picked":["Conserve Battery","Defragment+1"],"picked":"Compile Driver","floor":24},{"not_picked":["Scrape","Melter"],"picked":"Aggregate","floor":25},{"not_picked":["Reboot","Sweeping Beam"],"picked":"Hologram","floor":28},{"not_picked":["Blizzard","BootSequence"],"picked":"Rip and Tear+1","floor":30},{"not_picked":["Leap","Fusion"],"picked":"Go for the Eyes","floor":31},{"not_picked":["Beam Cell","Loop"],"picked":"Cold Snap+1","floor":32}],"player_experience":77269,"relics_obtained":[{"floor":4,"key":"War Paint"},{"floor":8,"key":"Bottled Flame"},{"floor":9,"key":"Dream Catcher"},{"floor":13,"key":"Oddly Smooth Stone"},{"floor":26,"key":"Nunchaku"},{"floor":30,"key":"Strawberry"}],"event_choices":[{"damage_healed":0,"gold_gain":0,"player_choice":"Leave","damage_taken":0,"max_hp_gain":0,"max_hp_loss":0,"event_name":"The Cleric","floor":3,"gold_loss":0},{"damage_healed":0,"gold_gain":0,"player_choice":"Searched \u00271\u0027 times","damage_taken":0,"max_hp_gain":0,"max_hp_loss":0,"event_name":"Dead Adventurer","floor":8,"gold_loss":0},{"damage_healed":0,"gold_gain":0,"player_choice":"Simplicity","damage_taken":0,"max_hp_gain":0,"max_hp_loss":0,"event_name":"Back to Basics","floor":27,"gold_loss":0,"cards_upgraded":["Strike_B","Strike_B","Strike_B","Strike_B","Defend_B","Defend_B"]},{"damage_healed":0,"gold_gain":0,"player_choice":"Copied","damage_taken":0,"max_hp_gain":0,"max_hp_loss":0,"event_name":"Duplicator","floor":29,"gold_loss":0,"cards_obtained":["Electrodynamics"]}],"is_beta":false,"boss_relics":[{"not_picked":["SacredBark","Ectoplasm"],"picked":"Inserter"}],"items_purged_floors":[],"is_endless":false,"potions_floor_spawned":[2,13,19,24,28,31],"killed_by":"Champ","ascension_level":0}}