{"host":"n43wxkei7kulhi8o","time":1609366853,"event":{"mods":["BaseMod","Colored Map","Curses Come First","Custom Start","Highlight Path","Minty Spire (QoL Compilation)","StSLib"],"gold_per_floor":[112,130,144,13,24,24,43,53,53,53,53,69,69,82,82,186,186,205,222,242,253,25,25,37,53,53,53,53,53,68,88,88,191,191,206,52,52,52,52,52,66,86,112,126,126,146,166,181,181,181,181],"floor_reached":50,"playtime":1815,"items_purged":["Strike_B"],"score":471,"play_id":"9febf22e-0955-4175-b968-9560b7344047","local_time":"20201230172053","is_ascension_mode":false,"campfire_choices":[{"data":"Defragment","floor":6,"key":"SMITH"},{"data":"Coolheaded","floor":10,"key":"SMITH"},{"data":"Zap","floor":15,"key":"SMITH"},{"data":"Auto Shields","floor":23,"key":"SMITH"},{"data":"Loop","floor":27,"key":"SMITH"},{"floor":29,"key":"REST"},{"floor":32,"key":"REST"},{"data":"Reinforced Body","floor":40,"key":"SMITH"},{"floor":49,"key":"REST"}],"circlet_count":0,"master_deck":["Strike_B","Strike_B","Strike_B","Defend_B","Defend_B","Defend_B","Defend_B","Zap+1","Dualcast","Buffer+1","Conserve Battery","Go for the Eyes","Defragment+1","Ball Lightning","Auto Shields+1","Coolheaded+1","Multi-Cast","Ball Lightning","Electrodynamics","Reinforced Body+1","Coolheaded+1","Defragment+1","Loop+1","Ball Lightning+1","Glacier"],"relics":["Cracked Core","PreservedInsect","MealTicket","Busted Crown","DollysMirror","Singing Bowl","Sozu","Lee\u0027s Waffle","Toy Ornithopter"],"acts_visited":["Exordium","TheCity","TheBeyond"],"potions_floor_usage":[8,16,16,18,18,33,41],"damage_taken":[{"damage":0,"enemies":"2 Louse","floor":1,"turns":2},{"damage":4,"enemies":"Cultist","floor":2,"turns":3},{"damage":0,"enemies":"Small Slimes","floor":3,"turns":3},{"damage":5,"enemies":"Blue Slaver","floor":5,"turns":3},{"damage":7,"enemies":"Exordium Thugs","floor":7,"turns":4},{"damage":0,"enemies":"Lots of Slimes","floor":8,"turns":1},{"damage":3,"enemies":"Looter","floor":12,"turns":3},{"damage":12,"enemies":"Blue Slaver","floor":14,"turns":2},{"damage":6,"enemies":"The Guardian","floor":16,"turns":11},{"damage":1,"enemies":"Shell Parasite","floor":18,"turns":4},{"damage":15,"enemies":"Spheric Guardian","floor":19,"turns":4},{"damage":1,"enemies":"Cultist and Chosen","floor":20,"turns":5},{"damage":19,"enemies":"Snake Plant","floor":21,"turns":4},{"damage":6,"enemies":"Chosen and Byrds","floor":24,"turns":3},{"damage":16,"enemies":"Shelled Parasite and Fungi","floor":25,"turns":5},{"damage":16,"enemies":"Snake Plant","floor":30,"turns":4},{"damage":10,"enemies":"3 Cultists","floor":31,"turns":4},{"damage":12,"enemies":"Champ","floor":33,"turns":11},{"damage":26,"enemies":"3 Darklings","floor":35,"turns":3},{"damage":18,"enemies":"3 Shapes","floor":41,"turns":3},{"damage":43,"enemies":"Jaw Worm Horde","floor":42,"turns":4},{"damage":24,"enemies":"3 Darklings","floor":44,"turns":4},{"damage":0,"enemies":"Spire Growth","floor":46,"turns":5},{"damage":0,"enemies":"4 Shapes","floor":47,"turns":5},{"damage":0,"enemies":"Jaw Worm Horde","floor":48,"turns":4},{"damage":68,"enemies":"Awakened One","floor":50,"turns":6}],"seed_played":"8364934055961709944","potions_obtained":[{"floor":2,"key":"Swift Potion"},{"floor":3,"key":"Explosive Potion"},{"floor":7,"key":"Strength Potion"},{"floor":12,"key":"SteroidPotion"},{"floor":14,"key":"LiquidMemories"},{"floor":16,"key":"EntropicBrew"},{"floor":18,"key":"Ancient Potion"},{"floor":30,"key":"FocusPotion"}],"is_trial":false,"path_per_floor":["M","M","M","$","M","R","M","M","T","R","$","M","?","M","R","B",null,"M","M","M","M","$","R","M","M","T","R","$","R","M","M","R","B",null,"M","$","?","?","$","R","M","M","T","M","$","M","M","M","R","B"],"character_chosen":"DEFECT","items_purchased":["Defragment","Ball Lightning","DollysMirror","Lee\u0027s Waffle"],"campfire_rested":3,"item_purchase_floors":[4,4,22,36],"current_hp_per_floor":[75,71,71,71,66,66,59,59,59,59,59,56,56,44,44,38,75,74,59,58,39,54,54,48,32,32,32,47,69,55,47,70,60,81,57,90,92,92,92,92,74,33,33,11,26,28,28,30,60,0,0],"gold":181,"neow_bonus":"ONE_RANDOM_RARE_CARD","is_daily":false,"chose_seed":false,"campfire_upgraded":6,"win_rate":0.0,"timestamp":1609366853,"path_taken":["M","M","M","$","M","R","M","M","T","R","$","M","?","?","R","BOSS","M","M","M","?","$","R","M","?","T","R","$","R","M","M","R","BOSS","M","$","?","?","$","R","M","?","T","M","?","M","M","M","R","BOSS"],"items_purchased_type":["Card","Card","Relic","Relic"],"build_version":"2020-12-22","purchased_purges":1,"victory":false,"max_hp_per_floor":[75,75,75,75,75,75,75,75,75,75,75,75,75,75,75,75,75,75,75,75,75,75,75,75,75,75,75,75,75,77,79,79,81,81,83,90,92,92,92,92,92,94,94,96,96,98,98,100,100,100,100],"card_choices":[{"not_picked":["Compile Driver","Gash"],"picked":"Cold Snap","floor":1},{"not_picked":["Aggregate","Fusion"],"picked":"Conserve Battery","floor":2},{"not_picked":["Chill","Heatsinks"],"picked":"Go for the Eyes","floor":3},{"not_picked":["Consume","Steam"],"picked":"Auto Shields","floor":5},{"not_picked":["Turbo","Leap"],"picked":"Coolheaded","floor":7},{"not_picked":["Stack","Compile Driver","Redo"],"picked":"SKIP","floor":8},{"not_picked":["Streamline","Compile Driver"],"picked":"Multi-Cast","floor":12},{"not_picked":["Redo","Skim"],"picked":"Ball Lightning","floor":14},{"not_picked":["Meteor Strike","Rainbow"],"picked":"Electrodynamics","floor":16},{"not_picked":[],"picked":"Reinforced Body","floor":18},{"not_picked":["Blizzard"],"picked":"SKIP","floor":19},{"not_picked":["Hologram"],"picked":"SKIP","floor":20},{"not_picked":[],"picked":"Coolheaded+1","floor":21},{"not_picked":["Redo"],"picked":"SKIP","floor":24},{"not_picked":[],"picked":"Loop","floor":25},{"not_picked":["Steam"],"picked":"Singing Bowl","floor":30},{"not_picked":["Chaos+1"],"picked":"Singing Bowl","floor":31},{"not_picked":["Amplify"],"picked":"Singing Bowl","floor":33},{"not_picked":["Chaos"],"picked":"Singing Bowl","floor":35},{"not_picked":["The Bomb"],"picked":"Singing Bowl","floor":37},{"not_picked":[],"picked":"Ball Lightning+1","floor":41},{"not_picked":["Steam"],"picked":"Singing Bowl","floor":42},{"not_picked":["Ball Lightning"],"picked":"Singing Bowl","floor":44},{"not_picked":["Gash"],"picked":"Singing Bowl","floor":46},{"not_picked":[],"picked":"Glacier","floor":47},{"not_picked":["Stack"],"picked":"Singing Bowl","floor":48}],"player_experience":621885,"relics_obtained":[{"floor":9,"key":"PreservedInsect"},{"floor":26,"key":"Singing Bowl"},{"floor":43,"key":"Toy Ornithopter"}],"event_choices":[{"cards_removed":["Cold Snap"],"damage_healed":0,"gold_gain":0,"player_choice":"Gave Card","damage_taken":0,"relics_obtained":["MealTicket"],"max_hp_gain":0,"max_hp_loss":0,"event_name":"WeMeetAgain","floor":13,"gold_loss":0},{"damage_healed":0,"gold_gain":0,"player_choice":"Memory 1","damage_taken":0,"max_hp_gain":0,"max_hp_loss":0,"event_name":"SensoryStone","floor":37,"gold_loss":0},{"damage_healed":0,"gold_gain":0,"player_choice":"Forge","damage_taken":0,"max_hp_gain":0,"max_hp_loss":0,"event_name":"Accursed Blacksmith","floor":38,"gold_loss":0,"cards_upgraded":["Buffer"]}],"is_beta":false,"boss_relics":[{"not_picked":["Coffee Dripper","Runic Dome"],"picked":"Busted Crown"},{"not_picked":["Nuclear Battery","Runic Pyramid"],"picked":"Sozu"}],"items_purged_floors":[22],"is_endless":false,"potions_floor_spawned":[2,3,7,12,14,16,18,20,25,30,33,42,44,48],"killed_by":"Awakened One","ascension_level":0}}