{"host":"os9owiyb0rak6c8n","time":1609338480,"event":{"mods":["AchievementEnabler","BaseMod","Beaked The Cultist","Better Third Choice","Block Reminder","Colored Map","Colored Powertips","Dio Mod","Downfall","Minty Spire (QoL Compilation)","Robot Space Explorer","Spicy Shops","StSLib","The Death Knight"],"gold_per_floor":[117,130,130,130,149,179,179,204,253,266,441,441,454,467,467,562,562,487,487,487,412,423,423,433,433,509,509,509,528,559,570,570,570,570],"floor_reached":33,"playtime":1510,"items_purged":[],"score":289,"play_id":"1471e138-a48b-4f51-baa9-5a1de399c8fa","local_time":"20201230152800","is_ascension_mode":true,"campfire_choices":[{"floor":7,"key":"REST"},{"floor":12,"key":"REST"},{"data":"RobotSpaceExplorer:BlastShield","floor":15,"key":"SMITH"},{"data":"RobotSpaceExplorer:Comet","floor":23,"key":"SMITH"},{"data":"RobotSpaceExplorer:Pulsar","floor":25,"key":"SMITH"},{"floor":27,"key":"REST"},{"data":"RobotSpaceExplorer:Ammunition","floor":32,"key":"SMITH"}],"circlet_count":0,"master_deck":["RobotSpaceExplorer:Strike+1","RobotSpaceExplorer:Strike+1","RobotSpaceExplorer:Strike+1","RobotSpaceExplorer:Strike+1","RobotSpaceExplorer:Defend+1","RobotSpaceExplorer:Defend+1","RobotSpaceExplorer:Defend+1","RobotSpaceExplorer:Defend+1","RobotSpaceExplorer:Scan+1","RobotSpaceExplorer:MiniLasers","RobotSpaceExplorer:DoubleFind+1","RobotSpaceExplorer:BlastShield+1","RobotSpaceExplorer:Pulsar+1","RobotSpaceExplorer:FrostMissile+1","RobotSpaceExplorer:Comet+1","RobotSpaceExplorer:DoubleFind+1","RobotSpaceExplorer:Ammunition+1"],"relics":["RobotSpaceExplorer:RoboCore","Molten Egg 2","Regal Pillow","Vajra","RobotSpaceExplorer:SearchSpecs","Singing Bowl","Bottled Lightning"],"acts_visited":["Exordium","TheCity"],"potions_floor_usage":[6,6,10,16,16,16,30,30,33],"damage_taken":[{"damage":3,"enemies":"Cultist","floor":1,"turns":5},{"damage":0,"enemies":"Small Slimes","floor":2,"turns":2},{"damage":0,"enemies":"2 Louse","floor":5,"turns":3},{"damage":22,"enemies":"Lagavulin","floor":6,"turns":10},{"damage":31,"enemies":"3 Sentries","floor":8,"turns":10},{"damage":9,"enemies":"Exordium Wildlife","floor":10,"turns":6},{"damage":0,"enemies":"3 Louse","floor":13,"turns":3},{"damage":1,"enemies":"2 Fungi Beasts","floor":14,"turns":5},{"damage":25,"enemies":"The Guardian","floor":16,"turns":22},{"damage":13,"enemies":"2 Thieves","floor":18,"turns":5},{"damage":0,"enemies":"Shell Parasite","floor":22,"turns":7},{"damage":2,"enemies":"Snake Plant","floor":24,"turns":4},{"damage":0,"enemies":"Snecko","floor":29,"turns":3},{"damage":5,"enemies":"Gremlin Leader","floor":30,"turns":7},{"damage":0,"enemies":"Centurion and Healer","floor":31,"turns":6},{"damage":82,"enemies":"StardustCrusaders","floor":33,"turns":9}],"seed_played":"-6113956549143850020","potions_obtained":[{"floor":0,"key":"Swift Potion"},{"floor":0,"key":"DeathKnight:BottledBloodEchoes"},{"floor":0,"key":"SpeedPotion"},{"floor":8,"key":"Swift Potion"},{"floor":10,"key":"Block Potion"},{"floor":13,"key":"RobotSpaceExplorer:LiquidFusion"},{"floor":22,"key":"DistilledChaos"},{"floor":29,"key":"RobotSpaceExplorer:RecyclePotion"},{"floor":30,"key":"Weak Potion"}],"is_trial":false,"path_per_floor":["M","M","?","?","M","E","R","E","T","M","?","R","M","M","R","B",null,"M","?","?","?","M","R","M","R","T","R","?","M","E","M","R","B"],"character_chosen":"RobotSpaceExplorer","items_purchased":[],"campfire_rested":3,"item_purchase_floors":[],"current_hp_per_floor":[72,72,57,57,57,35,57,26,26,17,17,54,54,53,53,28,75,62,62,62,62,62,62,60,60,60,75,75,77,74,76,76,0,0],"gold":570,"neow_bonus":"THREE_SMALL_POTIONS","is_daily":false,"chose_seed":false,"campfire_upgraded":4,"win_rate":0.0,"timestamp":1609338480,"path_taken":["M","M","?","?","M","E","R","E","T","M","?","R","?","M","R","BOSS","M","?","?","?","?","R","?","R","T","R","?","M","E","M","R","BOSS"],"items_purchased_type":[],"build_version":"2020-12-22","purchased_purges":0,"victory":false,"max_hp_per_floor":[75,75,75,75,75,75,75,75,75,75,75,75,75,75,75,75,75,75,75,75,75,75,75,75,75,75,75,75,77,79,81,81,81,81],"card_choices":[{"not_picked":["RobotSpaceExplorer:ImprovisedAttack","RobotSpaceExplorer:MiniDrones"],"picked":"RobotSpaceExplorer:DoubleFind","floor":1},{"not_picked":["RobotSpaceExplorer:StunGrenade","RobotSpaceExplorer:FranticSearch","RobotSpaceExplorer:MetalStrike"],"picked":"SKIP","floor":2},{"not_picked":["RobotSpaceExplorer:TurboDodge","RobotSpaceExplorer:Ammunition"],"picked":"RobotSpaceExplorer:BlastShield","floor":5},{"not_picked":["RobotSpaceExplorer:SwiftStep","RobotSpaceExplorer:SlimeMissile+1","RobotSpaceExplorer:MiniDrones+1"],"picked":"SKIP","floor":6},{"not_picked":["RobotSpaceExplorer:SelfCleaning","RobotSpaceExplorer:ShockKick+1"],"picked":"RobotSpaceExplorer:Pulsar","floor":8},{"not_picked":["RobotSpaceExplorer:IronShell","RobotSpaceExplorer:Counterblock"],"picked":"RobotSpaceExplorer:FrostMissile+1","floor":10},{"not_picked":["RobotSpaceExplorer:SurgingStrike+1","RobotSpaceExplorer:SwiftStep","RobotSpaceExplorer:SurgingShield"],"picked":"SKIP","floor":13},{"not_picked":["RobotSpaceExplorer:SlimeMissile+1","RobotSpaceExplorer:StunGrenade+1","RobotSpaceExplorer:SwiftStep"],"picked":"SKIP","floor":14},{"not_picked":["RobotSpaceExplorer:Asteroid+1","RobotSpaceExplorer:Accelerator"],"picked":"RobotSpaceExplorer:Comet","floor":16},{"not_picked":["RobotSpaceExplorer:MiniDrones+1","RobotSpaceExplorer:Pulsar","RobotSpaceExplorer:SlimeMissile+1"],"picked":"SKIP","floor":18},{"not_picked":["RobotSpaceExplorer:Pulsar","RobotSpaceExplorer:ToxicBomb+1"],"picked":"RobotSpaceExplorer:DoubleFind+1","floor":22},{"not_picked":["RobotSpaceExplorer:StunGrenade+1","RobotSpaceExplorer:ImprovisedAttack+1"],"picked":"RobotSpaceExplorer:Ammunition","floor":24},{"not_picked":["RobotSpaceExplorer:GlueShot","RobotSpaceExplorer:MetalStrike+1","RobotSpaceExplorer:LaserBurst+1"],"picked":"Singing Bowl","floor":29},{"not_picked":["RobotSpaceExplorer:LuckyStrike+1","RobotSpaceExplorer:FranticSearch","RobotSpaceExplorer:Jetpack"],"picked":"Singing Bowl","floor":30},{"not_picked":["RobotSpaceExplorer:ShovelStrike+1","RobotSpaceExplorer:Counterblock","RobotSpaceExplorer:Accelerator"],"picked":"Singing Bowl","floor":31}],"player_experience":590534,"relics_obtained":[{"floor":6,"key":"Molten Egg 2"},{"floor":8,"key":"Regal Pillow"},{"floor":9,"key":"Vajra"},{"floor":26,"key":"Singing Bowl"},{"floor":30,"key":"Bottled Lightning"}],"event_choices":[{"damage_healed":72,"gold_gain":0,"player_choice":"Upgrade","damage_taken":15,"max_hp_gain":0,"max_hp_loss":75,"event_name":"betterThird:BetterShining","floor":3,"gold_loss":0,"cards_upgraded":["RobotSpaceExplorer:Scan","RobotSpaceExplorer:Strike"]},{"damage_healed":0,"gold_gain":0,"player_choice":"Grow","damage_taken":0,"max_hp_gain":0,"max_hp_loss":0,"event_name":"Living Wall","floor":4,"gold_loss":0,"cards_upgraded":["RobotSpaceExplorer:DoubleFind"]},{"damage_healed":0,"gold_gain":175,"player_choice":"AGREE","damage_taken":266,"max_hp_gain":0,"max_hp_loss":0,"event_name":"betterThird:BetterSerpent","floor":11,"gold_loss":0},{"damage_healed":0,"gold_gain":0,"player_choice":"Simplicity","damage_taken":0,"max_hp_gain":0,"max_hp_loss":7,"event_name":"betterThird:BetterWriting","floor":20,"gold_loss":0},{"cards_removed":["Doubt"],"damage_healed":0,"gold_gain":0,"player_choice":"Gave Gold","damage_taken":0,"max_hp_gain":0,"max_hp_loss":0,"event_name":"Beggar","floor":21,"gold_loss":75},{"damage_healed":0,"gold_gain":0,"player_choice":"Ignored","damage_taken":0,"max_hp_gain":0,"max_hp_loss":0,"event_name":"The Mausoleum","floor":28,"gold_loss":0}],"is_beta":false,"boss_relics":[{"not_picked":["Velvet Choker","beaked:MawFillet"],"picked":"RobotSpaceExplorer:SearchSpecs"}],"items_purged_floors":[],"is_endless":false,"potions_floor_spawned":[1,5,8,10,13,22,29,30],"killed_by":"StardustCrusaders","ascension_level":1}}