{"host":"963ykkbusvcbqwtq","time":1609329526,"event":{"mods":["2.2 Compatiblity","AchievementEnabler","Arknights The Spire","BaseMod","Colored Map","GifTheSpireLib","GungeonMod","Lobotomy","Luminous","Minty Spire (QoL Compilation)","StSLib","SuperFastMode","The Bug Knight"],"gold_per_floor":[112,12,30,42,54,54,74,86,86,86,86,104,229,243,243,243,243],"floor_reached":16,"playtime":673,"items_purged":["HollowMod:NailStrikeStart"],"score":121,"play_id":"d6e4186f-86d6-4143-8239-9b3de4cc32af","local_time":"20201230205846","is_ascension_mode":false,"campfire_choices":[{"data":"HollowMod:InfectionAssault","floor":6,"key":"SMITH"},{"data":"HollowMod:InfectedAttack","floor":11,"key":"SMITH"},{"data":"HollowMod:BaldurShell","floor":15,"key":"SMITH"}],"circlet_count":0,"master_deck":["HollowMod:NailStrikeStart","HollowMod:NailStrikeStart","HollowMod:QuickDashStart","HollowMod:QuickDashStart","HollowMod:QuickDashStart","HollowMod:QuickDashStart","HollowMod:FocusHealStart","HollowMod:PogoStrike","HollowMod:InfectionAssault+1","HollowMod:MothsMistake","OSAHOGD","HollowMod:DungDefenderAura","HollowMod:InfectedAttack+1","HollowMod:SoulStrike","PunishingBird","VoidDream","HollowMod:SiblingsSouls","Scorched","HollowMod:BaldurShell+1"],"relics":["HollowMod:VesselMask","CogitoBucket","HollowMod:KingsBrand","Membership Card","DemoMod:GnawedKey","AspirationHeart","Pantograph"],"acts_visited":["Exordium"],"potions_floor_usage":[16,16],"damage_taken":[{"damage":2,"enemies":"Small Slimes","floor":1,"turns":3},{"damage":0,"enemies":"2 Louse","floor":3,"turns":2},{"damage":3,"enemies":"Jaw Worm","floor":4,"turns":5},{"damage":11,"enemies":"Looter","floor":5,"turns":3},{"damage":6,"enemies":"Blue Slaver","floor":7,"turns":3},{"damage":33,"enemies":"Large Slime","floor":8,"turns":4},{"damage":25,"enemies":"Exordium Wildlife","floor":12,"turns":6},{"damage":16,"enemies":"Blue Slaver","floor":14,"turns":4},{"damage":52,"enemies":"The Guardian","floor":16,"turns":3}],"seed_played":"9181433561142857698","potions_obtained":[{"floor":1,"key":"EssenceOfSteel"},{"floor":7,"key":"Swift Potion"},{"floor":12,"key":"PowerPotion"}],"is_trial":false,"path_per_floor":["M","$","M","M","M","R","M","M","T","?","R","M","?","M","R","B"],"character_chosen":"THE_BUGKNIGHT","items_purchased":["HollowMod:KingsBrand","Membership Card","DemoMod:GnawedKey"],"campfire_rested":0,"item_purchase_floors":[2,2,2],"current_hp_per_floor":[73,73,73,72,67,67,67,44,44,37,37,22,27,23,23,0,0],"gold":243,"neow_bonus":"","is_daily":false,"chose_seed":false,"campfire_upgraded":3,"win_rate":0.0,"timestamp":1609329526,"path_taken":["M","$","M","M","M","R","M","M","T","?","R","M","?","M","R","BOSS"],"items_purchased_type":["Relic","Relic","Relic"],"build_version":"2020-12-22","purchased_purges":1,"victory":false,"max_hp_per_floor":[75,75,75,75,75,75,75,85,85,85,85,85,90,90,90,90,90],"card_choices":[{"not_picked":["HollowMod:BaldurShell","HollowMod:GoodIntentions"],"picked":"HollowMod:InfectionAssault","floor":1},{"not_picked":["HollowMod:LifebloodCocoon","HollowMod:VengefulVoid"],"picked":"HollowMod:MothsMistake","floor":3},{"not_picked":["MeatLantern","LittleHelper"],"picked":"OSAHOGD","floor":4},{"not_picked":["HollowMod:HowlingWraiths","HollowMod:SharpenedNail","HollowMod:DungDefenderAura"],"picked":"SKIP","floor":4},{"not_picked":["HollowMod:HowlingWraiths","HollowMod:SharpenedNail"],"picked":"HollowMod:DungDefenderAura","floor":4},{"not_picked":["HollowMod:ShadowDash","HollowMod:HowlingWraiths"],"picked":"HollowMod:InfectedAttack","floor":5},{"not_picked":["HollowMod:DesolateDive","HollowMod:DoubleDash"],"picked":"HollowMod:SoulStrike","floor":7},{"not_picked":["ShyLook","Woodsman"],"picked":"PunishingBird","floor":8},{"not_picked":["HollowMod:DashSlash","HollowMod:ShadowDash","HollowMod:AbyssShriek"],"picked":"SKIP","floor":8},{"not_picked":["Woodsman","SilentOrchestra"],"picked":"VoidDream","floor":12},{"not_picked":["HollowMod:GreatSlash","HollowMod:CycloneSlash"],"picked":"HollowMod:SiblingsSouls","floor":12},{"not_picked":["SnowQueen","Alriune"],"picked":"Scorched","floor":14},{"not_picked":["HollowMod:HornetsHelp","HollowMod:CloakDash"],"picked":"HollowMod:BaldurShell","floor":14}],"player_experience":206413,"relics_obtained":[{"floor":9,"key":"Pantograph"}],"event_choices":[{"cards_removed":["HollowMod:NailStrikeStart"],"damage_healed":0,"gold_gain":0,"player_choice":"Card Removal","damage_taken":7,"max_hp_gain":0,"max_hp_loss":0,"event_name":"Golden Wing","floor":10,"gold_loss":0}],"is_beta":false,"boss_relics":[],"items_purged_floors":[2],"is_endless":false,"potions_floor_spawned":[1,7,12],"killed_by":"The Guardian","ascension_level":0}}