{"host":"Nexxot","time":1609357835,"event":{"mods":["AchievementEnabler","BaseMod","Colored Map","Downfall","Highlight Path","Jorbs\u0027s Wanderer Trilogy","Minty Spire (QoL Compilation)","Relic Stats","StSLib"],"gold_per_floor":[99,99,99,99,99,99,99,99,99,99,99,99,99,99,99,99,99,99],"floor_reached":16,"playtime":803,"items_purged":[],"score":147,"play_id":"ad561a5d-91fb-4379-9b2e-b5cda6cdab04","local_time":"20201230205035","is_ascension_mode":false,"campfire_choices":[{"data":"hexamod:Float","floor":1,"key":"SMITH"},{"data":"hexamod:EmpoweringStance","floor":10,"key":"SMITH"}],"circlet_count":0,"master_deck":["hexamod:Strike","hexamod:Strike","hexamod:Strike","hexamod:Defend","hexamod:Defend","hexamod:Defend","hexamod:Defend","hexamod:Sear","hexamod:Float+1","hexamod:HauntingEcho","hexamod:NightmareStrike","hexamod:ShieldOfDarkness","hexamod:EmpoweringStance+1","hexamod:Firestarter","hexamod:ThirdSeal","hexamod:DynamicBlow","hexamod:GhostflameInferno","hexamod:NightmareGuise","hexamod:SixthSeal","hexamod:PhantomFireball"],"relics":["downfall:Hecktoplasm","Juzu Bracelet","Kunai","Art of War"],"acts_visited":["Exordium"],"potions_floor_usage":[6,16,16,16],"damage_taken":[{"damage":0,"enemies":"Small Slimes","floor":2,"turns":4},{"damage":0,"enemies":"Cultist","floor":3,"turns":3},{"damage":0,"enemies":"2 Louse","floor":6,"turns":1},{"damage":3,"enemies":"Lagavulin","floor":8,"turns":5},{"damage":3,"enemies":"Red Slaver","floor":9,"turns":3},{"damage":8,"enemies":"Lots of Slimes","floor":11,"turns":4},{"damage":7,"enemies":"Gremlin Nob","floor":12,"turns":4},{"damage":0,"enemies":"Lagavulin","floor":14,"turns":4},{"damage":4,"enemies":"2 Fungi Beasts","floor":15,"turns":4},{"damage":47,"enemies":"downfall:Defect","floor":16,"turns":8}],"seed_played":"4341974720603739369","potions_obtained":[{"floor":3,"key":"Explosive Potion"},{"floor":8,"key":"Fire Potion"},{"floor":9,"key":"GamblersBrew"},{"floor":13,"key":"Strength Potion"}],"is_trial":false,"path_per_floor":["R","M","M","?","?","M","T","E","M","R","M","E","?","E","M","B"],"character_chosen":"THE_SPIRIT","items_purchased":[],"campfire_rested":0,"item_purchase_floors":[],"current_hp_per_floor":[70,70,70,70,70,70,70,67,64,64,56,49,49,49,45,0,0,0],"gold":99,"neow_bonus":"BOSS_RELIC","is_daily":false,"chose_seed":false,"campfire_upgraded":2,"win_rate":0.0,"timestamp":1609357835,"path_taken":["R","M","M","?","?","M","T","E","M","R","M","E","?","E","M","BOSS"],"items_purchased_type":[],"build_version":"2020-12-18","purchased_purges":0,"victory":false,"max_hp_per_floor":[70,70,70,70,70,70,70,70,70,70,70,70,70,70,70,70,70,70],"relic_stats":{"counters":[10,40],"Juzu Bracelet":1,"Art of War":[2],"Kunai":[5],"obtain_stats":[{"downfall:Hecktoplasm":0,"Juzu Bracelet":8,"Art of War":14,"Kunai":12,"hexamod:SpiritBrand":0},{"downfall:Hecktoplasm":0,"Juzu Bracelet":4,"Art of War":8,"Kunai":7,"hexamod:SpiritBrand":0},{"downfall:Hecktoplasm":0,"Juzu Bracelet":13,"Art of War":28,"Kunai":24,"hexamod:SpiritBrand":0}]},"card_choices":[{"not_picked":["hexamod:Firestarter","hexamod:ShieldOfDarkness"],"picked":"hexamod:HauntingEcho","floor":2},{"not_picked":["hexamod:GhostOfSpirePast","hexamod:SkipABeat"],"picked":"hexamod:NightmareStrike","floor":3},{"not_picked":["hexamod:BurningTouch","hexamod:PowerFromBeyond"],"picked":"hexamod:ShieldOfDarkness","floor":6},{"not_picked":["hexamod:PhantomCloak","hexamod:Rewind"],"picked":"hexamod:EmpoweringStance","floor":8},{"not_picked":["hexamod:GhostOfSpirePast","hexamod:HeatCrush"],"picked":"hexamod:Firestarter","floor":9},{"not_picked":["hexamod:HauntingEcho","hexamod:BurningTouch"],"picked":"hexamod:ThirdSeal","floor":11},{"not_picked":["hexamod:BacktrackSmack","hexamod:ShieldOfDarkness"],"picked":"hexamod:DynamicBlow","floor":12},{"not_picked":["hexamod:TimeOfNeed","hexamod:GiftsFromTheDead"],"picked":"hexamod:GhostflameInferno","floor":12},{"not_picked":["hexamod:Firestarter","hexamod:FourthSeal"],"picked":"hexamod:NightmareGuise","floor":14},{"not_picked":["hexamod:FlamesFromBeyond","hexamod:RetreatToShadows","hexamod:FastForward"],"picked":"SKIP","floor":14},{"not_picked":["hexamod:FastForward","hexamod:GhostShield"],"picked":"hexamod:SixthSeal","floor":15},{"not_picked":["hexamod:Hexaguard","hexamod:SwordOfDarkness"],"picked":"hexamod:PhantomFireball","floor":15}],"player_experience":374347,"relics_obtained":[{"floor":8,"key":"Juzu Bracelet"},{"floor":12,"key":"Kunai"},{"floor":14,"key":"Art of War"}],"event_choices":[{"cards_removed":["hexamod:Strike"],"damage_healed":0,"gold_gain":0,"player_choice":"Purged","damage_taken":0,"max_hp_gain":0,"max_hp_loss":0,"event_name":"Purifier","floor":5,"gold_loss":0},{"damage_healed":0,"gold_gain":0,"player_choice":"Got Potions","damage_taken":0,"max_hp_gain":0,"max_hp_loss":0,"event_name":"Lab","floor":13,"gold_loss":0}],"is_beta":true,"boss_relics":[],"items_purged_floors":[],"is_endless":false,"potions_floor_spawned":[3,8,9,14],"killed_by":"downfall:Defect","ascension_level":0}}