{"host":"o54aw4mfims5m8ve","time":1609364980,"event":{"mods":["BaseMod","Downfall","Minty Spire (QoL Compilation)","StSLib","The Cursed","The Saiyan","The Senshi"],"gold_per_floor":[99,119,130,40,50,50,50,80,96,106,20,20,20,170,190,291,291,291,116,130,230,13,26,51,62,74,89,100,100,100,126,143,248,248,248,268,268,279,329,329,329,354,19,19,29,41,41,41,61,61,61],"floor_reached":50,"playtime":5928,"items_purged":["sneckomod:Strike","sneckomod:Defend","Slimebound:Icky","sneckomod:TailWhip"],"score":596,"play_id":"5d7c2025-2558-437a-b539-d64093cc2569","local_time":"20201230214940","is_ascension_mode":false,"campfire_choices":[{"data":"sneckomod:Unknown","floor":1,"key":"SMITH"},{"data":"sneckomod:Nope","floor":13,"key":"SMITH"},{"data":"sneckomod:DangerNoodle","floor":18,"key":"SMITH"},{"floor":30,"key":"REST"},{"data":"sneckomod:MasterEye","floor":35,"key":"SMITH"},{"data":"sneckomod:UnknownRareAttack","floor":40,"key":"SMITH"},{"data":"sneckomod:UnknownUncommonPower","floor":47,"key":"SMITH"}],"circlet_count":0,"master_deck":["sneckomod:SnekBite","sneckomod:Unknown+1","sneckomod:Unknown","sneckomod:UnknownVulnerable","sneckomod:UnknownClassGREEN","sneckomod:Unknown1Cost","sneckomod:UnknownVulnerable","sneckomod:UnknownClassPURPLE","sneckomod:UnknownBlock","sneckomod:MorePower","sneckomod:UnknownClassGUARDIAN+1","sneckomod:DiceBlock","sneckomod:Nope+1","sneckomod:QuickBite","sneckomod:Unknown3Cost+1","sneckomod:SlitherStrike","sneckomod:UnknownCommonAttack+1","sneckomod:DangerNoodle+1","sneckomod:Unknown0Cost+1","sneckomod:ImprovisedAttack","sneckomod:IronFang","sneckomod:MasterEye+1","sneckomod:Nope","sneckomod:UnknownRarePower+1","sneckomod:SoulDraw","sneckomod:ImprovisedGuard","sneckomod:Unknown3Cost+1","sneckomod:UnknownColorless+1","sneckomod:UnknownVulnerable+1","sneckomod:Unknown3Cost+1","sneckomod:WideSting","sneckomod:SerpentIdol","sneckomod:UnknownUncommonPower+1","sneckomod:UnknownX","sneckomod:UnknownCommonSkill","sneckomod:UnknownWeak","sneckomod:UnknownClassPURPLE","sneckomod:UnknownEthereal+1","sneckomod:SoulDraw","sneckomod:UnknownRarePower+1","sneckomod:UnknownRareAttack+1","sneckomod:UnknownEthereal+1","sneckomod:Nope+1","sneckomod:DiceCrush+1","sneckomod:UnknownRareAttack+1","sneckomod:UnknownUncommonPower+1","sneckomod:SnakeSap+1","sneckomod:UnknownUncommonPower+1","sneckomod:UnknownEthereal","sneckomod:UnlimitedRolls","sneckomod:QuickBite+1"],"relics":["sneckomod:SneckoSoul","Meat on the Bone","Bronze Scales","Snecko Eye","PreservedInsect","Gremlin Horn","theSenshi:SpiralHeartMoonRodRelic","Membership Card","Happy Flower","theSenshi:SailorFukuRelic","theSenshi:MoonKaleidoScopeRelic","Lizard Tail","Molten Egg 2","Orichalcum","StoneCalendar"],"acts_visited":["Exordium","TheCity","TheBeyond"],"potions_floor_usage":[10,11,19,25,25,25,36,42,49,49,50,50],"damage_taken":[{"damage":3,"enemies":"Jaw Worm","floor":2,"turns":4},{"damage":5,"enemies":"Small Slimes","floor":3,"turns":3},{"damage":0,"enemies":"downfall:FleeingMerchant","floor":4,"turns":4},{"damage":3,"enemies":"2 Louse","floor":5,"turns":2},{"damage":10,"enemies":"3 Sentries","floor":8,"turns":10},{"damage":17,"enemies":"Large Slime","floor":9,"turns":4},{"damage":6,"enemies":"Exordium Wildlife","floor":10,"turns":2},{"damage":10,"enemies":"downfall:FleeingMerchant","floor":11,"turns":4},{"damage":9,"enemies":"3 Louse","floor":15,"turns":3},{"damage":39,"enemies":"downfall:Ironclad","floor":16,"turns":7},{"damage":16,"enemies":"downfall:FleeingMerchant","floor":19,"turns":4},{"damage":0,"enemies":"Chosen","floor":20,"turns":4},{"damage":0,"enemies":"Colosseum Nobs","floor":21,"turns":2},{"damage":18,"enemies":"Shell Parasite","floor":23,"turns":3},{"damage":0,"enemies":"Chosen and Byrds","floor":25,"turns":3},{"damage":20,"enemies":"Snecko","floor":26,"turns":5},{"damage":26,"enemies":"Shelled Parasite and Fungi","floor":27,"turns":6},{"damage":21,"enemies":"Snake Plant","floor":28,"turns":3},{"damage":44,"enemies":"Gremlin Leader","floor":31,"turns":3},{"damage":4,"enemies":"Snecko","floor":32,"turns":3},{"damage":24,"enemies":"downfall:Watcher","floor":33,"turns":6},{"damage":9,"enemies":"Orb Walker","floor":36,"turns":4},{"damage":27,"enemies":"3 Darklings","floor":38,"turns":4},{"damage":1,"enemies":"Mind Bloom Boss Battle","floor":39,"turns":4},{"damage":9,"enemies":"Nemesis","floor":42,"turns":7},{"damage":0,"enemies":"4 Shapes","floor":45,"turns":2},{"damage":12,"enemies":"Spire Growth","floor":46,"turns":4},{"damage":43,"enemies":"Transient","floor":49,"turns":5},{"damage":212,"enemies":"downfall:Silent","floor":50,"turns":8}],"seed_played":"-3352401199705090625","potions_obtained":[{"floor":2,"key":"AttackPotion"},{"floor":5,"key":"LiquidMemories"},{"floor":9,"key":"SmokeBomb"},{"floor":10,"key":"Strength Potion"},{"floor":21,"key":"EssenceOfSteel"},{"floor":23,"key":"Energy Potion"},{"floor":32,"key":"DuplicationPotion"},{"floor":33,"key":"ColorlessPotion"},{"floor":36,"key":"SpeedPotion"},{"floor":39,"key":"sneckomod:DiceRollPotion"},{"floor":45,"key":"Ancient Potion"},{"floor":49,"key":"SkillPotion"}],"is_trial":false,"path_per_floor":["R","M","M","$","M","?","T","E","M","M","$","?","R","?","M","B",null,"R","$","M","?","$","M","T","M","M","M","M","?","R","E","M","B",null,"R","M","?","M","?","R","T","E","$","?","M","M","R","?","M","B"],"character_chosen":"THE_SNECKO","items_purchased":["sneckomod:Nope","sneckomod:QuickBite","PreservedInsect","sneckomod:IronFang","sneckomod:MasterEye","sneckomod:Nope","hexamod:EctoCoolerPotion","Membership Card","sneckomod:UnknownUncommonPower","sneckomod:SnakeSap+1","sneckomod:OffclassReductionPotion","StoneCalendar"],"campfire_rested":1,"item_purchase_floors":[11,11,19,19,19,19,19,22,43,43,43,43],"current_hp_per_floor":[99,97,93,94,92,103,103,94,78,72,63,63,63,63,55,29,108,108,93,94,94,94,79,79,83,67,58,52,56,91,77,76,83,123,123,117,117,104,105,105,105,99,100,100,110,100,100,112,112,0,0],"gold":61,"neow_bonus":"TEN_PERCENT_HP_BONUS","is_daily":false,"chose_seed":false,"campfire_upgraded":6,"win_rate":0.0,"timestamp":1609364980,"path_taken":["R","M","M","$","M","?","T","E","M","M","$","?","R","?","M","BOSS","R","$","M","?","$","M","T","M","M","M","M","?","R","E","M","BOSS","R","M","?","M","?","R","T","E","$","?","?","M","R","?","M","BOSS"],"items_purchased_type":["Card","Card","Relic","Card","Card","Card","Potion","Relic","Card","Card","Potion","Relic"],"build_version":"2020-12-22","purchased_purges":4,"victory":false,"max_hp_per_floor":[99,100,101,102,103,103,103,104,105,105,106,106,106,106,107,108,108,108,109,110,110,110,111,111,111,113,114,115,119,119,120,121,123,123,123,124,124,124,124,124,124,125,126,126,128,128,128,112,112,112,112],"card_choices":[{"not_picked":["sneckomod:SlitherStrike","sneckomod:UnknownWeak"],"picked":"sneckomod:UnknownVulnerable","floor":2},{"not_picked":["sneckomod:SoulRoll","sneckomod:UnknownClassBLUE"],"picked":"sneckomod:UnknownClassGREEN","floor":3},{"not_picked":["sneckomod:DiceBlock","sneckomod:UnknownClassSAIYAN_CARD_COLOR"],"picked":"sneckomod:Unknown1Cost","floor":4},{"not_picked":["sneckomod:UnknownWeak","sneckomod:DiceCrush"],"picked":"sneckomod:UnknownVulnerable","floor":5},{"not_picked":["sneckomod:UnknownExhaust","sneckomod:UnknownX"],"picked":"sneckomod:UnknownClassPURPLE","floor":8},{"not_picked":["sneckomod:WideSting","sneckomod:QuickBite"],"picked":"sneckomod:UnknownBlock","floor":9},{"not_picked":["sneckomod:SoulRoll","sneckomod:UnknownEthereal"],"picked":"sneckomod:MorePower","floor":10},{"not_picked":["sneckomod:UnknownClassSLIMEBOUND+1","sneckomod:UnknownStrike+1"],"picked":"sneckomod:UnknownClassGUARDIAN+1","floor":11},{"not_picked":["sneckomod:SoulRoll","sneckomod:QuickMove"],"picked":"sneckomod:DiceBlock","floor":11},{"not_picked":["sneckomod:UnknownClassBLUE+1","sneckomod:UnknownBlock+1"],"picked":"sneckomod:Unknown3Cost+1","floor":15},{"not_picked":["sneckomod:UnknownBlock","sneckomod:UnknownWeak"],"picked":"sneckomod:SlitherStrike","floor":15},{"not_picked":["sneckomod:UnknownEthereal+1","sneckomod:UnknownClassHEXA_GHOST_PURPLE+1"],"picked":"sneckomod:UnknownCommonAttack+1","floor":16},{"not_picked":["sneckomod:UnknownRareAttack","sneckomod:MorePower"],"picked":"sneckomod:DangerNoodle","floor":16},{"not_picked":["sneckomod:UnknownClassTHE_CHAMP_GRAY+1","sneckomod:UnknownClassSENSHI_COLOR+1"],"picked":"sneckomod:Unknown0Cost+1","floor":19},{"not_picked":["sneckomod:QuickBite","sneckomod:SnekBeam"],"picked":"sneckomod:ImprovisedAttack","floor":19},{"not_picked":["sneckomod:UnknownCommonSkill+1","sneckomod:UnknownClassBLUE+1"],"picked":"sneckomod:UnknownRarePower+1","floor":20},{"not_picked":["sneckomod:UnknownWeak","sneckomod:IronFang"],"picked":"sneckomod:SoulDraw","floor":20},{"not_picked":["sneckomod:UnknownUncommonSkill","sneckomod:UnknownVulnerable"],"picked":"sneckomod:ImprovisedGuard","floor":21},{"not_picked":["sneckomod:UnknownExhaust+1","sneckomod:UnknownClassRED+1"],"picked":"sneckomod:Unknown3Cost+1","floor":23},{"not_picked":["sneckomod:DangerNoodle","sneckomod:DiceBoulder","sneckomod:UnknownStrike"],"picked":"SKIP","floor":23},{"not_picked":["sneckomod:UnknownX+1","sneckomod:WideSting","sneckomod:SoulRoll+1"],"picked":"SKIP","floor":25},{"not_picked":["sneckomod:UnknownClassPURPLE+1","sneckomod:UnknownClassBLUE+1"],"picked":"sneckomod:UnknownColorless+1","floor":26},{"not_picked":["sneckomod:DangerNoodle","sneckomod:UnknownClassRED+1"],"picked":"sneckomod:UnknownVulnerable+1","floor":26},{"not_picked":["sneckomod:UnknownBlock+1","sneckomod:Unknown+1"],"picked":"sneckomod:Unknown3Cost+1","floor":27},{"not_picked":["sneckomod:Unknown0Cost+1","sneckomod:Nope"],"picked":"sneckomod:WideSting","floor":27},{"not_picked":["sneckomod:UnknownClassSENSHI_COLOR","sneckomod:UnknownClassTHE_CHAMP_GRAY"],"picked":"sneckomod:SerpentIdol","floor":28},{"not_picked":["sneckomod:UnknownClassTHE_CHAMP_GRAY+1","sneckomod:UnknownCommonAttack+1"],"picked":"sneckomod:UnknownUncommonPower+1","floor":28},{"not_picked":["sneckomod:UnknownClassSAIYAN_CARD_COLOR","sneckomod:UnknownClassGREEN"],"picked":"sneckomod:UnknownClassPURPLE","floor":31},{"not_picked":["sneckomod:Unknown1Cost+1","sneckomod:UnknownClassTHE_CHAMP_GRAY+1"],"picked":"sneckomod:UnknownEthereal+1","floor":32},{"not_picked":["sneckomod:UnknownClassBLUE+1","sneckomod:UnknownUncommonAttack+1"],"picked":"sneckomod:SoulDraw","floor":32},{"not_picked":["sneckomod:Unknown3Cost+1","sneckomod:UnknownX+1"],"picked":"sneckomod:UnknownRarePower+1","floor":33},{"not_picked":["sneckomod:Restock","sneckomod:DangerNoodle"],"picked":"sneckomod:UnknownRareAttack","floor":33},{"not_picked":["sneckomod:UnknownClassSAIYAN_CARD_COLOR+1","sneckomod:UnknownClassTHE_CHAMP_GRAY+1"],"picked":"sneckomod:UnknownEthereal+1","floor":36},{"not_picked":["sneckomod:UnknownCommonAttack+1","sneckomod:UnknownWeak","sneckomod:UnknownClassPURPLE+1"],"picked":"SKIP","floor":36},{"not_picked":["sneckomod:UnknownCommonSkill+1","sneckomod:UnknownClassSLIMEBOUND+1"],"picked":"sneckomod:Nope+1","floor":38},{"not_picked":["sneckomod:UnknownUncommonSkill","sneckomod:Unknown1Cost+1"],"picked":"sneckomod:DiceCrush+1","floor":39},{"not_picked":["sneckomod:SoulRoll","sneckomod:QuickMove"],"picked":"sneckomod:UnknownRareAttack+1","floor":42},{"not_picked":["sneckomod:UnknownClassSAIYAN_CARD_COLOR+1","sneckomod:UnknownClassTHE_CHAMP_GRAY+1"],"picked":"sneckomod:UnknownUncommonPower+1","floor":45},{"not_picked":["sneckomod:UnknownWeak+1","sneckomod:UnknownCommonSkill"],"picked":"sneckomod:UnknownEthereal","floor":45},{"not_picked":["sneckomod:Unknown1Cost","sneckomod:SlitherStrike+1"],"picked":"sneckomod:UnlimitedRolls","floor":46},{"not_picked":["sneckomod:UnknownX","sneckomod:Nope"],"picked":"sneckomod:QuickBite+1","floor":49}],"player_experience":188453,"relics_obtained":[{"floor":7,"key":"Meat on the Bone"},{"floor":8,"key":"Bronze Scales"},{"floor":21,"key":"Gremlin Horn"},{"floor":21,"key":"theSenshi:SpiralHeartMoonRodRelic"},{"floor":24,"key":"Happy Flower"},{"floor":31,"key":"theSenshi:SailorFukuRelic"},{"floor":39,"key":"Lizard Tail"},{"floor":41,"key":"Molten Egg 2"},{"floor":42,"key":"Orichalcum"}],"event_choices":[{"damage_healed":34,"gold_gain":0,"player_choice":"Banana","damage_taken":0,"max_hp_gain":0,"max_hp_loss":0,"event_name":"Big Fish","floor":6,"gold_loss":0},{"cards_removed":["sneckomod:UnknownX"],"damage_healed":0,"gold_gain":0,"player_choice":"Removed Skill","damage_taken":0,"max_hp_gain":0,"max_hp_loss":0,"event_name":"Falling","floor":37,"gold_loss":0}],"is_beta":false,"boss_relics":[{"not_picked":["Sozu","Philosopher\u0027s Stone"],"picked":"Snecko Eye"},{"not_picked":["SlaversCollar","Tiny House"],"picked":"theSenshi:MoonKaleidoScopeRelic"}],"items_purged_floors":[4,19,22,43],"is_endless":false,"potions_floor_spawned":[2,5,9,10,21,23,32,33,36,39,45,49],"killed_by":"downfall:Silent","ascension_level":0}}