{"host":"tq7pufgtqftqw8yr","time":1609348572,"event":{"mods":["BaseMod","Downfall","Minty Spire (QoL Compilation)","StSLib"],"gold_per_floor":[99,116,135,154,154,104,104,54,39,39,24,24,49,224,242,340,340,215,228,245,245,263,276,301,301,301,176,188,55,67,79,95,198,198,148,48,65,65,78,103,103,53,68,86,36,55,5,21,37,37],"floor_reached":51,"playtime":3474,"items_purged":["Doubt","Writhe"],"score":708,"play_id":"09422d4a-e208-4751-9aa5-b5c6cbba3be4","local_time":"20201231011612","is_ascension_mode":false,"campfire_choices":[{"data":"Slimebound:CorrosiveSpit","floor":1,"key":"SMITH"},{"data":"Slimebound:Split","floor":6,"key":"SMITH"},{"floor":8,"key":"RECALL"},{"data":"Slimebound:RollThrough","floor":10,"key":"SMITH"},{"data":"Slimebound:LeechEnergy","floor":12,"key":"SMITH"},{"data":"Slimebound:MassRepurpose","floor":18,"key":"SMITH"},{"data":"Slimebound:OneTwoCombo","floor":27,"key":"SMITH"},{"data":"Slimebound:SelfFormingGoo","floor":35,"key":"SMITH"},{"data":"Slimebound:MinionMaster","floor":42,"key":"SMITH"},{"data":"Slimebound:LeadByExample","floor":45,"key":"SMITH"},{"data":"Slimebound:SlimeSpikes","floor":47,"key":"SMITH"}],"circlet_count":0,"master_deck":["Slimebound:Strike_Slimebound","Slimebound:Strike_Slimebound","Slimebound:Strike_Slimebound","Slimebound:Tackle","Slimebound:Defend_Slimebound","Slimebound:Defend_Slimebound","Slimebound:Defend_Slimebound","Slimebound:Defend_Slimebound","Slimebound:Split+1","Slimebound:CorrosiveSpit+1","Slimebound:LeechEnergy+1","Slimebound:RollThrough+1","Slimebound:SplitMire","Slimebound:OneTwoCombo+1","Slimebound:PressTheAttack","Slimebound:RejuvenatingLick","Slimebound:RainOfGoop","Slimebound:MassRepurpose+1","Slimebound:SplitLeeching","Slimebound:SplitLeeching","Slimebound:Schlurp+1","Slimebound:LeechEnergy+1","Slimebound:SelfFormingGoo+1","Slimebound:LeadByExample+1","Slimebound:SlimeSpikes+1","Slimebound:RejuvenatingLick","Slimebound:SplitBruiser","Slimebound:SplitMire","Slimebound:MinionMaster+1","Pain","Slimebound:SplitMire+1","Slimebound:SpikyOuterGoop+1","Slimebound:Nibble+1"],"relics":["Slimebound:AbsorbEndCombat","Slimebound:GreedOozeRelic","Pantograph","Sozu","downfall:HeartBlessingRed","Vajra","Bronze Scales","downfall:HeartBlessingBlue","Sling","Anchor","Cursed Key","Bag of Marbles","Unceasing Top"],"acts_visited":["Exordium","TheCity","TheBeyond"],"potions_floor_usage":[23,28],"damage_taken":[{"damage":9,"enemies":"Jaw Worm","floor":2,"turns":4},{"damage":7,"enemies":"Small Slimes","floor":3,"turns":3},{"damage":10,"enemies":"2 Louse","floor":4,"turns":2},{"damage":17,"enemies":"downfall:FleeingMerchant","floor":9,"turns":4},{"damage":25,"enemies":"downfall:FleeingMerchant","floor":11,"turns":4},{"damage":24,"enemies":"3 Sentries","floor":13,"turns":3},{"damage":9,"enemies":"Exordium Thugs","floor":15,"turns":3},{"damage":47,"enemies":"downfall:Watcher","floor":16,"turns":6},{"damage":9,"enemies":"Chosen","floor":19,"turns":3},{"damage":12,"enemies":"3 Byrds","floor":20,"turns":3},{"damage":15,"enemies":"Snecko","floor":22,"turns":3},{"damage":25,"enemies":"Snake Plant","floor":23,"turns":2},{"damage":21,"enemies":"Shelled Parasite and Fungi","floor":28,"turns":2},{"damage":40,"enemies":"downfall:FleeingMerchant","floor":29,"turns":3},{"damage":12,"enemies":"Snecko","floor":30,"turns":4},{"damage":8,"enemies":"Cultist and Chosen","floor":31,"turns":3},{"damage":16,"enemies":"Centurion and Healer","floor":32,"turns":3},{"damage":78,"enemies":"downfall:Ironclad","floor":33,"turns":5},{"damage":12,"enemies":"3 Shapes","floor":37,"turns":2},{"damage":30,"enemies":"3 Darklings","floor":39,"turns":3},{"damage":32,"enemies":"Reptomancer","floor":40,"turns":5},{"damage":26,"enemies":"Writhing Mass","floor":43,"turns":3},{"damage":30,"enemies":"Transient","floor":44,"turns":5},{"damage":16,"enemies":"Jaw Worm Horde","floor":46,"turns":3},{"damage":24,"enemies":"Maw","floor":48,"turns":4},{"damage":13,"enemies":"Sphere and 2 Shapes","floor":49,"turns":3},{"damage":44,"enemies":"downfall:Defect","floor":50,"turns":4}],"seed_played":"-2518561588459724529","potions_obtained":[{"floor":13,"key":"champ:CounterPotion"},{"floor":15,"key":"champ:CounterPotion"},{"floor":16,"key":"Explosive Potion"}],"is_trial":false,"path_per_floor":["R","M","M","M","?","R","T","R","$","R","$","R","E","?","M","B",null,"R","M","M","?","M","M","T","?","?","R","M","$","M","M","M","B",null,"R","$","M","?","M","E","T","R","M","M","R","M","R","M","M","B",null],"character_chosen":"SLIMEBOUND","items_purchased":["Slimebound:LeadByExample","Sling","Anchor"],"campfire_rested":0,"item_purchase_floors":[29,29,29],"current_hp_per_floor":[66,64,65,63,63,63,63,63,66,66,64,64,58,58,59,48,66,66,66,66,66,63,45,45,45,45,55,56,48,58,74,72,32,76,76,76,76,86,75,86,86,86,78,78,78,78,78,84,85,72],"gold":37,"neow_bonus":"TEN_PERCENT_HP_BONUS","is_daily":false,"chose_seed":false,"campfire_upgraded":10,"win_rate":0.0,"timestamp":1609348572,"path_taken":["R","M","M","M","?","R","T","R","$","R","$","R","E","?","M","BOSS","R","M","M","?","M","M","T","?","?","R","M","$","?","M","M","BOSS","R","$","M","?","M","E","T","R","M","M","R","M","R","M","M","BOSS"],"items_purchased_type":["Card","Relic","Relic"],"build_version":"2020-12-22","purchased_purges":2,"victory":true,"max_hp_per_floor":[66,66,66,66,66,66,66,66,66,66,66,66,66,66,66,66,66,66,66,66,66,66,66,66,66,66,76,76,76,76,76,76,76,76,76,76,76,86,86,86,86,86,86,86,86,86,86,86,86,86],"card_choices":[{"not_picked":["Slimebound:ViciousTackle","Slimebound:SplitAcid"],"picked":"Slimebound:LeechEnergy","floor":2},{"not_picked":["Slimebound:SlimeSpikes","Slimebound:FirmFortitude"],"picked":"Slimebound:RollThrough","floor":3},{"not_picked":["Slimebound:SamplingLick","Slimebound:AcidTongue"],"picked":"Slimebound:SplitMire","floor":4},{"not_picked":["Slimebound:SplitSpecialist","Slimebound:FormOfPuddle"],"picked":"Slimebound:OneTwoCombo","floor":9},{"not_picked":["Slimebound:RollThrough","Slimebound:GoopTackle"],"picked":"Slimebound:PressTheAttack","floor":11},{"not_picked":["Slimebound:TongueLash","Slimebound:SamplingLick"],"picked":"Slimebound:RejuvenatingLick","floor":13},{"not_picked":["Slimebound:SplitLeeching","Slimebound:LeechingTouch"],"picked":"Slimebound:RainOfGoop","floor":15},{"not_picked":["Slimebound:PrepareCrush","Slimebound:DuplicatedForm"],"picked":"Slimebound:MassRepurpose","floor":16},{"not_picked":["Slimebound:GoopSpray","Slimebound:FormOfPuddle","Slimebound:ForwardTackle+1"],"picked":"SKIP","floor":19},{"not_picked":["Slimebound:RainOfGoop+1","Slimebound:SlimeTap"],"picked":"Slimebound:SplitLeeching","floor":20},{"not_picked":["Slimebound:SplitAcid","Slimebound:LeechingTouch"],"picked":"Slimebound:SplitLeeching","floor":22},{"not_picked":["Slimebound:TongueLash+1","Slimebound:ComboTackle"],"picked":"Slimebound:Schlurp+1","floor":23},{"not_picked":["Slimebound:SlimeSpikes","Slimebound:FinishingTackle+1"],"picked":"Slimebound:LeechEnergy+1","floor":28},{"not_picked":["Slimebound:Schlurp","Slimebound:DisruptingSlam"],"picked":"Slimebound:SelfFormingGoo","floor":29},{"not_picked":["Slimebound:FlameTackle","Slimebound:GrowthPunch"],"picked":"Slimebound:SlimeSpikes","floor":30},{"not_picked":["Slimebound:TongueLash","Slimebound:GoopSpray"],"picked":"Slimebound:RejuvenatingLick","floor":31},{"not_picked":["Slimebound:PressTheAttack","Slimebound:DisruptingSlam"],"picked":"Slimebound:SplitBruiser","floor":32},{"not_picked":["Slimebound:PrepareCrush","Slimebound:Teamwork"],"picked":"Slimebound:MassFeed","floor":33},{"not_picked":["Slimebound:FinishingTackle+1","Slimebound:ViciousTackle+1"],"picked":"Slimebound:SplitMire","floor":37},{"not_picked":["Slimebound:SplitAcid+1","Slimebound:PressTheAttack+1","Slimebound:SlimeSpikes"],"picked":"SKIP","floor":39},{"not_picked":["Slimebound:RollThrough","Slimebound:PressTheAttack"],"picked":"Slimebound:MinionMaster","floor":40},{"not_picked":["Slimebound:SplitMire+1","Slimebound:ViciousTackle","Slimebound:SamplingLick+1"],"picked":"SKIP","floor":43},{"not_picked":["Slimebound:Schlurp+1","Slimebound:ForwardTackle+1"],"picked":"Slimebound:SplitMire+1","floor":44},{"not_picked":["Slimebound:LivingWall+1","Slimebound:SplitAcid+1"],"picked":"Slimebound:SpikyOuterGoop+1","floor":46},{"not_picked":["Slimebound:SlimeTap+1","Slimebound:SamplingLick+1"],"picked":"Slimebound:Nibble+1","floor":48},{"not_picked":["Slimebound:ViciousTackle+1","Slimebound:RainOfGoop+1","Slimebound:BestDefense+1"],"picked":"SKIP","floor":49}],"player_experience":770094,"relics_obtained":[{"floor":13,"key":"Pantograph"},{"floor":24,"key":"Bronze Scales"},{"floor":40,"key":"Bag of Marbles"},{"floor":41,"key":"Unceasing Top"}],"event_choices":[{"cards_removed":["Slimebound:MassFeed"],"damage_healed":0,"gold_gain":0,"player_choice":"Offered Rare","damage_taken":0,"max_hp_gain":10,"max_hp_loss":0,"event_name":"Bonfire Elementals","floor":38,"gold_loss":0}],"is_beta":false,"boss_relics":[{"not_picked":["Black Star","Busted Crown"],"picked":"Sozu"},{"not_picked":["Coffee Dripper","Velvet Choker"],"picked":"Cursed Key"}],"items_purged_floors":[29,36],"is_endless":false,"potions_floor_spawned":[13,15,16,20,22,28,33,37,40,44,48,49],"ascension_level":0}}