{"host":"g75gtovmj0ine2rf","time":1609300289,"event":{"mods":["2.2 Compatiblity","AchievementEnabler","Act Like it!","Aspiration","Astrologer","Bard","BaseMod","Better Match","BetterRewards","CapriCore","Challenge The Spire","ChefMod","Colored Map","Conspire","Elementarium","Energized Spire","Friendly Minions","Gensokyo","Halation","Hallownest","Hermit","HexUI Lib","Highlight Path","Hubris","Infinite Spire","Jedi Mod","Lobotomy","Menagerie","Minty Spire (QoL Compilation)","Puzzle Mod","Quick Restart","Rare Cards Sparkle","Relic Stats","Replay The Spire","Robot Space Explorer","Shade Mod","Shop Mod","Spicy Shops","StSLib","SuperFastMode","The Construct","The Cursed","The Dragon Tamer","The Factory","The Jungle","The Marked","The Runesmith","TheBandit","TheFirefly","TheSwordswoman","TheVacant","Transform Curses","Wandering Minibosses","thorton","vexMod"],"gold_per_floor":[112,132,82,82,92,124,124,145,145,145,145,2,39,34,34,141,141,131,56,78,3,35,35,35],"floor_reached":23,"playtime":1470,"items_purged":["RobotSpaceExplorer:Strike"],"score":247,"play_id":"68352610-cd8f-4166-b587-f9d2e3d7de04","local_time":"20201230145129","is_ascension_mode":true,"campfire_choices":[{"data":"RobotSpaceExplorer:Reload","floor":7,"key":"SMITH"},{"floor":10,"key":"REST"},{"data":"RobotSpaceExplorer:FrostMissile","floor":15,"key":"SMITH"}],"circlet_count":0,"master_deck":["RobotSpaceExplorer:Strike","RobotSpaceExplorer:Defend","RobotSpaceExplorer:Defend","RobotSpaceExplorer:Defend","RobotSpaceExplorer:Defend","RobotSpaceExplorer:Scan","RobotSpaceExplorer:MiniLasers","RobotSpaceExplorer:ScrapShield","RobotSpaceExplorer:FrostMissile+1","RobotSpaceExplorer:Reload+1","conspire:SpireCoStock","RobotSpaceExplorer:StunGrenade","Rainbow","Heatsinks+1","RobotSpaceExplorer:ShockMissile"],"relics":["RobotSpaceExplorer:RoboCore","conspire:InfiniteJournal","Tiny Chest","Replay:Mystery Machine","aspiration:DefectSkillbook","halation:KoshaPiece"],"acts_visited":["Exordium","Gensokyo:Gensokyo"],"potions_floor_usage":[13,16,18,18,20],"damage_taken":[{"damage":0,"enemies":"Gensokyo:2_Kodama","floor":1,"turns":4},{"damage":0,"enemies":"Gensokyo:Gryphon","floor":2,"turns":4},{"damage":0,"enemies":"Gensokyo:3_Fairies","floor":5,"turns":4},{"damage":15,"enemies":"Gensokyo:Cirno","floor":6,"turns":8},{"damage":6,"enemies":"Gensokyo:Gryphon_and_Rabbit","floor":8,"turns":4},{"damage":0,"enemies":"Gensokyo:Mamizou","floor":13,"turns":5},{"damage":12,"enemies":"Gensokyo:VengefulSpirit","floor":14,"turns":6},{"damage":25,"enemies":"Gensokyo:Yukari","floor":16,"turns":12},{"damage":6,"enemies":"Hallownest:Flukemon_and_Top","floor":18,"turns":7},{"damage":17,"enemies":"Hallownest:3_Youths","floor":20,"turns":7},{"damage":24,"enemies":"Hallownest:Master_and_Novice","floor":22,"turns":11},{"damage":33,"enemies":"Hallownest:eliteWatcherKnight","floor":23,"turns":8}],"seed_played":"-2685422826489077295","potions_obtained":[{"floor":5,"key":"jedi:StrikingPotion"},{"floor":8,"key":"jedi:StrikingPotion"},{"floor":14,"key":"Explosive Potion"},{"floor":16,"key":"AttackPotion"},{"floor":18,"key":"Regen Potion"},{"floor":22,"key":"jedi:tentaclejuice"}],"is_trial":false,"path_per_floor":["M","M","?","?","M","E","R","M","T","R","?","$","E","M","R","B",null,"M","?","M","$","M","E"],"character_chosen":"RobotSpaceExplorer","items_purchased":["Tiny Chest"],"campfire_rested":1,"item_purchase_floors":[12],"current_hp_per_floor":[54,54,54,54,54,39,39,33,33,55,55,55,55,43,43,18,75,69,69,64,64,40,7,7],"gold":35,"neow_bonus":"TRANSFORM_TWO_CARDS","is_daily":false,"chose_seed":false,"campfire_upgraded":2,"win_rate":0.0,"timestamp":1609300289,"path_taken":["M","?","?","?","?","E","R","M","T","R","?","$","E","M","R","BOSS","M","?","?","$","M","E"],"items_purchased_type":["Relic"],"build_version":"2020-12-22","purchased_purges":1,"victory":false,"max_hp_per_floor":[75,75,75,75,75,75,75,75,75,75,75,75,75,75,75,75,75,75,75,75,75,75,75,75],"relic_stats":{"counters":[12,80],"Tiny Chest":0,"obtain_stats":[{"Matryoshka":9,"aspiration:DefectSkillbook":17,"RobotSpaceExplorer:RoboCore":0,"Gensokyo:OccultBall":11,"Tiny Chest":12,"halation:KoshaPiece":18,"Replay:Mystery Machine":13,"conspire:InfiniteJournal":6},{"Matryoshka":5,"aspiration:DefectSkillbook":8,"RobotSpaceExplorer:RoboCore":0,"Gensokyo:OccultBall":5,"Tiny Chest":5,"halation:KoshaPiece":9,"Replay:Mystery Machine":6,"conspire:InfiniteJournal":4},{"Matryoshka":24,"aspiration:DefectSkillbook":47,"RobotSpaceExplorer:RoboCore":0,"Gensokyo:OccultBall":24,"Tiny Chest":24,"halation:KoshaPiece":54,"Replay:Mystery Machine":29,"conspire:InfiniteJournal":20}]},"card_choices":[{"not_picked":["RobotSpaceExplorer:Ammunition","RobotSpaceExplorer:ShovelStrike"],"picked":"RobotSpaceExplorer:Reload","floor":1},{"not_picked":["RobotSpaceExplorer:Probe","RobotSpaceExplorer:Smokescreen","RobotSpaceExplorer:SlimeMissile"],"picked":"SKIP","floor":2},{"not_picked":["RobotSpaceExplorer:SwiftStep","RobotSpaceExplorer:ImprovisedAttack"],"picked":"RobotSpaceExplorer:DroneSwarm","floor":5},{"not_picked":["RobotSpaceExplorer:Ammunition","RobotSpaceExplorer:ShockKick","RobotSpaceExplorer:FranticSearch"],"picked":"SKIP","floor":6},{"not_picked":["RobotSpaceExplorer:StunGrenade","RobotSpaceExplorer:Electropulse","RobotSpaceExplorer:FrostMissile"],"picked":"SKIP","floor":8},{"not_picked":["RobotSpaceExplorer:MetalStrike","RobotSpaceExplorer:SurgingShield","RobotSpaceExplorer:SurgingStrike"],"picked":"SKIP","floor":13},{"not_picked":["RobotSpaceExplorer:GlueShot","RobotSpaceExplorer:ShockKick","RobotSpaceExplorer:SurgingShield"],"picked":"SKIP","floor":14},{"not_picked":["RobotSpaceExplorer:ChargingLaser","RobotSpaceExplorer:BlastShield"],"picked":"RobotSpaceExplorer:Exploration","floor":16},{"not_picked":["RobotSpaceExplorer:FranticSearch","Sweeping Beam","Go for the Eyes"],"picked":"Rainbow","floor":18},{"not_picked":["Fusion+1","ReplayTheSpireMod:Calculation Training+1","Rip and Tear+1"],"picked":"Heatsinks+1","floor":19},{"not_picked":["RobotSpaceExplorer:ShovelStrike+1","Sweeping Beam","RobotSpaceExplorer:Jetpack+1","RobotSpaceExplorer:StarDust"],"picked":"SKIP","floor":20},{"not_picked":["RobotSpaceExplorer:SurgingShield","ReplayTheSpireMod:Reroute Power","Rebound"],"picked":"RobotSpaceExplorer:ShockMissile","floor":22}],"player_experience":1357747,"relics_obtained":[{"floor":6,"key":"conspire:InfiniteJournal"},{"floor":9,"key":"Matryoshka"},{"floor":13,"key":"Replay:Mystery Machine"},{"floor":16,"key":"Gensokyo:OccultBall"},{"floor":18,"key":"halation:KoshaPiece"}],"event_choices":[{"damage_healed":0,"gold_gain":0,"player_choice":"Invest 1","damage_taken":0,"max_hp_gain":0,"max_hp_loss":0,"event_name":"conspire:Investor","floor":3,"gold_loss":0},{"damage_healed":0,"gold_gain":0,"player_choice":"2","damage_taken":0,"max_hp_gain":0,"max_hp_loss":0,"event_name":"betterMatch:BetterMatch","floor":19,"gold_loss":0,"cards_obtained":["betterMatch:UncommonCard"]}],"is_beta":false,"boss_relics":[{"not_picked":["Replay:Ancient Bell","SlaversCollar"],"picked":"aspiration:DefectSkillbook"}],"items_purged_floors":[21],"is_endless":false,"potions_floor_spawned":[5,8,14,16,18,22],"killed_by":"Hallownest:eliteWatcherKnight","ascension_level":2}}