{"host":"nzm1i0l8mrsm8hd2","time":1609332488,"event":{"mods":["Act Like it!","BaseMod","Conspire","Gensokyo","Minty Spire (QoL Compilation)","Pale of the Ancients","Quick Restart","RumiaBox-露米娅的神秘盒子","Spicy Shops","StSLib","The Alterego"],"gold_per_floor":[161,86,86,86,101,133,33,60,60,60,79,114,134,153,153,250,250,267,267,267,267,284,310,327,360,360,225,275,339,353,368,368,471,471,486,160,156,204,48,48,81,98,122,122,122,134,153,153,153,153,153],"floor_reached":50,"playtime":3423,"items_purged":["alterego_mod:Strike","alterego_mod:Defend","alterego_mod:Defend","alterego_mod:Defend"],"score":699,"play_id":"e4a2c858-2301-4ae2-8ca1-1b83e6024063","local_time":"20201230204808","is_ascension_mode":false,"campfire_choices":[{"data":"alterego_mod:Clones","floor":15.0,"key":"SMITH"},{"data":"alterego_mod:ClassAdvantage","floor":32.0,"key":"SMITH"},{"data":"alterego_mod:Birthday","floor":40.0,"key":"SMITH"},{"data":"alterego_mod:BigMeatyClaws","floor":45.0,"key":"SMITH"},{"floor":49.0,"key":"RECALL"}],"circlet_count":0,"master_deck":["alterego_mod:Strike+1","alterego_mod:Impale","alterego_mod:BigMeatyClaws","alterego_mod:BrynhildrsRune","alterego_mod:Bounce","alterego_mod:BeGentle","alterego_mod:Clones+1","alterego_mod:Cushion","alterego_mod:IndependentAction","alterego_mod:BreastValley","alterego_mod:Bounce","alterego_mod:ClassAdvantage+1","alterego_mod:Bounce","alterego_mod:ChallengeComplete","alterego_mod:BoobPocket","alterego_mod:DiscoLights+1","alterego_mod:Cushion+1","alterego_mod:AlterEgo","alterego_mod:Birthday+1","alterego_mod:TrashNCrash+1","alterego_mod:MagicResistance+1","alterego_mod:Bounce","alterego_mod:Bounce+1","alterego_mod:Strike+1","alterego_mod:Impale","alterego_mod:BigMeatyClaws+1","alterego_mod:BrynhildrsRune","alterego_mod:Bounce","alterego_mod:BeGentle","alterego_mod:Clones+1","alterego_mod:Cushion","alterego_mod:IndependentAction","alterego_mod:BreastValley","alterego_mod:Bounce","alterego_mod:ClassAdvantage+1","alterego_mod:Bounce","alterego_mod:ChallengeComplete","alterego_mod:BoobPocket","alterego_mod:DiscoLights+1","alterego_mod:Cushion+1","alterego_mod:AlterEgo","alterego_mod:Birthday+1","alterego_mod:TrashNCrash+1","alterego_mod:MagicResistance+1","alterego_mod:Bounce","alterego_mod:Bounce+1","alterego_mod:DiscoLights+1"],"relics":["Tiny House","Baka2","PreservedInsect","ZombieArmy","GodSword3","Shuriken","LastBattle","conspire:SeveredTorchhead","Gremlin Horn","conspire:TopHat","Sundial","SoulBox","Art of War","alterego_mod:SistersRibbon","Lantern","Regal Pillow"],"acts_visited":["Exordium","TheCity","TheBeyond"],"potions_floor_usage":[50],"damage_taken":[{"damage":0.0,"enemies":"Small Slimes","floor":1.0,"turns":4.0},{"damage":0.0,"enemies":"2 Louse","floor":5.0,"turns":4.0},{"damage":6.0,"enemies":"3 Sentries","floor":6.0,"turns":9.0},{"damage":0.0,"enemies":"Jaw Worm","floor":11.0,"turns":2.0},{"damage":0.0,"enemies":"Lagavulin","floor":12.0,"turns":5.0},{"damage":36.0,"enemies":"Large Slime","floor":13.0,"turns":5.0},{"damage":0.0,"enemies":"Exordium Wildlife","floor":14.0,"turns":3.0},{"damage":29.0,"enemies":"Hexaghost","floor":16.0,"turns":8.0},{"damage":8.0,"enemies":"Shell Parasite","floor":18.0,"turns":4.0},{"damage":11.0,"enemies":"2 Thieves","floor":22.0,"turns":3.0},{"damage":12.0,"enemies":"Book of Stabbing","floor":23.0,"turns":4.0},{"damage":0.0,"enemies":"Snake Plant","floor":24.0,"turns":3.0},{"damage":1.0,"enemies":"Gremlin Leader","floor":25.0,"turns":4.0},{"damage":0.0,"enemies":"Snecko","floor":27.0,"turns":3.0},{"damage":25.0,"enemies":"Shelled Parasite and Fungi","floor":29.0,"turns":5.0},{"damage":6.0,"enemies":"Sentry and Sphere","floor":30.0,"turns":3.0},{"damage":24.0,"enemies":"Snecko","floor":31.0,"turns":7.0},{"damage":6.0,"enemies":"conspire:MysteriousRune","floor":33.0,"turns":9.0},{"damage":35.0,"enemies":"3 Darklings","floor":35.0,"turns":7.0},{"damage":19.0,"enemies":"3 Shapes","floor":37.0,"turns":3.0},{"damage":5.0,"enemies":"conspire:MimicChest","floor":38.0,"turns":5.0},{"damage":17.0,"enemies":"Giant Head","floor":41.0,"turns":4.0},{"damage":2.0,"enemies":"Sphere and 2 Shapes","floor":42.0,"turns":5.0},{"damage":0.0,"enemies":"Spire Growth","floor":46.0,"turns":3.0},{"damage":134.0,"enemies":"Maw","floor":47.0,"turns":5.0},{"damage":109,"enemies":"conspire:OrnateMirror","floor":50,"turns":5}],"seed_played":"8494497149556850051","potions_obtained":[{"floor":0.0,"key":"AttackPotion"},{"floor":5.0,"key":"Strength Potion"},{"floor":6.0,"key":"Fire Potion"},{"floor":22.0,"key":"Block Potion"},{"floor":23.0,"key":"SmokeBomb"},{"floor":27.0,"key":"LiquidMemories"},{"floor":30.0,"key":"EssenceOfSteel"},{"floor":35.0,"key":"Energy Potion"},{"floor":38.0,"key":"Ancient Potion"},{"floor":42.0,"key":"AttackPotion"},{"floor":46.0,"key":"BlessingOfTheForge"}],"is_trial":false,"path_per_floor":["M","$","?","?","M","E","$","T","T","?","M","E","M","M","R","B",null,"M","?","?","?","M","E","M","E","T","M","?","M","M","M","R","B",null,"M","$","M","?","$","R","E","M","T","?","R","M","M","$","R","B"],"character_chosen":"The_Alterego","items_purchased":["alterego_mod:Birthday","alterego_mod:SistersRibbon"],"campfire_rested":0,"item_purchase_floors":[36,39],"current_hp_per_floor":[75,75,68,68,68,62,62,62,62,59,59,71,75,75,75,46,75,74,74,74,74,63,51,51,50,50,50,50,31,32,8,8,2,75,47,47,70,67,67,67,50,58,58,58,58,58,75,75,75,0,0],"gold":153,"neow_bonus":"BOSS_RELIC","is_daily":false,"chose_seed":false,"campfire_upgraded":4,"win_rate":0.0,"timestamp":1609332488,"path_taken":["M","$","?","?","M","E","$","?","T","?","M","E","M","M","R","BOSS","M","?","?","?","M","E","M","E","T","M","?","M","?","M","R","BOSS","M","$","M","?","$","R","E","?","T","?","R","M","?","$","R","BOSS"],"items_purchased_type":["Card","Relic"],"build_version":"2020-12-22","purchased_purges":4,"victory":false,"max_hp_per_floor":[75,75,75,75,75,75,75,75,75,75,75,75,75,75,75,75,75,75,75,75,75,75,75,75,75,75,75,75,75,75,75,75,75,75,75,75,75,75,75,75,75,75,75,75,75,75,75,75,75,75,75],"card_choices":[{"not_picked":["alterego_mod:1TonWallop","alterego_mod:Rip"],"picked":"alterego_mod:Bounce","floor":0.0},{"not_picked":["alterego_mod:RidiculouslyBig","alterego_mod:Bloomers"],"picked":"alterego_mod:BeGentle","floor":1.0},{"not_picked":["alterego_mod:Complex","alterego_mod:BreastValley"],"picked":"alterego_mod:Cushion","floor":5.0},{"not_picked":["alterego_mod:SakuraPetals","alterego_mod:Valentines","alterego_mod:Pet"],"picked":"SKIP","floor":6.0},{"not_picked":["alterego_mod:MagicResistance","alterego_mod:PerceptionDisorder"],"picked":"alterego_mod:IndependentAction","floor":11.0},{"not_picked":["alterego_mod:Rip","alterego_mod:Punishment","alterego_mod:Cycle"],"picked":"SKIP","floor":12.0},{"not_picked":["alterego_mod:Cycle","alterego_mod:Pet"],"picked":"alterego_mod:BreastValley","floor":13.0},{"not_picked":["alterego_mod:BoobPocket","alterego_mod:RidiculouslyBig"],"picked":"alterego_mod:Bounce","floor":14.0},{"not_picked":["alterego_mod:Vow","alterego_mod:STier"],"picked":"alterego_mod:ClassAdvantage","floor":16.0},{"not_picked":["alterego_mod:Lingerie","alterego_mod:HighServant","alterego_mod:Jiggle"],"picked":"SKIP","floor":18.0},{"not_picked":["alterego_mod:Collar","alterego_mod:BustOut","alterego_mod:Cycle"],"picked":"SKIP","floor":22.0},{"not_picked":["alterego_mod:STier","alterego_mod:Clap"],"picked":"alterego_mod:ChallengeComplete","floor":23.0},{"not_picked":["alterego_mod:PerceptionDisorder","alterego_mod:Cycle+1","alterego_mod:Jiggle+1"],"picked":"SKIP","floor":24.0},{"not_picked":["alterego_mod:1TonWallop+1","alterego_mod:GIGAMILK","alterego_mod:DiscoLights"],"picked":"SKIP","floor":25.0},{"not_picked":["alterego_mod:PerceptionDisorder","alterego_mod:Bloomers","alterego_mod:Schoolgirl"],"picked":"SKIP","floor":27.0},{"not_picked":["alterego_mod:HighServant","alterego_mod:DiscoLights"],"picked":"alterego_mod:BoobPocket","floor":29.0},{"not_picked":["alterego_mod:PerceptionDisorder","alterego_mod:Rip"],"picked":"alterego_mod:DiscoLights+1","floor":30.0},{"not_picked":["alterego_mod:Weigh","alterego_mod:Cycle"],"picked":"alterego_mod:Cushion+1","floor":31.0},{"not_picked":["alterego_mod:Tantrum","alterego_mod:Valkyrie"],"picked":"alterego_mod:AlterEgo","floor":33.0},{"not_picked":["alterego_mod:Pet+1","alterego_mod:Mirror+1"],"picked":"alterego_mod:Belle+1","floor":35.0},{"not_picked":["alterego_mod:Cycle+1","alterego_mod:Stockings+1"],"picked":"alterego_mod:TrashNCrash+1","floor":37.0},{"not_picked":["alterego_mod:Pet","alterego_mod:1TonWallop+1"],"picked":"alterego_mod:MagicResistance+1","floor":38.0},{"not_picked":["alterego_mod:Crossover+1","alterego_mod:Belts"],"picked":"alterego_mod:Bounce","floor":41.0},{"not_picked":["alterego_mod:BustOut","alterego_mod:HighServant"],"picked":"alterego_mod:Bounce+1","floor":42.0},{"not_picked":["alterego_mod:Skirt","alterego_mod:Pet"],"picked":"alterego_mod:DiscoLights+1","floor":46.0},{"not_picked":["alterego_mod:1TonWallop+1","alterego_mod:Bloomers+1","alterego_mod:BiFurious+1"],"picked":"SKIP","floor":47.0}],"player_experience":559024,"relics_obtained":[{"floor":1.0,"key":"Baka"},{"floor":5.0,"key":"Baka2"},{"floor":6.0,"key":"PreservedInsect"},{"floor":8.0,"key":"ZombieArmy"},{"floor":9.0,"key":"GodSword3"},{"floor":12.0,"key":"LastBattle"},{"floor":23.0,"key":"conspire:TopHat"},{"floor":25.0,"key":"Sundial"},{"floor":38.0,"key":"Art of War"},{"floor":41.0,"key":"Lantern"},{"floor":43.0,"key":"Regal Pillow"}],"event_choices":[{"cards_removed":["alterego_mod:Strike"],"damage_healed":0.0,"max_hp_gain":0.0,"max_hp_loss":0.0,"gold_gain":0.0,"event_name":"Golden Wing","player_choice":"Card Removal","floor":3.0,"gold_loss":0.0,"damage_taken":7.0},{"damage_healed":0.0,"max_hp_gain":0.0,"max_hp_loss":0.0,"gold_gain":0.0,"cards_transformed":["alterego_mod:Strike"],"event_name":"Living Wall","player_choice":"Change","floor":4.0,"gold_loss":0.0,"damage_taken":0.0,"cards_obtained":["alterego_mod:Clones"]},{"damage_healed":0.0,"max_hp_gain":0.0,"max_hp_loss":0.0,"gold_gain":0.0,"event_name":"Scrap Ooze","player_choice":"Success","floor":10.0,"gold_loss":0.0,"damage_taken":3.0,"relics_obtained":["Shuriken"]},{"cards_removed":["alterego_mod:Defend"],"damage_healed":0.0,"max_hp_gain":0.0,"max_hp_loss":0.0,"gold_gain":0.0,"event_name":"Back to Basics","player_choice":"Elegance","floor":19.0,"gold_loss":0.0,"damage_taken":0.0},{"damage_healed":0.0,"max_hp_gain":0.0,"max_hp_loss":0.0,"gold_gain":0.0,"event_name":"The Mausoleum","player_choice":"Opened","floor":20.0,"gold_loss":0.0,"damage_taken":0.0,"relics_obtained":["Gremlin Horn"]},{"damage_healed":0.0,"max_hp_gain":0.0,"max_hp_loss":0.0,"gold_gain":0.0,"event_name":"The Library","player_choice":"Read","floor":21.0,"gold_loss":0.0,"damage_taken":0.0,"cards_obtained":["alterego_mod:Bounce"]},{"damage_healed":0.0,"max_hp_gain":0.0,"max_hp_loss":0.0,"gold_gain":100.0,"event_name":"The Joust","player_choice":"Bet on Murderer","floor":28.0,"gold_loss":50.0,"damage_taken":0.0}],"is_beta":false,"boss_relics":[{"not_picked":["Pandora\u0027s Box","Busted Crown"],"picked":"conspire:SeveredTorchhead"},{"not_picked":["Fusion Hammer","Calling Bell"],"picked":"SoulBox"}],"items_purged_floors":[2,7,36,36],"is_endless":false,"potions_floor_spawned":[5,6,12,16,22,23,27,30,35,38,42,46],"killed_by":"conspire:OrnateMirror","ascension_level":0}}