{"host":"mttmnrdvbvzz8cuy","time":1609319825,"event":{"mods":["BaseMod","Bestiary","Colored Map","Colored Powertips","Minty Spire (QoL Compilation)","StSLib"],"gold_per_floor":[114,129,144,159,13,43,58,58,358,388,403,433,463,10,10,110,110,125,125,155,170,185,185,185,200,200,215,245,245,275,290,290,390,390,405,405,405,405,420,420,435,450,450,480,495,510,510,525,525,525],"floor_reached":51,"playtime":2815,"items_purged":[],"score":973,"play_id":"5ef63f9c-5057-479c-80ba-d21bf30efb11","local_time":"20201230201705","daily_mods":["Cursed Run","Diverse","DeadlyEvents"],"is_ascension_mode":false,"campfire_choices":[{"data":"Fire Breathing","floor":8.0,"key":"SMITH"},{"data":"Hello World","floor":15,"key":"SMITH"},{"data":"1","floor":23,"key":"LIFT"},{"data":"2","floor":29,"key":"LIFT"},{"data":"3","floor":32,"key":"LIFT"},{"data":"Devotion","floor":40,"key":"SMITH"},{"data":"Fasting2","floor":49,"key":"SMITH"}],"circlet_count":0,"master_deck":["Strike_B","Strike_B","Strike_B","Strike_B","Defend_B","Defend_B","Defend_B","Defend_B","Zap","Dualcast","PiercingWail","Doom and Gloom","Fire Breathing+1","PathToVictory","Consecrate","Skewer","BootSequence","Shrug It Off","Malaise","Parasite","Slice","Heavy Blade","Stack","Shrug It Off","DeceiveReality","Hello World+1","Clumsy","Corpse Explosion","CurseOfTheBell","Prostrate","TalkToTheHand","Normality","Electrodynamics","Decay","Devotion+1","Indignation+1","Ragnarok+1","Shrug It Off+1","Bandage Up","Choke+1","Wallop","Decay","Finisher+1","Stack+1","Fasting2+1","Doubt","Blade Dance+1","Parasite"],"relics":["Cursed Key","Darkstone Periapt","Du-Vu Doll","Meat on the Bone","Old Coin","Bottled Flame","Bottled Tornado","Pear","Lee\u0027s Waffle","Bag of Marbles","Calling Bell","Lantern","Eternal Feather","Girya","Letter Opener","Anchor","StrikeDummy","Vajra","Happy Flower","Astrolabe","HornCleat","Regal Pillow"],"acts_visited":["Exordium","TheCity","TheBeyond"],"potions_floor_usage":[44,50],"damage_taken":[{"damage":1.0,"enemies":"Cultist","floor":1.0,"turns":3.0},{"damage":0.0,"enemies":"Small Slimes","floor":2.0,"turns":3.0},{"damage":1.0,"enemies":"Jaw Worm","floor":3.0,"turns":2.0},{"damage":11.0,"enemies":"Exordium Thugs","floor":4.0,"turns":5.0},{"damage":21.0,"enemies":"3 Sentries","floor":6.0,"turns":5.0},{"damage":8.0,"enemies":"2 Fungi Beasts","floor":7.0,"turns":3.0},{"damage":16.0,"enemies":"Gremlin Nob","floor":10.0,"turns":4.0},{"damage":0.0,"enemies":"Looter","floor":11.0,"turns":2.0},{"damage":21.0,"enemies":"Lagavulin","floor":12.0,"turns":4.0},{"damage":32,"enemies":"Gremlin Nob","floor":13,"turns":4},{"damage":61,"enemies":"Hexaghost","floor":16,"turns":10},{"damage":14,"enemies":"Shell Parasite","floor":18,"turns":5},{"damage":32,"enemies":"Book of Stabbing","floor":20,"turns":4},{"damage":0,"enemies":"3 Byrds","floor":21,"turns":3},{"damage":4,"enemies":"Snecko","floor":22,"turns":5},{"damage":24,"enemies":"Sentry and Sphere","floor":25,"turns":5},{"damage":0,"enemies":"Snake Plant","floor":27,"turns":3},{"damage":0,"enemies":"Gremlin Leader","floor":28,"turns":5},{"damage":13,"enemies":"Book of Stabbing","floor":30,"turns":4},{"damage":0,"enemies":"Snecko","floor":31,"turns":3},{"damage":40,"enemies":"Collector","floor":33,"turns":6},{"damage":8,"enemies":"3 Shapes","floor":35,"turns":2},{"damage":4,"enemies":"Orb Walker","floor":39,"turns":3},{"damage":0,"enemies":"Writhing Mass","floor":41,"turns":3},{"damage":7,"enemies":"4 Shapes","floor":42,"turns":2},{"damage":46,"enemies":"Nemesis","floor":44,"turns":5},{"damage":8,"enemies":"Maw","floor":45,"turns":5},{"damage":0,"enemies":"Transient","floor":46,"turns":5},{"damage":0,"enemies":"4 Shapes","floor":48,"turns":2},{"damage":79,"enemies":"Donu and Deca","floor":50,"turns":7}],"seed_played":"9091901603564859836","potions_obtained":[{"floor":4.0,"key":"EssenceOfSteel"},{"floor":6.0,"key":"FocusPotion"},{"floor":7.0,"key":"Block Potion"},{"floor":11.0,"key":"PotionOfCapacity"},{"floor":13,"key":"ColorlessPotion"},{"floor":22,"key":"Explosive Potion"},{"floor":27,"key":"PowerPotion"},{"floor":42,"key":"Strength Potion"},{"floor":45,"key":"Explosive Potion"}],"is_trial":false,"path_per_floor":["M","M","M","M","$","E","M","R","T","E","M","E","E","$","R","B",null,"M","?","E","M","M","R","?","M","T","M","E","R","E","M","R","B",null,"M","?","?","?","M","R","M","M","T","E","M","M","?","M","R","B",null],"character_chosen":"DEFECT","items_purchased":["Consecrate","Skewer","BootSequence","DeceiveReality","Hello World","Lee\u0027s Waffle","Bag of Marbles"],"campfire_rested":0,"item_purchase_floors":[5,5,5,14,14,14,14],"current_hp_per_floor":[74,74,73,62,62,41,45,45,51,47,47,38,28,98,98,55,110,96,96,64,64,60,78,78,66,72,72,72,93,80,80,101,67,122,114,114,114,114,110,122,122,115,121,75,67,71,134,134,134,73],"gold":525,"neow_bonus":"","is_daily":true,"chose_seed":false,"campfire_upgraded":4,"win_rate":0.0,"timestamp":1609319825,"path_taken":["M","M","?","M","$","E","M","R","T","?","M","E","?","$","R","BOSS","M","?","?","M","M","R","?","M","T","?","E","R","E","M","R","BOSS","M","?","?","?","?","R","M","M","T","?","M","M","?","M","R","BOSS"],"items_purchased_type":["Card","Card","Card","Card","Card","Relic","Relic"],"build_version":"2020-12-22","purchased_purges":0,"victory":true,"max_hp_per_floor":[75,75,75,75,75,75,75,75,81,81,81,81,91,98,98,104,110,110,110,110,110,110,110,110,110,116,116,116,116,116,116,116,122,122,122,122,122,122,122,122,122,122,128,128,128,128,134,134,134,140],"card_choices":[{"not_picked":["Compile Driver","Poisoned Stab"],"picked":"PiercingWail","floor":1.0},{"not_picked":["EmptyFist","Havoc"],"picked":"Doom and Gloom","floor":2.0},{"not_picked":["Outmaneuver","Melter"],"picked":"Fire Breathing","floor":3.0},{"not_picked":["Redo","FlyingSleeves"],"picked":"PathToVictory","floor":4.0},{"not_picked":["Skewer","Halt"],"picked":"Shrug It Off","floor":6.0},{"not_picked":["Quick Slash","Whirlwind"],"picked":"Malaise","floor":7.0},{"not_picked":["Quick Slash","Twin Strike"],"picked":"Slice","floor":10.0},{"not_picked":["Thunderclap","Hologram"],"picked":"Heavy Blade","floor":11.0},{"not_picked":["Gash","Sucker Punch"],"picked":"Stack","floor":12.0},{"not_picked":["Die Die Die","Melter"],"picked":"Shrug It Off","floor":13},{"not_picked":["Phantasmal Killer","Fiend Fire"],"picked":"Corpse Explosion","floor":16},{"not_picked":["Carnage+1","Coolheaded"],"picked":"Prostrate","floor":18},{"not_picked":["WheelKick","Sword Boomerang"],"picked":"Rampage","floor":20},{"not_picked":["Prepared","Steam"],"picked":"Prostrate","floor":21},{"not_picked":["Clothesline","Protect"],"picked":"TalkToTheHand","floor":22},{"not_picked":["Cold Snap","Underhanded Strike","Lockon"],"picked":"SKIP","floor":25},{"not_picked":["Chill","Cold Snap"],"picked":"Doom and Gloom+1","floor":27},{"not_picked":["Sentinel","Sever Soul","True Grit"],"picked":"SKIP","floor":28},{"not_picked":["Auto Shields+1","Conclude"],"picked":"Electrodynamics","floor":30},{"not_picked":["Sever Soul","Protect+1"],"picked":"Prostrate","floor":31},{"not_picked":["Creative AI","Corruption"],"picked":"Devotion","floor":33},{"not_picked":["Clothesline","JustLucky","Warcry"],"picked":"SKIP","floor":35},{"not_picked":["Jack Of All Trades","Dramatic Entrance"],"picked":"Bandage Up","floor":38},{"not_picked":["Pommel Strike+1","Reflex","Wireheading"],"picked":"SKIP","floor":39},{"not_picked":["Riddle With Holes+1","Rage"],"picked":"Choke+1","floor":41},{"not_picked":["Meditate","Reflex"],"picked":"Wallop","floor":42},{"not_picked":["Venomology","Sunder+1"],"picked":"Finisher+1","floor":44},{"not_picked":["All Out Attack","Capacitor"],"picked":"Stack+1","floor":45},{"not_picked":["Cold Snap","Coolheaded+1"],"picked":"Fasting2","floor":46},{"not_picked":["Fusion","Hologram+1"],"picked":"Blade Dance+1","floor":48}],"player_experience":122941,"relics_obtained":[{"floor":6.0,"key":"Meat on the Bone"},{"floor":9.0,"key":"Old Coin"},{"floor":10.0,"key":"Bottled Flame"},{"floor":12.0,"key":"Bottled Tornado"},{"floor":13,"key":"Pear"},{"floor":17,"key":"Lantern"},{"floor":17,"key":"Eternal Feather"},{"floor":17,"key":"Girya"},{"floor":20,"key":"Anchor"},{"floor":26,"key":"StrikeDummy"},{"floor":28,"key":"Vajra"},{"floor":30,"key":"Happy Flower"},{"floor":43,"key":"HornCleat"},{"floor":44,"key":"Regal Pillow"}],"event_choices":[{"damage_healed":0,"gold_gain":0,"player_choice":"Gave Potion","damage_taken":0,"relics_obtained":["Letter Opener"],"max_hp_gain":0,"max_hp_loss":0,"event_name":"WeMeetAgain","floor":19,"gold_loss":0},{"damage_healed":0,"gold_gain":0,"player_choice":"Ignored","damage_taken":0,"max_hp_gain":0,"max_hp_loss":0,"event_name":"Ghosts","floor":24,"gold_loss":0},{"damage_healed":0,"gold_gain":0,"player_choice":"Ignored","damage_taken":0,"max_hp_gain":0,"max_hp_loss":0,"event_name":"Mysterious Sphere","floor":36,"gold_loss":0},{"cards_removed":["Rampage"],"damage_healed":0,"gold_gain":0,"player_choice":"Removed Attack","damage_taken":0,"max_hp_gain":0,"max_hp_loss":0,"event_name":"Falling","floor":37,"gold_loss":0},{"damage_healed":0,"gold_gain":0,"player_choice":"Memory 1","damage_taken":0,"max_hp_gain":0,"max_hp_loss":0,"event_name":"SensoryStone","floor":38,"gold_loss":0},{"damage_healed":57,"gold_gain":0,"player_choice":"Heal","damage_taken":0,"max_hp_gain":0,"max_hp_loss":0,"event_name":"MindBloom","floor":47,"gold_loss":0,"cards_obtained":["Doubt"]}],"is_beta":false,"boss_relics":[{"not_picked":["Philosopher\u0027s Stone","Empty Cage"],"picked":"Calling Bell"},{"not_picked":["Runic Dome","Inserter"],"picked":"Astrolabe"}],"items_purged_floors":[],"is_endless":false,"potions_floor_spawned":[4,6,7,11,13,16,22,27,28,30,33,41,42,45],"ascension_level":0}}