{"host":"wha9hktbkslqvblg","time":1609302695,"event":{"mods":["BaseMod","Colored Map","Minty Spire (QoL Compilation)","Relic Stats","SuperFastMode","everything is the same but u backflip on backflip"],"gold_per_floor":[114,114,131,131,131,165,184,184,184,184,1,12,23,50,50,124,124,134,134,34,50,50,50,62,88,114,20,32,32,32,61,61,139,139,152,171,171,184,184,218,93,93,93,93,105,105,125,125,125],"floor_reached":48,"playtime":1174,"items_purged":["Strike_R","Strike_R","True Grit"],"score":1316,"play_id":"eca495ee-700e-4671-a523-9d96396152e4","local_time":"20201230133135","is_ascension_mode":true,"campfire_choices":[{"data":"Carnage","floor":8,"key":"SMITH"},{"data":"Wild Strike","floor":10,"key":"SMITH"},{"data":"Evolve","floor":15,"key":"SMITH"},{"data":"Reckless Charge","floor":23,"key":"SMITH"},{"floor":30,"key":"REST"},{"data":"Body Slam","floor":32,"key":"SMITH"},{"data":"Second Wind","floor":42,"key":"SMITH"}],"circlet_count":0,"master_deck":["AscendersBane","Defend_R+1","Defend_R","Defend_R","Bash","Wild Strike+1","Feel No Pain","Evolve+1","Shrug It Off","Seeing Red","Offering","Reckless Charge+1","Combust","Body Slam+1","Dark Embrace","Second Wind+1","Feel No Pain"],"relics":["Burning Blood","NeowsBlessing","Mummified Hand","Red Skull","Turnip","Ancient Tea Set","Runic Pyramid","Omamori","InkBottle","Cursed Key","CaptainsWheel","Darkstone Periapt"],"acts_visited":["Exordium","TheCity","TheBeyond"],"potions_floor_usage":[16,16,28,31,31,35,38,48],"damage_taken":[{"damage":0,"enemies":"Small Slimes","floor":1,"turns":2},{"damage":0,"enemies":"2 Louse","floor":3,"turns":1},{"damage":0,"enemies":"Gremlin Nob","floor":6,"turns":1},{"damage":9,"enemies":"Jaw Worm","floor":7,"turns":2},{"damage":1,"enemies":"2 Fungi Beasts","floor":12,"turns":3},{"damage":5,"enemies":"Blue Slaver","floor":13,"turns":2},{"damage":21,"enemies":"Lagavulin","floor":14,"turns":5},{"damage":36,"enemies":"Slime Boss","floor":16,"turns":8},{"damage":23,"enemies":"2 Thieves","floor":18,"turns":3},{"damage":9,"enemies":"Chosen","floor":21,"turns":3},{"damage":8,"enemies":"Centurion and Healer","floor":24,"turns":4},{"damage":36,"enemies":"Gremlin Leader","floor":25,"turns":5},{"damage":6,"enemies":"Cultist and Chosen","floor":28,"turns":7},{"damage":8,"enemies":"Book of Stabbing","floor":31,"turns":3},{"damage":6,"enemies":"Automaton","floor":33,"turns":6},{"damage":6,"enemies":"3 Darklings","floor":35,"turns":2},{"damage":17,"enemies":"Orb Walker","floor":36,"turns":3},{"damage":9,"enemies":"3 Darklings","floor":38,"turns":3},{"damage":6,"enemies":"Giant Head","floor":40,"turns":3},{"damage":31,"enemies":"Transient","floor":45,"turns":6},{"damage":6,"enemies":"4 Shapes","floor":47,"turns":3},{"damage":0,"enemies":"Jaw Worm Horde","floor":48,"turns":1}],"seed_played":"-2166206586804940773","potions_obtained":[{"floor":1,"key":"GamblersBrew"},{"floor":6,"key":"Explosive Potion"},{"floor":7,"key":"SteroidPotion"},{"floor":14,"key":"DistilledChaos"},{"floor":25,"key":"Swift Potion"},{"floor":28,"key":"EntropicBrew"},{"floor":31,"key":"Swift Potion"},{"floor":35,"key":"SkillPotion"},{"floor":45,"key":"SpeedPotion"}],"is_trial":false,"path_per_floor":["M","?","M","?","?","E","M","R","T","R","$","M","M","E","R","B",null,"M","?","$","M","?","R","M","E","T","$","M","?","R","E","R","B",null,"M","M","?","M","?","E","$","R","T","?","M","$","M","M"],"character_chosen":"IRONCLAD","items_purchased":["Evolve","Shrug It Off","True Grit","Dark Embrace"],"campfire_rested":1,"item_purchase_floors":[11,11,27,27],"current_hp_per_floor":[74,69,75,80,56,62,59,59,59,59,59,64,65,50,50,20,65,48,48,48,45,45,45,43,13,13,13,13,13,37,35,35,35,69,69,58,58,55,55,55,55,55,55,55,30,30,30,30,30],"gold":125,"neow_bonus":"THREE_ENEMY_KILL","is_daily":false,"chose_seed":false,"campfire_upgraded":6,"win_rate":0.0,"timestamp":1609302695,"path_taken":["M","?","M","?","?","E","M","R","T","R","$","M","M","E","R","BOSS","M","?","$","M","?","R","M","E","T","$","M","?","R","E","R","BOSS","M","M","?","?","?","E","$","R","T","?","M","$","M","?"],"items_purchased_type":["Card","Card","Card","Card"],"build_version":"2020-12-22","purchased_purges":3,"victory":false,"max_hp_per_floor":[75,75,75,80,80,80,80,80,80,80,80,80,80,80,80,80,80,80,80,80,80,80,80,80,80,80,80,80,80,80,80,80,80,80,80,80,80,80,80,80,80,80,80,80,80,80,80,80,80],"relic_stats":{"Darkstone Periapt":0,"counters":[22,76],"Mummified Hand":[50],"Turnip":[6],"Cursed Key":1,"obtain_stats":[{"Darkstone Periapt":43,"CaptainsWheel":40,"NeowsBlessing":0,"Mummified Hand":2,"Turnip":9,"Omamori":25,"Ancient Tea Set":14,"Cursed Key":34,"Burning Blood":0,"Red Skull":6,"InkBottle":31,"Runic Pyramid":17},{"Darkstone Periapt":19,"CaptainsWheel":19,"NeowsBlessing":0,"Mummified Hand":1,"Turnip":4,"Omamori":12,"Ancient Tea Set":7,"Cursed Key":15,"Burning Blood":0,"Red Skull":3,"InkBottle":14,"Runic Pyramid":8},{"Darkstone Periapt":66,"CaptainsWheel":66,"NeowsBlessing":0,"Mummified Hand":2,"Turnip":6,"Omamori":39,"Ancient Tea Set":16,"Cursed Key":55,"Burning Blood":0,"Red Skull":4,"InkBottle":49,"Runic Pyramid":24}],"Burning Blood":126,"InkBottle":[15]},"card_choices":[{"not_picked":["Disarm","Clothesline"],"picked":"Wild Strike","floor":1},{"not_picked":["Clothesline","Blood for Blood"],"picked":"Carnage","floor":3},{"not_picked":["Perfected Strike","Thunderclap"],"picked":"Feel No Pain","floor":6},{"not_picked":["Heavy Blade","Inflame","Ghostly Armor"],"picked":"SKIP","floor":7},{"not_picked":["Evolve","Rampage","Armaments"],"picked":"SKIP","floor":12},{"not_picked":["Clash","Headbutt"],"picked":"Seeing Red","floor":13},{"not_picked":["Wild Strike","Flex","Clash"],"picked":"SKIP","floor":14},{"not_picked":["Corruption","Immolate"],"picked":"Offering","floor":16},{"not_picked":["Iron Wave","Disarm","Flex"],"picked":"SKIP","floor":18},{"not_picked":["True Grit","Thunderclap","Iron Wave"],"picked":"SKIP","floor":21},{"not_picked":["Sword Boomerang","Pommel Strike","Armaments"],"picked":"SKIP","floor":24},{"not_picked":["Impervious","Shrug It Off"],"picked":"Body Slam","floor":25},{"not_picked":["Clothesline","Evolve","Havoc"],"picked":"SKIP","floor":28},{"not_picked":["Impervious","Fiend Fire"],"picked":"Second Wind","floor":31},{"not_picked":["Uppercut+1","Anger","Spot Weakness+1"],"picked":"SKIP","floor":35},{"not_picked":["Perfected Strike","Heavy Blade","Hemokinesis"],"picked":"SKIP","floor":36},{"not_picked":["Pommel Strike+1","Anger+1","Flex"],"picked":"SKIP","floor":38},{"not_picked":["Blood for Blood","Shrug It Off","Dark Embrace"],"picked":"SKIP","floor":40},{"not_picked":["Hemokinesis","Rage","Headbutt"],"picked":"SKIP","floor":45},{"not_picked":["Searing Blow","Intimidate","Iron Wave+1"],"picked":"SKIP","floor":47}],"player_experience":908999,"relics_obtained":[{"floor":6,"key":"Red Skull"},{"floor":9,"key":"Turnip"},{"floor":14,"key":"Ancient Tea Set"},{"floor":25,"key":"Omamori"},{"floor":31,"key":"InkBottle"},{"floor":40,"key":"CaptainsWheel"},{"floor":43,"key":"Darkstone Periapt"}],"event_choices":[{"damage_healed":0,"gold_gain":0,"player_choice":"Success","damage_taken":5,"relics_obtained":["Mummified Hand"],"max_hp_gain":0,"max_hp_loss":0,"event_name":"Scrap Ooze","floor":2,"gold_loss":0},{"damage_healed":0,"gold_gain":0,"player_choice":"Donut","damage_taken":0,"max_hp_gain":5,"max_hp_loss":0,"event_name":"Big Fish","floor":4,"gold_loss":0},{"damage_healed":0,"gold_gain":0,"player_choice":"Entered Light","damage_taken":24,"max_hp_gain":0,"max_hp_loss":0,"event_name":"Shining Light","floor":5,"gold_loss":0,"cards_upgraded":["Defend_R","Defend_R"]},{"damage_healed":0,"gold_gain":0,"cards_transformed":["Strike_R","Strike_R"],"player_choice":"Became Test Subject","damage_taken":0,"max_hp_gain":0,"max_hp_loss":0,"event_name":"Drug Dealer","floor":19,"gold_loss":0,"cards_obtained":["Reckless Charge","Combust"]},{"cards_removed":["Strike_R"],"damage_healed":0,"gold_gain":0,"player_choice":"Elegance","damage_taken":0,"max_hp_gain":0,"max_hp_loss":0,"event_name":"Back to Basics","floor":22,"gold_loss":0},{"damage_healed":0,"gold_gain":0,"player_choice":"Ignored","damage_taken":0,"max_hp_gain":0,"max_hp_loss":0,"event_name":"Cursed Tome","floor":29,"gold_loss":0},{"cards_removed":["Carnage"],"damage_healed":0,"gold_gain":0,"player_choice":"Purged","damage_taken":0,"max_hp_gain":0,"max_hp_loss":0,"event_name":"Purifier","floor":37,"gold_loss":0},{"cards_removed":["Defend_R"],"damage_healed":0,"gold_gain":0,"player_choice":"Removed Skill","damage_taken":0,"max_hp_gain":0,"max_hp_loss":0,"event_name":"Falling","floor":39,"gold_loss":0},{"damage_healed":0,"gold_gain":0,"player_choice":"Copied","damage_taken":0,"max_hp_gain":0,"max_hp_loss":0,"event_name":"Duplicator","floor":44,"gold_loss":0,"cards_obtained":["Feel No Pain"]}],"is_beta":false,"boss_relics":[{"not_picked":["Ectoplasm","Tiny House"],"picked":"Runic Pyramid"},{"not_picked":["Mark of Pain","Pandora\u0027s Box"],"picked":"Cursed Key"}],"items_purged_floors":[11,20,41],"is_endless":false,"potions_floor_spawned":[1,6,7,14,25,28,31,33,35,45],"killed_by":"Jaw Worm Horde","ascension_level":20}}