{"host":"szp1d6dso4pv7ddl","time":1609302054,"event":{"mods":["AchievementEnabler","Alarm Clock","BaseMod","Bestiary","Block Reminder","Colored Map","Colored Powertips","Curses Come First","Displayed Cursed Tome","Highlight Path","Minty Spire (QoL Compilation)","Permanent Neow","Quick Restart","Relic Sorter","Relic Stats","StSLib","Synergy Search"],"gold_per_floor":[110,127,202,219,234,234,260,260,260,280,280,295,295,306,306,409,409,422,422,422,438,450,450,450,450],"floor_reached":24,"playtime":910,"items_purged":[],"score":335,"play_id":"e238dd09-0f99-4a11-89fa-5af278014345","local_time":"20201229202054","is_ascension_mode":true,"campfire_choices":[{"floor":6,"key":"REST"},{"floor":8,"key":"REST"},{"floor":11,"key":"REST"},{"data":"Zap","floor":13,"key":"SMITH"},{"floor":15,"key":"REST"},{"floor":23,"key":"REST"}],"circlet_count":0,"master_deck":["Strike_B","Strike_B","Strike_B","Defend_B","Zap+1","Dualcast","Sweeping Beam","Gash","Gash","Buffer"],"relics":["Cracked Core","Lantern","Mercury Hourglass","Odd Mushroom","Empty Cage"],"acts_visited":["Exordium","TheCity"],"potions_floor_usage":[22,24],"damage_taken":[{"damage":6,"enemies":"Cultist","floor":1,"turns":3},{"damage":9,"enemies":"2 Louse","floor":2,"turns":2},{"damage":0,"enemies":"Small Slimes","floor":4,"turns":2},{"damage":12,"enemies":"Looter","floor":5,"turns":3},{"damage":32,"enemies":"Gremlin Nob","floor":7,"turns":4},{"damage":22,"enemies":"The Mushroom Lair","floor":10,"turns":3},{"damage":0,"enemies":"Large Slime","floor":12,"turns":3},{"damage":10,"enemies":"3 Louse","floor":14,"turns":2},{"damage":0,"enemies":"Slime Boss","floor":16,"turns":8},{"damage":40,"enemies":"Shell Parasite","floor":18,"turns":4},{"damage":18,"enemies":"Chosen","floor":21,"turns":4},{"damage":17,"enemies":"3 Cultists","floor":22,"turns":4},{"damage":30,"enemies":"Slavers","floor":24,"turns":2}],"seed_played":"-4327844373191937032","potions_obtained":[{"floor":1,"key":"SteroidPotion"},{"floor":4,"key":"FairyPotion"},{"floor":7,"key":"PowerPotion"},{"floor":22,"key":"Block Potion"}],"is_trial":false,"path_per_floor":["M","M","?","M","M","R","E","R","T","?","R","M","R","M","R","B",null,"M","?","?","M","M","R","E"],"character_chosen":"DEFECT","items_purchased":[],"campfire_rested":5,"item_purchase_floors":[],"current_hp_per_floor":[62,53,42,42,30,50,18,38,38,16,36,36,36,26,46,46,63,23,23,23,5,9,29,0,0],"gold":450,"neow_bonus":"REMOVE_TWO","is_daily":false,"chose_seed":false,"campfire_upgraded":1,"win_rate":0.0,"timestamp":1609302054,"path_taken":["M","?","?","M","M","R","E","R","T","?","R","M","R","M","R","BOSS","M","?","?","M","M","R","E"],"items_purchased_type":[],"build_version":"2020-12-22","purchased_purges":0,"victory":false,"max_hp_per_floor":[68,68,68,68,68,68,68,68,68,68,68,68,68,68,68,68,68,68,68,68,68,68,68,68,68],"relic_stats":{"counters":[13,43],"obtain_stats":[{"Lantern":7,"Odd Mushroom":10,"Cracked Core":0,"Empty Cage":17,"Mercury Hourglass":9},{"Lantern":5,"Odd Mushroom":6,"Cracked Core":0,"Empty Cage":9,"Mercury Hourglass":5},{"Lantern":14,"Odd Mushroom":17,"Cracked Core":0,"Empty Cage":29,"Mercury Hourglass":14}],"Mercury Hourglass":[143]},"card_choices":[{"not_picked":["Blizzard","Skim"],"picked":"Sweeping Beam","floor":1},{"not_picked":["Stack","Static Discharge","Cold Snap"],"picked":"SKIP","floor":4},{"not_picked":["Beam Cell","Leap","Stack"],"picked":"SKIP","floor":5},{"not_picked":["Machine Learning","Compile Driver"],"picked":"Gash","floor":7},{"not_picked":["Leap","BootSequence","Recycle"],"picked":"SKIP","floor":12},{"not_picked":["Coolheaded","Self Repair"],"picked":"Gash","floor":14},{"not_picked":["Rainbow","Multi-Cast"],"picked":"Buffer","floor":16},{"not_picked":["Genetic Algorithm+1","Tempest+1","Ball Lightning+1"],"picked":"SKIP","floor":18},{"not_picked":["Heatsinks","Beam Cell+1","Doom and Gloom"],"picked":"SKIP","floor":21},{"not_picked":["Steam Power+1","Coolheaded","Doom and Gloom+1"],"picked":"SKIP","floor":22}],"player_experience":1071443,"relics_obtained":[{"floor":7,"key":"Lantern"},{"floor":9,"key":"Mercury Hourglass"},{"floor":10,"key":"Odd Mushroom"}],"event_choices":[{"damage_healed":0,"gold_gain":75,"player_choice":"Gather Gold","damage_taken":11,"max_hp_gain":0,"max_hp_loss":0,"event_name":"World of Goop","floor":3,"gold_loss":0},{"damage_healed":0,"gold_gain":0,"player_choice":"Fought Mushrooms","damage_taken":0,"max_hp_gain":0,"max_hp_loss":0,"event_name":"Mushrooms","floor":10,"gold_loss":0},{"damage_healed":0,"gold_gain":0,"player_choice":"Ignored","damage_taken":0,"max_hp_gain":0,"max_hp_loss":0,"event_name":"Vampires","floor":19,"gold_loss":0},{"damage_healed":0,"gold_gain":0,"player_choice":"Ignored","damage_taken":0,"max_hp_gain":0,"max_hp_loss":0,"event_name":"The Mausoleum","floor":20,"gold_loss":0}],"is_beta":false,"boss_relics":[{"not_picked":["Astrolabe","Runic Dome"],"picked":"Empty Cage"}],"items_purged_floors":[],"is_endless":false,"potions_floor_spawned":[1,4,7,12,16,21,22],"killed_by":"Slavers","ascension_level":7}}