{"host":"0luxfixkkfk9wck3","time":1609364664,"event":{"mods":["BaseMod","Downfall","Highlight Path","Minty Spire (QoL Compilation)","StSLib"],"gold_per_floor":[99,114,114,127,43,43,43,61,74,74,91,91,117,127,142,142,142,142],"floor_reached":16,"playtime":1177,"items_purged":[],"score":104,"play_id":"b25b2f3f-7e33-4174-b28a-ff98c33c1416","local_time":"20201230154424","is_ascension_mode":false,"campfire_choices":[{"data":"champ:Execute","floor":1,"key":"SMITH"},{"data":"champ:CalledShot","floor":6,"key":"SMITH"},{"data":"champ:Encircle","floor":10,"key":"SMITH"},{"floor":12,"key":"REST"}],"circlet_count":0,"master_deck":["champ:Strike","champ:Strike","champ:Strike","champ:Strike","champ:Defend","champ:Defend","champ:Defend","champ:Defend","champ:Execute+1","champ:Taunt","champ:CalledShot+1","champ:BerserkerStyle","champ:FocusedBerserking","champ:Encircle+1","champ:Shatter","champ:BerserkerStyle","champ:AdrenalArmor","champ:CrookedStrike"],"relics":["champ:ChampionCrown","Art of War","Sundial","Peace Pipe"],"acts_visited":["Exordium"],"potions_floor_usage":[13,15,16,16],"damage_taken":[{"damage":10,"enemies":"Small Slimes","floor":2,"turns":3},{"damage":5,"enemies":"Cultist","floor":4,"turns":3},{"damage":10,"enemies":"downfall:FleeingMerchant","floor":5,"turns":4},{"damage":9,"enemies":"2 Louse","floor":8,"turns":2},{"damage":27,"enemies":"Lots of Slimes","floor":9,"turns":5},{"damage":34,"enemies":"Exordium Wildlife","floor":11,"turns":4},{"damage":58,"enemies":"3 Sentries","floor":13,"turns":7},{"damage":20,"enemies":"Large Slime","floor":14,"turns":5},{"damage":29,"enemies":"Gremlin Gang","floor":15,"turns":6},{"damage":83,"enemies":"downfall:Silent","floor":16,"turns":8}],"seed_played":"7335257655699549217","potions_obtained":[{"floor":3,"key":"SteroidPotion"},{"floor":3,"key":"Dexterity Potion"},{"floor":3,"key":"champ:TechniquePotion"},{"floor":14,"key":"Strength Potion"}],"is_trial":false,"path_per_floor":["R","M","?","M","$","R","T","M","M","R","M","R","E","M","M","B"],"character_chosen":"THE_CHAMP","items_purchased":["champ:Encircle"],"campfire_rested":1,"item_purchase_floors":[5],"current_hp_per_floor":[90,85,85,85,85,85,85,82,69,69,50,77,64,64,55,0,0,0],"gold":142,"neow_bonus":"RANDOM_COMMON_RELIC","is_daily":false,"chose_seed":false,"campfire_upgraded":3,"win_rate":0.0,"timestamp":1609364664,"path_taken":["R","M","?","M","$","R","T","M","?","R","M","R","E","M","M","BOSS"],"items_purchased_type":["Card"],"build_version":"2020-12-22","purchased_purges":0,"victory":false,"max_hp_per_floor":[90,90,90,90,90,90,90,90,90,90,90,90,90,90,90,90,90,90],"card_choices":[{"not_picked":["champ:TornadoPunch","champ:GutPunch"],"picked":"champ:CalledShot","floor":2},{"not_picked":["champ:StanceDance","champ:GutPunch"],"picked":"champ:BerserkerStyle","floor":4},{"not_picked":["champ:DeathBlow","champ:AdrenalArmor"],"picked":"champ:FocusedBerserking","floor":5},{"not_picked":["champ:PreciseThrust","champ:Haymaker"],"picked":"champ:Shatter","floor":8},{"not_picked":["champ:Circumvent","champ:Shatter"],"picked":"champ:BerserkerStyle","floor":9},{"not_picked":["champ:FalseCounter","champ:FlashCut"],"picked":"champ:AdrenalArmor","floor":11},{"not_picked":["champ:SteelEdge","champ:CalledShot","champ:Balance"],"picked":"SKIP","floor":13},{"not_picked":["champ:GladiatorStyle","champ:TornadoPunch","champ:FlashCut"],"picked":"SKIP","floor":14},{"not_picked":["champ:BerserkersShout","champ:FanOfKnives"],"picked":"champ:CrookedStrike","floor":15}],"player_experience":10779381,"relics_obtained":[{"floor":7,"key":"Sundial"},{"floor":13,"key":"Peace Pipe"}],"event_choices":[{"damage_healed":0,"gold_gain":0,"player_choice":"Got Potions","damage_taken":0,"max_hp_gain":0,"max_hp_loss":0,"event_name":"Lab","floor":3,"gold_loss":0}],"is_beta":false,"boss_relics":[],"items_purged_floors":[],"is_endless":false,"potions_floor_spawned":[8,9,11,14],"killed_by":"downfall:Silent","ascension_level":0}}