{"host":"htqwg582tjjtn9p7","time":1609342319,"event":{"mods":["2.2 Compatiblity","AchievementEnabler","Act Like it!","Aspiration","BaseMod","Better Third Choice","Colored Map","Conspire","Curses Come First","Displayed Cursed Tome","Energized Spire","Force Act Four","GifTheSpireLib","Hermit","Highlight Path","JesterMod","Mad Scientist","Minty Spire (QoL Compilation)","Pale of the Ancients","Permanent Neow","Random Character Button","Relic Stats","Replay The Spire","Robot Space Explorer","Somnambulant","Spicy Shops","Spikes Relics","StSLib","Stuff the Spire","The Blue Laboratory","The Disciple","The Dragon Tamer","The Forsaken","The Gatherer","The Judge","The Jungle","The Marked","The Runesmith","The Servant 0.9.4"],"gold_per_floor":[114,124,68,80,80,108,108,141,141,41,68,27,27,37,37,114,114,131,150,150,150,162,497,497,497,497],"floor_reached":25,"playtime":1594,"items_purged":["theForsaken:TheForsaken_Strike","theForsaken:TheForsaken_Strike"],"score":442,"play_id":"60b9a4b7-afdb-41b9-9957-4ee9de553f5f","local_time":"20201230163159","is_ascension_mode":true,"campfire_choices":[{"floor":7.0,"key":"REST"},{"floor":15.0,"key":"RECALL"},{"floor":24.0,"key":"REST"}],"circlet_count":0,"master_deck":["AscendersBane","theForsaken:TheForsaken_Strike","theForsaken:TheForsaken_Strike","theForsaken:TheForsaken_Defend","theForsaken:TheForsaken_Defend","theForsaken:TheForsaken_Defend","theForsaken:TheForsaken_Defend","theForsaken:Smite+1","theForsaken:Penitence","theForsaken:QuickAttack","theForsaken:NobleSacrifice","theForsaken:Devotion","theForsaken:NobleSacrifice","theForsaken:StoreUp","theForsaken:StoreUp","Injury","theForsaken:QuickAttack","theForsaken:NobleSacrifice+1","theForsaken:HymnOfPatience+1"],"relics":["Fusion Hammer","Smiling Mask","Blood Vial","SpikesRelics:ToyHorsey","Incense Burner","Toxic Egg 2","conspire:SpecialSausage","Old Coin"],"acts_visited":["Exordium","TheCity"],"potions_floor_usage":[25],"damage_taken":[{"damage":0.0,"enemies":"2 Louse","floor":1.0,"turns":3.0},{"damage":0.0,"enemies":"conspire:RoseBush","floor":2.0,"turns":4.0},{"damage":0.0,"enemies":"Small Slimes","floor":4.0,"turns":3.0},{"damage":38.0,"enemies":"Lagavulin","floor":6.0,"turns":9.0},{"damage":14.0,"enemies":"Replay:BlueRogue","floor":8.0,"turns":8.0},{"damage":41.0,"enemies":"Lagavulin","floor":11.0,"turns":9.0},{"damage":9.0,"enemies":"2 Fungi Beasts","floor":14.0,"turns":8.0},{"damage":95.0,"enemies":"The Guardian","floor":16.0,"turns":16.0},{"damage":44.0,"enemies":"3 Byrds","floor":18.0,"turns":9.0},{"damage":21.0,"enemies":"Spheric Guardian","floor":19.0,"turns":7.0},{"damage":62.0,"enemies":"Chosen and Byrds","floor":22.0,"turns":9.0},{"damage":42.0,"enemies":"conspire:Head Lice","floor":23.0,"turns":10.0},{"damage":70,"enemies":"Book of Stabbing","floor":25,"turns":9}],"seed_played":"-7639757883799508117","potions_obtained":[{"floor":8.0,"key":"SneckoOil"},{"floor":11.0,"key":"blueLaboratory:BottleOfRum"},{"floor":16.0,"key":"AttackPotion"},{"floor":18.0,"key":"blueLaboratory:BubblePotion"},{"floor":22.0,"key":"blueLaboratory:BottleOfVodka"}],"is_trial":false,"path_per_floor":["M","M","$","M","?","E","R","E","T","$","E","$","?","M","R","B",null,"M","M","?","?","M","E","R","E"],"character_chosen":"THE_FORSAKEN","items_purchased":["blueLaboratory:FruitPunch","theForsaken:StoreUp"],"campfire_rested":2,"item_purchase_floors":[3,12],"current_hp_per_floor":[55,58,58,61,61,56,63,63,63,63,63,63,63,62,62,63,63,52,51,51,51,30,63,63,12,12],"gold":497,"neow_bonus":"BOSS_RELIC","is_daily":false,"chose_seed":false,"campfire_upgraded":0,"win_rate":0.0,"timestamp":1609342319,"path_taken":["M","M","$","M","?","E","R","E","T","$","E","$","?","M","R","BOSS","M","M","?","?","M","E","R","E"],"items_purchased_type":["Potion","Card"],"build_version":"2020-12-22","purchased_purges":2,"victory":false,"max_hp_per_floor":[61,61,61,61,61,63,63,63,63,63,63,63,63,63,63,63,63,63,63,63,63,63,63,63,63,63],"relic_stats":{"Blood Vial":7,"counters":[13,104],"Smiling Mask":75,"obtain_stats":[{"Blood Vial":8,"SpikesRelics:ToyHorsey":9,"conspire:SpecialSausage":17,"Fusion Hammer":0,"Incense Burner":11,"Toxic Egg 2":13,"theForsaken:JudgementScales":0,"Smiling Mask":6,"Old Coin":23},{"Blood Vial":5,"SpikesRelics:ToyHorsey":5,"conspire:SpecialSausage":8,"Fusion Hammer":0,"Incense Burner":6,"Toxic Egg 2":6,"theForsaken:JudgementScales":0,"Smiling Mask":4,"Old Coin":12},{"Blood Vial":27,"SpikesRelics:ToyHorsey":27,"conspire:SpecialSausage":60,"Fusion Hammer":0,"Incense Burner":36,"Toxic Egg 2":36,"theForsaken:JudgementScales":0,"Smiling Mask":19,"Old Coin":95}]},"card_choices":[{"not_picked":["theForsaken:HorrifyingStrike","theForsaken:LightRoll"],"picked":"theForsaken:QuickAttack","floor":1.0},{"not_picked":["theForsaken:SpinAttack","theForsaken:CreepingInfection"],"picked":"theForsaken:NobleSacrifice","floor":2.0},{"not_picked":["theForsaken:FatRoll","theForsaken:Parry","theForsaken:ChargeAttack"],"picked":"SKIP","floor":4.0},{"not_picked":["theForsaken:ShieldBash","theForsaken:WardingHymn"],"picked":"theForsaken:Devotion","floor":6.0},{"not_picked":["theForsaken:LightRoll","theForsaken:BottledPlague","theForsaken:ShieldCharge"],"picked":"SKIP","floor":8.0},{"not_picked":["theForsaken:Riposte","theForsaken:WordsOfPestilence"],"picked":"theForsaken:NobleSacrifice","floor":11.0},{"not_picked":["theForsaken:CorruptedWord+1","theForsaken:Thunderbolt","theForsaken:FuryStrikes"],"picked":"SKIP","floor":14.0},{"not_picked":["theForsaken:PanicDive+1","theForsaken:ScorchingSunlight"],"picked":"theForsaken:QuickAttack","floor":18.0},{"not_picked":["theForsaken:Preservation+1","theForsaken:Horror+1","theForsaken:SolarFlare"],"picked":"SKIP","floor":19.0},{"not_picked":["theForsaken:PowerUp+1","theForsaken:WardingHymn+1","theForsaken:FatRoll+1"],"picked":"SKIP","floor":22.0},{"not_picked":["theForsaken:QuickAttack","theForsaken:ShieldBash"],"picked":"theForsaken:HymnOfPatience+1","floor":23.0}],"player_experience":1832701,"relics_obtained":[{"floor":6.0,"key":"Smiling Mask"},{"floor":8.0,"key":"Blood Vial"},{"floor":9.0,"key":"SpikesRelics:ToyHorsey"},{"floor":11.0,"key":"Incense Burner"},{"floor":23.0,"key":"Old Coin"}],"event_choices":[{"damage_healed":0.0,"max_hp_gain":0.0,"max_hp_loss":0.0,"gold_gain":0.0,"event_name":"Living Wall","player_choice":"Grow","floor":5.0,"gold_loss":0.0,"damage_taken":0.0,"cards_upgraded":["theForsaken:Smite"]},{"damage_healed":0.0,"max_hp_gain":0.0,"max_hp_loss":0.0,"gold_gain":0.0,"event_name":"Vampires","player_choice":"Ignored","floor":20.0,"gold_loss":0.0,"damage_taken":0.0},{"damage_healed":0.0,"max_hp_gain":0.0,"max_hp_loss":0.0,"gold_gain":0.0,"event_name":"The Library","player_choice":"Read","floor":21.0,"gold_loss":0.0,"damage_taken":0.0,"cards_obtained":["theForsaken:NobleSacrifice"]}],"is_beta":false,"boss_relics":[{"not_picked":["energizedSpire:EnergizedDie","Philosopher\u0027s Stone"],"picked":"conspire:SpecialSausage"}],"items_purged_floors":[10,10],"is_endless":false,"potions_floor_spawned":[8,11,16,18,22],"killed_by":"Book of Stabbing","ascension_level":17}}