{"host":"p4yrwepmrl4g8pul","time":1609295245,"event":{"mods":["Act Like it!","BaseMod","BetterRewards","Colored Map","Custom Start","Gensokyo","Marisa£®ÏF”Í°°ƒß¿Ì…≥£©","Minty Spire (QoL Compilation)","Quick Restart","Rare Cards Sparkle","Reimu£®≤©¿ˆ¡È√Œ£©","Remilia£®¿Ÿ√◊¿Ú—«£©","Remove Card Discount Mod","Shop Mod","StSLib","The Jungle"],"gold_per_floor":[114,31,31,31,31,63,63,94,142,171,240,240,240,240,240,311,311,322,322,322,322,332,332,367,367,392,406,406,268,268,287,287,364,364,379,83,83,83,95,127,127,153,237,249,261,286,298,344,356,368,380,392,404,228,257,257],"floor_reached":57,"playtime":1330,"items_purged":["Strike_R","Bash","Defend_R","Strike_R","Defend_R","Defend_R","Defend_R","Strike_R","Strike_R","Strike_R","Shrug It Off+1","Flash of Steel+1"],"score":3492,"play_id":"cd4bf1e9-3cdd-4d6d-9603-87be1792c22e","local_time":"20201230102725","is_ascension_mode":true,"campfire_choices":[{"data":"1","floor":13,"key":"LIFT"},{"data":"2","floor":15,"key":"LIFT"},{"data":"3","floor":23,"key":"LIFT"},{"data":"Finesse","floor":25,"key":"SMITH"},{"floor":30,"key":"RECALL"},{"data":"Good Instincts","floor":32,"key":"SMITH"},{"data":"Limit Break","floor":41,"key":"SMITH"},{"data":"Twin Strike+1","floor":45,"key":"PURGE"},{"data":"Flex+1","floor":47,"key":"PURGE"},{"floor":49,"key":"REST"},{"floor":53,"key":"REST"}],"circlet_count":0,"master_deck":["AscendersBane","Good Instincts+1","Thunderclap+1","Finesse+1","Gensokyo:LochNessMonster+1","Limit Break+1","Finesse","Dark Embrace+1"],"relics":["Black Blood","Anchor","Magic Flower","Akabeko","Molten Egg 2","War Paint","Sling","Paper Frog","Ice Cream","Mastiff:ReiMu","FossilizedHelix","Chemical X","Shuriken","Medical Kit","Membership Card","Unceasing Top","Thread and Needle","Pantograph","HornCleat","Champion Belt","TheAbacus","Juzu Bracelet","Bag of Marbles","Omamori","Girya","Sundial","MerchantsRug","PureWhite:ReiMu","Du-Vu Doll","Frozen Eye","Gensokyo:PerfectCherryBlossom","Gensokyo:CelestialsFlawlessClothing","Happy Flower","Potion Belt","StrikeDummy","Ancient Tea Set","Peace Pipe","Gensokyo:LunaticRedEyes","Gensokyo:NagashiBinaDoll","Nunchaku","Oddly Smooth Stone","Gensokyo:MosesMiracle","Kunai","SlaversCollar","ClockworkSouvenir","HandDrill","PreservedInsect","MawBank","Bottled Lightning","Pear","Blue Candle","AntiCross"],"acts_visited":["Gensokyo:Gensokyo","Gensokyo:Gensokyoer","Gensokyo:Gensokyoest","TheEnding"],"potions_floor_usage":[16,24,33,33,56],"damage_taken":[{"damage":0,"enemies":"Gensokyo:2_Kodama","floor":1,"turns":1},{"damage":0,"enemies":"Gensokyo:Aya","floor":6,"turns":2},{"damage":0,"enemies":"Gensokyo:Cirno","floor":8,"turns":4},{"damage":0,"enemies":"Gensokyo:Aya","floor":10,"turns":2},{"damage":0,"enemies":"Gensokyo:Yukari","floor":16,"turns":3},{"damage":0,"enemies":"Gensokyo:AngelMirror","floor":18,"turns":1},{"damage":0,"enemies":"Gensokyo:Chomper","floor":22,"turns":1},{"damage":0,"enemies":"Gensokyo:Koishi","floor":24,"turns":1},{"damage":0,"enemies":"Gensokyo:Monolith_and_Dog","floor":27,"turns":1},{"damage":0,"enemies":"Gensokyo:3_Gloops","floor":31,"turns":2},{"damage":0,"enemies":"Gensokyo:Kaguya","floor":33,"turns":4},{"damage":0,"enemies":"Gensokyo:AncientGuardian","floor":35,"turns":2},{"damage":0,"enemies":"Gensokyo:3_Bats","floor":39,"turns":1},{"damage":0,"enemies":"Gensokyo:Kasen","floor":40,"turns":1},{"damage":0,"enemies":"Gensokyo:Marisa","floor":42,"turns":1},{"damage":0,"enemies":"Gensokyo:AtlasGolem","floor":46,"turns":1},{"damage":0,"enemies":"Gensokyo:Kasen","floor":48,"turns":1},{"damage":0,"enemies":"Gensokyo:Scarlet_Devils","floor":50,"turns":2},{"damage":0,"enemies":"Gensokyo:Yuyuko","floor":51,"turns":2},{"damage":0,"enemies":"Shield and Spear","floor":55,"turns":2},{"damage":3,"enemies":"The Heart","floor":56,"turns":4}],"seed_played":"8808567879459413634","potions_obtained":[{"floor":10,"key":"ColorlessPotion"},{"floor":18,"key":"AttackPotion"},{"floor":31,"key":"CultistPotion"},{"floor":35,"key":"Swift Potion"},{"floor":40,"key":"LiquidMemories"},{"floor":42,"key":"EntropicBrew"}],"is_trial":false,"path_per_floor":["M","$","?","?","?","E","?","E","T","E","T","?","R","?","R","B",null,"M","?","?","?","M","R","E","R","T","M","?","$","R","M","R","B",null,"M","COS","?","?","M","E","R","E","T","?","R","M","R","E","R","B","B",null,"R","$","E","B",null],"character_chosen":"IRONCLAD","items_purchased":["Anchor","Magic Flower","Flex","Akabeko","Shrug It Off","Molten Egg 2","War Paint","Sling","Paper Frog","Ice Cream","Good Instincts","Mastiff:ReiMu","Shrug It Off","FossilizedHelix","Chemical X","Pommel Strike+1","Shuriken","Medical Kit","Flash of Steel+1","Membership Card","Unceasing Top","Thunderclap+1","Thread and Needle","Pantograph","Lee\u0027s Waffle","HornCleat","Champion Belt","TheAbacus","Juzu Bracelet","Bag of Marbles","Finesse","Omamori","Girya","Sundial","Brimstone","MerchantsRug","PureWhite:ReiMu","Du-Vu Doll","Dexterity Potion","Weak Potion","Frozen Eye","Kunai","Finesse","Blue Candle","Swift Potion"],"campfire_rested":2,"item_purchase_floors":[0,0,0,0,0,0,0,0,0,0,0,0,0,0,0,0,0,0,0,0,0,0,0,0,0,0,0,0,0,0,0,0,0,0,0,0,0,0,0,0,2,29,54,54,54],"current_hp_per_floor":[82,82,82,58,58,67,67,76,76,82,82,82,82,82,82,82,82,82,73,73,73,73,73,73,73,73,73,73,73,73,73,73,73,73,73,73,73,59,73,73,73,73,73,73,73,73,73,83,83,83,83,83,83,83,83,83],"gold":257,"neow_bonus":"","is_daily":false,"chose_seed":false,"campfire_upgraded":3,"win_rate":0.0,"timestamp":1609295245,"path_taken":["M","$","?","?","?","E","?","E","T","E","?","?","R","?","R","BOSS","M","?","?","?","M","R","E","R","T","M","?","$","R","M","R","BOSS","M","COS","?","?","M","E","R","E","T","?","R","M","R","E","R","BOSS","BOSS","R","$","E","BOSS"],"items_purchased_type":["Relic","Relic","Card","Relic","Card","Relic","Relic","Relic","Relic","Relic","Card","Relic","Card","Relic","Relic","Card","Relic","Relic","Card","Relic","Relic","Card","Relic","Relic","Relic","Relic","Relic","Relic","Relic","Relic","Card","Relic","Relic","Relic","Relic","Relic","Relic","Relic","Potion","Potion","Relic","Relic","Card","Relic","Potion"],"build_version":"2020-12-22","purchased_purges":12,"victory":true,"max_hp_per_floor":[82,82,82,82,82,82,82,82,82,82,82,82,82,82,82,82,82,82,73,73,73,73,73,73,73,73,73,73,73,73,73,73,73,73,73,73,73,73,73,73,73,73,73,73,73,73,73,83,83,83,83,83,83,83,83,83],"card_choices":[{"not_picked":["Second Wind","Headbutt+1","Twin Strike+1"],"picked":"SKIP","floor":1},{"not_picked":["Body Slam+1","Pummel+1","Pommel Strike+1"],"picked":"SKIP","floor":6},{"not_picked":["Clothesline+1","Headbutt+1","Havoc"],"picked":"SKIP","floor":8},{"not_picked":["Feed+1","Warcry"],"picked":"Twin Strike+1","floor":10},{"not_picked":["Thunderclap+1","Body Slam+1","True Grit"],"picked":"SKIP","floor":18},{"not_picked":["Gensokyo:GapWoman","Gensokyo:EightFeetTall"],"picked":"Gensokyo:LochNessMonster+1","floor":19},{"not_picked":["Perfected Strike+1","Bludgeon+1","Evolve"],"picked":"SKIP","floor":22},{"not_picked":["Reckless Charge+1","Flex","Bloodletting"],"picked":"SKIP","floor":24},{"not_picked":["Heavy Blade+1","Spot Weakness","Rage"],"picked":"SKIP","floor":27},{"not_picked":["Dropkick+1","Sword Boomerang+1","Armaments"],"picked":"SKIP","floor":31},{"not_picked":["Warcry+1","Havoc","Cleave+1"],"picked":"SKIP","floor":35},{"not_picked":["Iron Wave+1","Heavy Blade+1"],"picked":"Limit Break","floor":39},{"not_picked":["Clash+1","Warcry","Anger+1"],"picked":"SKIP","floor":40},{"not_picked":["Dark Embrace+1","Juggernaut","Sever Soul+1"],"picked":"SKIP","floor":42},{"not_picked":["Body Slam+1","Heavy Blade+1","Iron Wave+1"],"picked":"SKIP","floor":46},{"not_picked":["Havoc","True Grit","Warcry"],"picked":"SKIP","floor":48},{"not_picked":["Body Slam+1","Reckless Charge+1"],"picked":"Dark Embrace+1","floor":55}],"player_experience":740025,"relics_obtained":[{"floor":6,"key":"Potion Belt"},{"floor":8,"key":"StrikeDummy"},{"floor":9,"key":"Ancient Tea Set"},{"floor":10,"key":"Peace Pipe"},{"floor":24,"key":"Nunchaku"},{"floor":26,"key":"Oddly Smooth Stone"},{"floor":35,"key":"Gensokyo:MosesMiracle"},{"floor":40,"key":"PreservedInsect"},{"floor":42,"key":"MawBank"},{"floor":43,"key":"Bottled Lightning"},{"floor":48,"key":"Pear"},{"floor":55,"key":"AntiCross"}],"event_choices":[],"is_beta":false,"boss_relics":[{"not_picked":["SacredBark","Runic Dome"],"picked":"Black Blood"},{"not_picked":["Philosopher\u0027s Stone","Snecko Eye"],"picked":"SlaversCollar"}],"items_purged_floors":[0,0,0,0,0,0,0,0,0,0,0,54],"is_endless":false,"potions_floor_spawned":[1,10,18,31,35,40,42,46],"ascension_level":20}}