{"host":"1sep654oresgee70","time":1609287404,"event":{"mods":["2.2 Compatiblity","Aspiration","BaseMod","Better Altar","Better Match","Better Note","Better Sensory Stone","Better Skull","Better Third Choice","Better Vampires","Better-Laid Plans","BetterRewards","Block Reminder","Conspire","Curses Come First","Displayed Cursed Tome","Gold Saver","Hubris","Infinite Spire","Minty Spire (QoL Compilation)","Potion Indicator Mod","Red Circlet Mod","Replay The Spire","Shop Mod","Spicy Shops","StSLib","Thieving Mod","Transform Curses","UnlockEverythingMod"],"gold_per_floor":[205,205,205,220,235,235,235,235,235,250,265,265,280,295,295,395,395,410,20,35,50,50,50,80,80,105,117,144,171,183,26,26,126,126,141,141,156,171,171,171],"floor_reached":39,"playtime":1800,"items_purged":[],"score":470,"play_id":"a1d94a4e-ab2f-411c-99af-e4b3245b9f1f","local_time":"20201230011644","daily_mods":["Allstar","Red Cards","Night Terrors"],"is_ascension_mode":false,"campfire_choices":[{"floor":6,"key":"REST"},{"data":"Chrysalis","floor":8,"key":"SMITH"},{"data":"Mayhem","floor":12,"key":"SMITH"},{"data":"Whirlwind","floor":15,"key":"SMITH"},{"floor":23,"key":"REST"},{"floor":25,"key":"REST"},{"floor":30,"key":"REST"},{"floor":32,"key":"REST"}],"circlet_count":0,"master_deck":["Strike_P","Strike_P","Strike_P","Strike_P","Defend_P","Defend_P","Defend_P","Defend_P","Eruption","Vigilance","Chrysalis+1","Replay:Sssssssssshield","Mayhem+1","Sadistic Nature","Bandage Up","Conclude","BattleHymn","Perfected Strike","Armaments","Anger","Whirlwind+1","Reaper","SignatureMove","hubris:ReadiedAction","Fire Breathing","Panache","Dramatic Entrance","Midas Touch","Power Through","Replay:Undeath\u0027s Touch","Madness","HandOfGreed","WindmillStrike","DeceiveReality","Heavy Blade","Apotheosis","Shrug It Off","ReplayTheSpireMod:Strike From Hell","Pommel Strike","Alpha","Thunderclap","Replay:DivineShield+1","Replay:Battleflow+1"],"relics":["PureWater","Ring of Misfortune","Ring of Peace","hubris:ToyBattleship","Toy Ornithopter","Fusion Hammer","Membership Card","Gremlin Horn","ReplayTheSpireMod:ShopPack","Replay:Bottled Flurry","MawBank","Frozen Egg 2","Busted Crown"],"acts_visited":["Exordium","TheCity","TheBeyond"],"potions_floor_usage":[18,21,24,33,33,35,38],"damage_taken":[{"damage":8,"enemies":"Jaw Worm","floor":1,"turns":5},{"damage":0,"enemies":"2 Louse","floor":4,"turns":4},{"damage":0,"enemies":"Cultist","floor":5,"turns":6},{"damage":0,"enemies":"Large Slime","floor":10,"turns":4},{"damage":0,"enemies":"Exordium Thugs","floor":11,"turns":5},{"damage":0,"enemies":"Lots of Slimes","floor":13,"turns":3},{"damage":0,"enemies":"2 Fungi Beasts","floor":14,"turns":4},{"damage":0,"enemies":"Slime Boss","floor":16,"turns":7},{"damage":37,"enemies":"2 Thieves","floor":18,"turns":4},{"damage":21,"enemies":"Chosen","floor":20,"turns":7},{"damage":0,"enemies":"Snake Plant","floor":21,"turns":5},{"damage":22,"enemies":"Slavers","floor":24,"turns":6},{"damage":10,"enemies":"Cultist and Chosen","floor":28,"turns":6},{"damage":13,"enemies":"Centurion and Healer","floor":29,"turns":5},{"damage":52,"enemies":"hubris:MusketHawk","floor":33,"turns":11},{"damage":0,"enemies":"3 Shapes","floor":35,"turns":2},{"damage":0,"enemies":"Orb Walker","floor":37,"turns":5},{"damage":38,"enemies":"Transient","floor":38,"turns":5},{"damage":27,"enemies":"4 Shapes","floor":39,"turns":3}],"seed_played":"6838610760785432018","potions_obtained":[{"floor":1,"key":"SteroidPotion"},{"floor":5,"key":"infinitespire:BlackPotion"},{"floor":10,"key":"Flashbang"},{"floor":20,"key":"DuplicationPotion"},{"floor":21,"key":"Block Potion"},{"floor":28,"key":"DuplicationPotion"},{"floor":37,"key":"DistilledChaos"}],"is_trial":false,"path_per_floor":["M","?","?","M","M","R","?","R","T","M","M","R","M","M","R","B",null,"M","$","M","M","?","R","E","R","T","T","M","M","R","$","R","B",null,"M","?","M","M","M"],"character_chosen":"WATCHER","items_purchased":["Membership Card","Gremlin Horn","hubris:ReadiedAction","ReplayTheSpireMod:ShopPack","Fire Breathing","Apotheosis","Shrug It Off","ReplayTheSpireMod:Strike From Hell","Pommel Strike"],"campfire_rested":5,"item_purchase_floors":[19,19,19,19,19,31,31,31,31],"current_hp_per_floor":[64,64,57,61,65,67,67,67,67,67,67,67,67,67,67,67,67,42,42,28,40,40,62,44,57,57,57,54,45,52,52,47,2,47,47,47,47,13,0,0],"gold":171,"neow_bonus":"","is_daily":true,"chose_seed":false,"campfire_upgraded":3,"win_rate":0.0,"timestamp":1609287404,"path_taken":["M","?","?","M","M","R","?","R","T","?","M","R","M","M","R","BOSS","M","$","M","M","?","R","E","R","T","?","?","M","R","?","R","BOSS","M","?","M","M","M"],"items_purchased_type":["Relic","Relic","Card","Relic","Card","Card","Card","Card","Card"],"build_version":"2020-12-22","purchased_purges":0,"victory":false,"max_hp_per_floor":[72,72,72,72,72,67,67,67,67,67,67,67,67,67,67,67,67,67,67,67,67,67,62,62,57,57,57,57,57,52,52,47,47,47,47,47,47,47,47,47],"card_choices":[{"not_picked":["Havoc","FollowUp"],"picked":"WheelKick","floor":1},{"not_picked":["Sentinel","Replay:AtTheReady"],"picked":"Conclude","floor":4},{"not_picked":["BowlingBash","Replay:BluntJabs"],"picked":"BattleHymn","floor":5},{"not_picked":["Dark Embrace","ReplayReversal"],"picked":"Perfected Strike","floor":10},{"not_picked":["Tantrum","CrushJoints"],"picked":"Armaments","floor":11},{"not_picked":["Rage","SashWhip"],"picked":"Anger","floor":13},{"not_picked":["DeusExMachina","Indignation"],"picked":"Whirlwind","floor":14},{"not_picked":["DeusExMachina","Establishment"],"picked":"Reaper","floor":16},{"not_picked":["Replay:ManipulateFuture","Sentinel"],"picked":"SignatureMove","floor":18},{"not_picked":["Midas Touch","Secret Weapon"],"picked":"Panache","floor":19},{"not_picked":["Flash of Steel","Replay:Sssssssssshield"],"picked":"Dramatic Entrance","floor":19},{"not_picked":["Jack Of All Trades","Discovery"],"picked":"Midas Touch","floor":19},{"not_picked":["Flex","EmptyFist"],"picked":"Power Through","floor":20},{"not_picked":["Crescendo","Heavy Blade"],"picked":"Replay:Undeath\u0027s Touch","floor":21},{"not_picked":["Trip","Deep Breath"],"picked":"Madness","floor":22},{"not_picked":["Flash of Steel","Master of Strategy"],"picked":"HandOfGreed","floor":22},{"not_picked":["Headbutt","Vengeance+1"],"picked":"WindmillStrike","floor":24},{"not_picked":["PathToVictory+1","Replay:AtTheReady"],"picked":"DeceiveReality","floor":28},{"not_picked":["EmptyFist","Uppercut"],"picked":"Heavy Blade","floor":29},{"not_picked":["Hemogenesis","Ragnarok"],"picked":"Alpha","floor":33},{"not_picked":[],"picked":"Thunderclap","floor":35},{"not_picked":[],"picked":"Replay:DivineShield+1","floor":37},{"not_picked":[],"picked":"Replay:Battleflow+1","floor":38}],"player_experience":2404847,"relics_obtained":[{"floor":2,"key":"Ring of Misfortune"},{"floor":2,"key":"Ring of Peace"},{"floor":9,"key":"Toy Ornithopter"},{"floor":24,"key":"Replay:Bottled Flurry"},{"floor":26,"key":"MawBank"},{"floor":27,"key":"Frozen Egg 2"}],"event_choices":[{"cards_removed":["Hallucinations"],"damage_healed":0,"gold_gain":0,"player_choice":"Card Removal","damage_taken":7,"max_hp_gain":0,"max_hp_loss":0,"event_name":"Golden Wing","floor":3,"gold_loss":0},{"cards_removed":["WheelKick"],"damage_healed":0,"gold_gain":0,"player_choice":"Gave Card","damage_taken":0,"relics_obtained":["hubris:ToyBattleship"],"max_hp_gain":0,"max_hp_loss":0,"event_name":"WeMeetAgain","floor":7,"gold_loss":0},{"damage_healed":0,"gold_gain":2,"player_choice":"1","damage_taken":0,"max_hp_gain":0,"max_hp_loss":0,"event_name":"betterStone:BetterStone","floor":22,"gold_loss":0},{"damage_healed":0,"gold_gain":0,"player_choice":"Full Heal","damage_taken":0,"max_hp_gain":0,"max_hp_loss":0,"event_name":"Wheel of Change","floor":36,"gold_loss":0}],"is_beta":false,"boss_relics":[{"not_picked":["aspiration:SecretTechniqueScroll","hubris:VirtuousBlindfold"],"picked":"Fusion Hammer"},{"not_picked":["hubris:BlackHole","Replay:Wanted Poster"],"picked":"Busted Crown"}],"items_purged_floors":[],"is_endless":false,"potions_floor_spawned":[1,5,10,20,21,28,37],"killed_by":"4 Shapes","ascension_level":0}}