{"host":"2b0fqapnd02ydmuo","time":1609330236,"event":{"mods":["AchievementEnabler","Aspiration","BaseMod","Better Altar","Better Match","Better Note","Better Sensory Stone","Better Skull","Better Third Choice","BetterRewards","CCEM","Clawfect","Colored Map","Conspire","GifTheSpireLib","Googly Eyes","Halation","Highlight Path","Hubris","Infinite Spire","Jedi Mod","Jorbs\u0027s Wanderer Trilogy","Marisa????????","Mimic Mod","Minty Spire (QoL Compilation)","Permanent Neow","Replay The Spire","Shade Mod","Shop Mod","Spicy Shops","StSLib","Stuff the Spire","The Blackbeard","The Bug Knight","The Elementalist","The Jungle","Unceasing Turn Reminder","everything is the same but u backflip on backflip","slay the spire mod where everything is the same but ironclad has a cowboy hat"],"gold_per_floor":[111,111,129,129,143,168,179,211,211,211,222,241,241,40,40,144,244,262,262,262,124,173,173,234,234,303,368,412,412,460,460,460,495,495,495],"floor_reached":33,"playtime":1129,"items_purged":[],"score":339,"play_id":"a8bc77df-b1d0-49a6-b0be-307e020c3eab","local_time":"20201230131036","is_ascension_mode":true,"campfire_choices":[{"floor":10,"key":"REST"},{"floor":13,"key":"REST"},{"floor":15,"key":"REST"},{"floor":23,"key":"REST"},{"floor":25,"key":"REST"},{"floor":29,"key":"REST"},{"floor":32,"key":"REST"}],"circlet_count":0,"master_deck":["blackbeard:BlackbeardStrike","blackbeard:BlackbeardStrike","blackbeard:BlackbeardStrike+1","blackbeard:BlackbeardStrike","blackbeard:IntimidatingStrike","blackbeard:BlackbeardDefend","blackbeard:BlackbeardDefend","blackbeard:BlackbeardDefend","blackbeard:Cutlass+1","blackbeard:RearmingStrike+1","blackbeard:Sharpening","blackbeard:SmithingHammer+1","blackbeard:BeatUp","blackbeard:RearmingStrike","blackbeard:Dagger","blackbeard:Toast","blackbeard:WeaponProficiency+1","blackbeard:WeaponMastery","blackbeard:DeadlyArsenal","blackbeard:BuriedTreasure","blackbeard:RearmingStrike+1","blackbeard:CatONineTails","blackbeard:GoldenCannonball","blackbeard:Spear","blackbeard:GoldenStrike+1","blackbeard:AgileStrike+1","Shame"],"relics":["blackbeard:LoadTheCannons","MealTicket","jedi:archwizardhat","MerchantsRug","Replay:Wanted Poster","Gremlin Food","Darkstone Periapt","blackbeard:HipFlask"],"acts_visited":["Exordium","TheCity"],"potions_floor_usage":[9,16,24,28,33,33],"damage_taken":[{"damage":0,"enemies":"Jaw Worm","floor":1,"turns":3},{"damage":3,"enemies":"2 Louse","floor":3,"turns":2},{"damage":0,"enemies":"Cultist","floor":5,"turns":2},{"damage":48,"enemies":"HollowMod:MossKnight","floor":6,"turns":13},{"damage":0,"enemies":"3 Louse","floor":7,"turns":2},{"damage":19,"enemies":"3 Sentries","floor":8,"turns":6},{"damage":2,"enemies":"Blue Slaver","floor":9,"turns":4},{"damage":3,"enemies":"Blue Slaver","floor":11,"turns":2},{"damage":11,"enemies":"Exordium Thugs","floor":12,"turns":3},{"damage":38,"enemies":"Hexaghost","floor":16,"turns":8},{"damage":27,"enemies":"3 Byrds","floor":18,"turns":5},{"damage":34,"enemies":"2 Thieves","floor":22,"turns":4},{"damage":30,"enemies":"conspire:Head Lice","floor":24,"turns":7},{"damage":7,"enemies":"3 Cultists","floor":26,"turns":6},{"damage":34,"enemies":"conspire:SneckoGhost","floor":27,"turns":6},{"damage":11,"enemies":"3 Cultists","floor":28,"turns":4},{"damage":24,"enemies":"Centurion and Healer","floor":30,"turns":4},{"damage":32,"enemies":"Pondfish","floor":33,"turns":5}],"seed_played":"4653489795926861890","potions_obtained":[{"floor":7,"key":"SmokeBomb"},{"floor":8,"key":"Venom Potion"},{"floor":11,"key":"SkillPotion"},{"floor":18,"key":"DuplicationPotion"},{"floor":22,"key":"Swift Potion"},{"floor":28,"key":"Dexterity Potion"}],"is_trial":false,"path_per_floor":["M","?","M","?","M","E","M","E","MIM","R","M","M","R","$","R","B",null,"M","?","?","$","M","R","E","R","MIM","E","M","R","M","?","R","B"],"character_chosen":"BLACKBEARD_CLASS","items_purchased":["blackbeard:WeaponProficiency+1","MerchantsRug","blackbeard:BuriedTreasure"],"campfire_rested":7,"item_purchase_floors":[14,14,21],"current_hp_per_floor":[75,75,72,72,72,24,24,5,3,25,22,11,33,48,70,32,75,48,56,75,75,41,63,33,55,48,14,3,25,1,7,31,0,0,0],"gold":495,"neow_bonus":"RANDOM_EVENT","is_daily":false,"chose_seed":false,"campfire_upgraded":0,"win_rate":0.0,"timestamp":1609330236,"path_taken":["M","?","M","?","M","E","?","E","MIM","R","M","M","R","$","R","BOSS","M","?","?","?","M","R","E","R","MIM","E","?","R","M","?","R","BOSS"],"items_purchased_type":["Card","Relic","Card"],"build_version":"2020-12-22","purchased_purges":0,"victory":false,"max_hp_per_floor":[75,75,75,75,75,75,75,75,75,75,75,75,75,75,75,75,75,75,75,75,75,75,75,75,75,75,75,75,75,75,81,81,81,81,81],"card_choices":[{"not_picked":["blackbeard:WiseDefense","blackbeard:DoubleCannonball"],"picked":"blackbeard:RearmingStrike","floor":1},{"not_picked":["blackbeard:DelayedPain","blackbeard:CloakAndCannonball","blackbeard:SwordDance"],"picked":"SKIP","floor":3},{"not_picked":["blackbeard:Shrapnel","blackbeard:PiratesWill"],"picked":"blackbeard:Sharpening","floor":5},{"not_picked":["blackbeard:ArmorUp","blackbeard:ChaoticDefense"],"picked":"blackbeard:SmithingHammer","floor":6},{"not_picked":["blackbeard:JollyRoger","blackbeard:Upgrade"],"picked":"blackbeard:BeatUp","floor":7},{"not_picked":["blackbeard:PiratesWill","blackbeard:CannonBarrage"],"picked":"blackbeard:RearmingStrike","floor":8},{"not_picked":["blackbeard:WoodenLeg","blackbeard:BeatUp"],"picked":"blackbeard:Dagger","floor":11},{"not_picked":["blackbeard:PiratesWill","blackbeard:CloakAndCannonball"],"picked":"blackbeard:Toast","floor":12},{"not_picked":["blackbeard:TheDrunkenSailor","blackbeard:GoldenGuillotine"],"picked":"blackbeard:WeaponMastery","floor":16},{"not_picked":["blackbeard:FieryDefense+1","blackbeard:WiseDefense"],"picked":"blackbeard:DeadlyArsenal","floor":18},{"not_picked":["blackbeard:Toast","blackbeard:FieryDefense"],"picked":"blackbeard:RearmingStrike+1","floor":22},{"not_picked":["blackbeard:PiratesWill+1","blackbeard:PirateStrength"],"picked":"blackbeard:CatONineTails","floor":24},{"not_picked":["blackbeard:WoodenLeg+1","blackbeard:Dagger"],"picked":"blackbeard:GoldenCannonball","floor":26},{"not_picked":["blackbeard:Dagger+1","blackbeard:Parrot"],"picked":"blackbeard:Spear","floor":27},{"not_picked":["blackbeard:Dagger","blackbeard:CloakAndCannonball"],"picked":"blackbeard:GoldenStrike","floor":28},{"not_picked":["blackbeard:PirateEarring","blackbeard:Boarding"],"picked":"blackbeard:AgileStrike+1","floor":30}],"player_experience":88793,"relics_obtained":[{"floor":6,"key":"MealTicket"},{"floor":8,"key":"jedi:archwizardhat"},{"floor":24,"key":"Gremlin Food"},{"floor":26,"key":"Darkstone Periapt"},{"floor":27,"key":"blackbeard:HipFlask"}],"event_choices":[{"damage_healed":0,"gold_gain":0,"player_choice":"Upgraded","damage_taken":0,"max_hp_gain":0,"max_hp_loss":0,"event_name":"Upgrade Shrine","floor":4,"gold_loss":0,"cards_upgraded":["blackbeard:RearmingStrike"]},{"damage_healed":25,"gold_gain":0,"player_choice":"Heal","damage_taken":0,"max_hp_gain":0,"max_hp_loss":0,"event_name":"The Library","floor":20,"gold_loss":0}],"is_beta":false,"boss_relics":[{"not_picked":["SlaversCollar","conspire:SeveredTorchhead"],"picked":"Replay:Wanted Poster"}],"items_purged_floors":[],"is_endless":false,"potions_floor_spawned":[7,8,11,18,22,28],"killed_by":"Pondfish","ascension_level":3}}