{"host":"y89x8uui45kcjy42","time":1609341670,"event":{"mods":["2.2 Compatiblity","BaseMod","CapriCore","Colored Map","Colored Powertips","Custom Start","Friendly Minions","Highlight Path","Keyboard Shortcuts","Minty Spire (QoL Compilation)","Relic Stats","Slay the Relics Exporter","StSLib","SuperFastMode","Waifu the Spire"],"gold_per_floor":[117,42,42,42,42,75,150,181,181,13,13,32,32,59,59,138,138,151,166,166,182,195,195,220,220,220,220,253,253,82,82,82,159,159,178,0,0,0,20,48,63,63,63,63,113,125,125,140,140,140,140,140,140,57,91,91],"floor_reached":57,"playtime":1587,"items_purged":["Iron Wave+1"],"score":3389,"play_id":"63420c5d-f1de-4c14-bdd0-c610a6e85d81","local_time":"20201231002110","is_ascension_mode":true,"campfire_choices":[{"floor":15,"key":"RECALL"},{"data":"Shrug It Off","floor":23,"key":"SMITH"},{"data":"Offering","floor":29,"key":"SMITH"},{"data":"Barricade","floor":42,"key":"SMITH"},{"data":"Metallicize","floor":49,"key":"SMITH"}],"circlet_count":0,"master_deck":["Iron Wave+1","Iron Wave+1","Iron Wave+1","Iron Wave+1","Metallicize+1","Metallicize+1","Metallicize+1","Metallicize+1","Clothesline+1","Evolve+1","Offering+1","Barricade+1","Metallicize+1","Madness+1","Madness+1","Exhume+1","Inflame","Second Wind+1"],"relics":["Burning Blood","Art of War","Vajra","Vajra","Vajra","Vajra","Vajra","Vajra","Oddly Smooth Stone","Oddly Smooth Stone","Oddly Smooth Stone","Oddly Smooth Stone","Oddly Smooth Stone","Oddly Smooth Stone","Regal Pillow","Boot","OrangePellets","TungstenRod","Letter Opener","SlaversCollar","Coffee Dripper","Omamori","Anchor","Blood Vial","Orichalcum","PreservedInsect","Enchiridion","Coffee Dripper","Red Mask","MealTicket","Toxic Egg 2","Lizard Tail","Vajra","Vajra","Vajra","Vajra","Vajra","Oddly Smooth Stone","Oddly Smooth Stone","Oddly Smooth Stone","Oddly Smooth Stone","Oddly Smooth Stone","Vajra","Vajra","Vajra","Vajra","Vajra","Vajra","Vajra","Vajra","Vajra","Vajra","Vajra","Vajra","Vajra","Vajra","Oddly Smooth Stone","Oddly Smooth Stone","Oddly Smooth Stone","Oddly Smooth Stone","Oddly Smooth Stone","Oddly Smooth Stone","Oddly Smooth Stone","Oddly Smooth Stone","Oddly Smooth Stone","Oddly Smooth Stone","Oddly Smooth Stone","Vajra","Vajra","Vajra","Vajra","Vajra","Oddly Smooth Stone","Oddly Smooth Stone","Oddly Smooth Stone","Oddly Smooth Stone","Oddly Smooth Stone","Oddly Smooth Stone","Vajra","Vajra","Vajra","Vajra","Vajra","Vajra","Vajra","Vajra","Vajra","Vajra","Vajra","Vajra","Vajra","Vajra","Vajra","Vajra","Mango"],"acts_visited":["Exordium","TheCity","TheBeyond","TheEnding"],"potions_floor_usage":[56,56],"damage_taken":[{"damage":0,"enemies":"2 Louse","floor":1,"turns":2},{"damage":0,"enemies":"Gremlin Nob","floor":6,"turns":4},{"damage":4,"enemies":"3 Sentries","floor":8,"turns":6},{"damage":0,"enemies":"Cultist","floor":12,"turns":3},{"damage":0,"enemies":"Gremlin Nob","floor":14,"turns":4},{"damage":0,"enemies":"Slime Boss","floor":16,"turns":8},{"damage":0,"enemies":"Chosen","floor":18,"turns":3},{"damage":0,"enemies":"Shell Parasite","floor":19,"turns":4},{"damage":0,"enemies":"Centurion and Healer","floor":21,"turns":6},{"damage":0,"enemies":"Snake Plant","floor":22,"turns":3},{"damage":0,"enemies":"Gremlin Leader","floor":24,"turns":7},{"damage":0,"enemies":"Book of Stabbing","floor":28,"turns":4},{"damage":5,"enemies":"Collector","floor":33,"turns":10},{"damage":5,"enemies":"Orb Walker","floor":35,"turns":3},{"damage":5,"enemies":"3 Darklings","floor":39,"turns":4},{"damage":5,"enemies":"Giant Head","floor":40,"turns":7},{"damage":5,"enemies":"Sphere and 2 Shapes","floor":41,"turns":6},{"damage":5,"enemies":"2 Orb Walkers","floor":45,"turns":4},{"damage":10,"enemies":"4 Shapes","floor":46,"turns":3},{"damage":10,"enemies":"Maw","floor":48,"turns":6},{"damage":10,"enemies":"Time Eater","floor":50,"turns":13},{"damage":10,"enemies":"Donu and Deca","floor":51,"turns":7},{"damage":17,"enemies":"Shield and Spear","floor":55,"turns":6},{"damage":9,"enemies":"The Heart","floor":56,"turns":6}],"seed_played":"-4255074054489153655","potions_obtained":[{"floor":1,"key":"Ancient Potion"},{"floor":8,"key":"Explosive Potion"},{"floor":16,"key":"Energy Potion"},{"floor":45,"key":"SpeedPotion"}],"is_trial":false,"path_per_floor":["M","$","?","$","?","E","?","E","T","$","?","M","?","E","R","B",null,"M","M","?","M","M","R","E","R","T","R","E","R","$","?","R","B",null,"M","?","$","?","M","E","M","R","T","?","?","M","$","M","R","B","B",null,"R","$","E","B",null],"character_chosen":"IRONCLAD","items_purchased":["OrangePellets","PreservedInsect","Inflame"],"campfire_rested":0,"item_purchase_floors":[10,30,54],"current_hp_per_floor":[74,74,74,74,74,75,64,66,66,66,66,72,72,75,75,75,75,75,75,75,75,75,75,75,75,75,75,75,75,75,58,58,61,72,75,75,75,75,75,75,75,75,75,62,65,63,75,71,71,69,67,73,73,75,78,77],"gold":91,"neow_bonus":"RANDOM_COMMON_RELIC","is_daily":false,"chose_seed":false,"campfire_upgraded":4,"win_rate":0.0,"timestamp":1609341670,"path_taken":["M","$","?","?","?","E","?","E","T","$","?","?","?","E","R","BOSS","M","M","?","M","M","R","E","R","T","R","E","R","$","?","R","BOSS","M","?","$","?","M","E","M","R","T","?","?","M","?","?","R","BOSS","BOSS","R","$","E","BOSS"],"items_purchased_type":["Relic","Relic","Card"],"build_version":"2020-12-22","purchased_purges":1,"victory":true,"max_hp_per_floor":[75,75,75,75,75,75,75,75,75,75,75,75,75,75,75,75,75,75,75,75,75,75,75,75,75,75,75,75,75,75,75,75,75,75,75,75,75,75,75,75,75,75,75,75,75,75,75,75,75,75,75,75,75,75,89,89],"relic_stats":{"Regal Pillow":0,"counters":[24,129],"PreservedInsect":207,"Letter Opener":[70],"Orichalcum":[0],"Boot":[29],"Burning Blood":91,"Blood Vial":14,"OrangePellets":[5],"Lizard Tail":0,"MealTicket":14,"Art of War":[4],"obtain_stats":[{"Regal Pillow":6,"Vajra":0,"Oddly Smooth Stone":0,"Enchiridion":31,"Mango":55,"PreservedInsect":30,"Omamori":20,"Letter Opener":14,"Orichalcum":28,"Boot":8,"Burning Blood":0,"Blood Vial":24,"OrangePellets":10,"SlaversCollar":17,"Anchor":20,"Lizard Tail":45,"MealTicket":40,"Art of War":0,"Coffee Dripper":17,"Red Mask":36,"Toxic Egg 2":43,"TungstenRod":13},{"Regal Pillow":2,"Vajra":0,"Oddly Smooth Stone":0,"Enchiridion":12,"Mango":23,"PreservedInsect":12,"Omamori":8,"Letter Opener":5,"Orichalcum":12,"Boot":3,"Burning Blood":0,"Blood Vial":11,"OrangePellets":3,"SlaversCollar":6,"Anchor":8,"Lizard Tail":18,"MealTicket":16,"Art of War":0,"Coffee Dripper":6,"Red Mask":14,"Toxic Egg 2":17,"TungstenRod":4},{"Regal Pillow":6,"Vajra":0,"Oddly Smooth Stone":0,"Enchiridion":54,"Mango":123,"PreservedInsect":54,"Omamori":34,"Letter Opener":19,"Orichalcum":54,"Boot":12,"Burning Blood":0,"Blood Vial":50,"OrangePellets":12,"SlaversCollar":27,"Anchor":34,"Lizard Tail":88,"MealTicket":78,"Art of War":0,"Coffee Dripper":27,"Red Mask":67,"Toxic Egg 2":84,"TungstenRod":15}],"TungstenRod":28},"card_choices":[{"not_picked":["Power Through","Iron Wave"],"picked":"Evolve","floor":1},{"not_picked":["Twin Strike","Clash","Dark Embrace"],"picked":"SKIP","floor":6},{"not_picked":["Blood for Blood","Feel No Pain","Thunderclap"],"picked":"SKIP","floor":8},{"not_picked":["Dropkick","Pommel Strike"],"picked":"Shrug It Off","floor":12},{"not_picked":["Burning Pact","Havoc","Flex"],"picked":"SKIP","floor":14},{"not_picked":["Inflame+1","Heavy Blade","Clash"],"picked":"SKIP","floor":18},{"not_picked":["Rage+1","Dark Embrace","Carnage"],"picked":"SKIP","floor":19},{"not_picked":["Rupture","Pummel","Pommel Strike"],"picked":"SKIP","floor":21},{"not_picked":["True Grit","Seeing Red","Iron Wave"],"picked":"SKIP","floor":22},{"not_picked":["Anger","Rupture","Warcry"],"picked":"SKIP","floor":24},{"not_picked":["Combust+1","True Grit+1"],"picked":"Offering","floor":28},{"not_picked":["Brutality","Limit Break"],"picked":"Barricade","floor":33},{"not_picked":["Intimidate","Clothesline","Twin Strike"],"picked":"SKIP","floor":35},{"not_picked":["Body Slam","Heavy Blade","Perfected Strike"],"picked":"SKIP","floor":39},{"not_picked":["Sword Boomerang","Warcry"],"picked":"Metallicize","floor":40},{"not_picked":["Headbutt+1","Wild Strike","Sever Soul"],"picked":"SKIP","floor":41},{"not_picked":["Warcry+1","Shrug It Off+1"],"picked":"Exhume+1","floor":45},{"not_picked":["Twin Strike","Warcry+1","Havoc+1"],"picked":"SKIP","floor":46},{"not_picked":["Cleave","Warcry+1","Flex+1"],"picked":"SKIP","floor":48},{"not_picked":["Clash+1","Searing Blow"],"picked":"Second Wind+1","floor":55}],"player_experience":531514,"relics_obtained":[{"floor":6,"key":"Regal Pillow"},{"floor":8,"key":"Boot"},{"floor":13,"key":"TungstenRod"},{"floor":14,"key":"Letter Opener"},{"floor":24,"key":"Blood Vial"},{"floor":28,"key":"Orichalcum"},{"floor":31,"key":"Enchiridion"},{"floor":40,"key":"MealTicket"},{"floor":43,"key":"Toxic Egg 2"},{"floor":45,"key":"Lizard Tail"},{"floor":55,"key":"Mango"}],"event_choices":[{"damage_healed":0,"gold_gain":0,"player_choice":"Forge","damage_taken":0,"max_hp_gain":0,"max_hp_loss":0,"event_name":"Accursed Blacksmith","floor":3,"gold_loss":0,"cards_upgraded":["Evolve"]},{"damage_healed":0,"gold_gain":0,"player_choice":"Leave","damage_taken":0,"max_hp_gain":0,"max_hp_loss":0,"event_name":"The Cleric","floor":5,"gold_loss":0},{"damage_healed":0,"gold_gain":75,"player_choice":"Gather Gold","damage_taken":11,"max_hp_gain":0,"max_hp_loss":0,"event_name":"World of Goop","floor":7,"gold_loss":0},{"damage_healed":0,"gold_gain":0,"player_choice":"0 cards matched","damage_taken":0,"max_hp_gain":0,"max_hp_loss":0,"event_name":"Match and Keep!","floor":11,"gold_loss":0,"cards_obtained":[]},{"damage_healed":0,"gold_gain":0,"player_choice":"Relic","damage_taken":0,"max_hp_gain":0,"max_hp_loss":0,"event_name":"Wheel of Change","floor":13,"gold_loss":0},{"damage_healed":0,"gold_gain":0,"player_choice":"Opened","damage_taken":0,"relics_obtained":["Anchor"],"max_hp_gain":0,"max_hp_loss":0,"event_name":"The Mausoleum","floor":20,"gold_loss":0,"cards_obtained":["Writhe"]},{"damage_healed":0,"gold_gain":0,"player_choice":"Obtained Book","damage_taken":21,"max_hp_gain":0,"max_hp_loss":0,"event_name":"Cursed Tome","floor":31,"gold_loss":0},{"damage_healed":0,"gold_gain":0,"player_choice":"Paid","damage_taken":0,"relics_obtained":["Red Mask"],"max_hp_gain":0,"max_hp_loss":0,"event_name":"Tomb of Lord Red Mask","floor":36,"gold_loss":178},{"cards_removed":["Shrug It Off"],"damage_healed":0,"gold_gain":0,"player_choice":"Removed Skill","damage_taken":0,"max_hp_gain":0,"max_hp_loss":0,"event_name":"Falling","floor":38,"gold_loss":0},{"damage_healed":0,"gold_gain":0,"player_choice":"Embrace Madness","damage_taken":14,"max_hp_gain":0,"max_hp_loss":0,"event_name":"Winding Halls","floor":44,"gold_loss":0,"cards_obtained":["Madness","Madness"]},{"damage_healed":0,"gold_gain":0,"player_choice":"Fight","damage_taken":0,"max_hp_gain":0,"max_hp_loss":0,"event_name":"Mysterious Sphere","floor":45,"gold_loss":0}],"is_beta":false,"boss_relics":[{"not_picked":["Fusion Hammer","Ectoplasm"],"picked":"SlaversCollar"},{"not_picked":["Busted Crown","Snecko Eye"],"picked":"Coffee Dripper"}],"items_purged_floors":[2],"is_endless":false,"potions_floor_spawned":[1,8,16,24,28,33,35,40,41,45,48,55],"ascension_level":20}}