{"host":"c5j8t0wyh2hvx9ju","time":1609293877,"event":{"mods":["Astrologer","BaseMod","BetterRewards","HololiveMod","Minty Spire (QoL Compilation)","Prisma Mod","StSLib"],"gold_per_floor":[112,131,144,144,155,185,199,199,226,226,301,301,301,333,333,435,435,405,405,405,405,405,405,405,405,405,405,405,405,0,0,0,0,0,0,0,0,0,0,0,0,0,0,0,0,0,0,0,0,0],"floor_reached":51,"playtime":2903,"items_purged":[],"score":1182,"play_id":"77d02064-255a-4f31-86c7-00f916316ddb","local_time":"20201230110437","is_ascension_mode":true,"campfire_choices":[{"floor":8,"key":"REST"},{"data":"Echo Form","floor":10,"key":"SMITH"},{"data":"Chaos","floor":12,"key":"SMITH"},{"data":"Zap","floor":15,"key":"SMITH"},{"floor":23,"key":"REST"},{"data":"Buffer","floor":25,"key":"SMITH"},{"data":"Coolheaded","floor":27,"key":"SMITH"},{"floor":32,"key":"REST"},{"data":"Buffer","floor":42,"key":"SMITH"},{"data":"Capacitor","floor":46,"key":"SMITH"},{"floor":49,"key":"REST"}],"circlet_count":0,"master_deck":["Strike_B","Strike_B","Defend_B+1","Defend_B","Defend_B+1","Defend_B","Zap+1","Dualcast","Chaos+1","Gash","Go for the Eyes","Gash","Echo Form+1","Gash","Conserve Battery","Electrodynamics","Buffer+1","Coolheaded+1","Coolheaded","Capacitor","Capacitor+1","Lockon","Buffer+1","Hologram+1","Storm+1","Coolheaded+1"],"relics":["Cracked Core","DataDisk","GremlinMask","Dead Branch","Strawberry","War Paint","Ectoplasm","Bag of Marbles","Art of War","Bag of Preparation","Nuclear Battery","Red Mask","Blood Vial","Happy Flower","Bottled Tornado","Potion Belt"],"acts_visited":["Exordium","TheCity","TheBeyond"],"potions_floor_usage":[6,14,18,28,33,40,50,50,50,50,50,50,50],"damage_taken":[{"damage":1,"enemies":"Cultist","floor":1,"turns":3},{"damage":1,"enemies":"2 Louse","floor":2,"turns":2},{"damage":2,"enemies":"Jaw Worm","floor":3,"turns":3},{"damage":4,"enemies":"Looter","floor":5,"turns":3},{"damage":28,"enemies":"Gremlin Nob","floor":6,"turns":5},{"damage":14,"enemies":"Red Slaver","floor":7,"turns":3},{"damage":8,"enemies":"Lagavulin","floor":14,"turns":6},{"damage":17,"enemies":"Hexaghost","floor":16,"turns":8},{"damage":17,"enemies":"2 Thieves","floor":18,"turns":2},{"damage":8,"enemies":"Chosen","floor":20,"turns":5},{"damage":12,"enemies":"3 Cultists","floor":22,"turns":4},{"damage":27,"enemies":"Snake Plant","floor":28,"turns":4},{"damage":4,"enemies":"Centurion and Healer","floor":29,"turns":6},{"damage":26,"enemies":"Champ","floor":33,"turns":10},{"damage":0,"enemies":"3 Darklings","floor":35,"turns":6},{"damage":31,"enemies":"Giant Head","floor":40,"turns":9},{"damage":0,"enemies":"3 Shapes","floor":41,"turns":4},{"damage":0,"enemies":"Nemesis","floor":44,"turns":10},{"damage":0,"enemies":"Spire Growth","floor":45,"turns":4},{"damage":14,"enemies":"4 Shapes","floor":47,"turns":5},{"damage":8,"enemies":"Jaw Worm Horde","floor":48,"turns":5},{"damage":38,"enemies":"Awakened One","floor":50,"turns":11}],"seed_played":"-8190098943967312352","potions_obtained":[{"floor":1,"key":"Block Potion"},{"floor":7,"key":"AttackPotion"},{"floor":16,"key":"EssenceOfDarkness"},{"floor":20,"key":"LiquidMemories"},{"floor":22,"key":"PotionOfCapacity"},{"floor":28,"key":"Energy Potion"},{"floor":40,"key":"EntropicBrew"},{"floor":41,"key":"PotionOfCapacity"},{"floor":47,"key":"Energy Potion"},{"floor":48,"key":"SkillPotion"}],"is_trial":false,"path_per_floor":["M","M","M","?","M","E","M","R","T","R","?","R","?","E","R","B",null,"M","?","M","?","M","R","?","R","T","R","M","M","$","?","R","B",null,"M","?","?","?","?","E","M","R","T","E","M","R","M","M","R","B",null],"character_chosen":"DEFECT","items_purchased":["DataDisk","Chaos","PowerPotion","Art of War","Capacitor","Bag of Preparation","Lockon"],"campfire_rested":4,"item_purchase_floors":[0,0,0,30,30,30,30],"current_hp_per_floor":[67,66,64,64,60,32,18,40,47,47,36,36,36,28,28,11,64,47,31,23,23,11,37,37,37,37,37,10,6,6,6,32,6,67,67,67,67,67,67,38,40,40,40,42,44,44,32,26,52,16],"gold":0,"neow_bonus":"","is_daily":false,"chose_seed":false,"campfire_upgraded":7,"win_rate":0.0,"timestamp":1609293877,"path_taken":["M","M","M","?","?","E","M","R","T","R","?","R","?","E","R","BOSS","M","?","M","?","?","R","?","R","T","R","M","M","$","?","R","BOSS","M","?","?","?","?","E","M","R","T","E","?","R","M","M","R","BOSS"],"items_purchased_type":["Relic","Card","Potion","Relic","Card","Relic","Card"],"build_version":"2020-12-22","purchased_purges":0,"victory":true,"max_hp_per_floor":[75,75,75,75,75,75,75,75,82,82,82,82,82,82,82,82,82,82,87,87,87,87,87,87,87,87,87,87,87,87,87,87,87,87,87,87,87,87,87,87,87,87,87,87,87,87,87,87,87,87],"card_choices":[{"not_picked":["Beam Cell","Turbo"],"picked":"Gash","floor":1},{"not_picked":["Compile Driver","Sweeping Beam"],"picked":"Go for the Eyes","floor":2},{"not_picked":["Loop","Streamline"],"picked":"Gash","floor":3},{"not_picked":["Chill","Rebound"],"picked":"Echo Form","floor":5},{"not_picked":["Scrape","Blizzard"],"picked":"Gash","floor":6},{"not_picked":["Cold Snap","Rebound"],"picked":"Conserve Battery","floor":7},{"not_picked":["Conserve Battery","Static Discharge"],"picked":"Electrodynamics","floor":14},{"not_picked":["Seek","Biased Cognition"],"picked":"Buffer","floor":16},{"not_picked":["Cold Snap+1","Double Energy","Sweeping Beam"],"picked":"SKIP","floor":18},{"not_picked":["Redo","Heatsinks","Darkness"],"picked":"SKIP","floor":20},{"not_picked":["Lockon","Tempest+1"],"picked":"Coolheaded","floor":22},{"not_picked":["Turbo+1","Rebound"],"picked":"Coolheaded","floor":28},{"not_picked":["Compile Driver","Rebound"],"picked":"Capacitor","floor":29},{"not_picked":["Hyperbeam","Amplify"],"picked":"Buffer","floor":33},{"not_picked":["Skim+1","Compile Driver+1","Leap"],"picked":"SKIP","floor":35},{"not_picked":["Scrape","Tempest+1","Beam Cell"],"picked":"SKIP","floor":40},{"not_picked":["Turbo","Compile Driver"],"picked":"Hologram+1","floor":41},{"not_picked":["Hologram","BootSequence+1"],"picked":"Storm+1","floor":44},{"not_picked":["Leap","Ball Lightning+1","Streamline"],"picked":"SKIP","floor":45},{"not_picked":["Rebound","Melter+1"],"picked":"Coolheaded+1","floor":47},{"not_picked":["Coolheaded","Steam+1","Stack"],"picked":"SKIP","floor":48}],"player_experience":875489,"relics_obtained":[{"floor":6,"key":"Dead Branch"},{"floor":9,"key":"Strawberry"},{"floor":14,"key":"War Paint"},{"floor":26,"key":"Bag of Marbles"},{"floor":40,"key":"Happy Flower"},{"floor":43,"key":"Bottled Tornado"},{"floor":44,"key":"Potion Belt"}],"event_choices":[{"damage_healed":0,"gold_gain":0,"player_choice":"Trade","damage_taken":0,"relics_obtained":["GremlinMask"],"max_hp_gain":0,"max_hp_loss":0,"event_name":"FaceTrader","floor":4,"gold_loss":0},{"damage_healed":0,"gold_gain":75,"player_choice":"Gather Gold","damage_taken":11,"max_hp_gain":0,"max_hp_loss":0,"event_name":"World of Goop","floor":11,"gold_loss":0},{"damage_healed":0,"gold_gain":0,"player_choice":"Fled","damage_taken":0,"max_hp_gain":0,"max_hp_loss":0,"event_name":"Scrap Ooze","floor":13,"gold_loss":0},{"damage_healed":0,"gold_gain":0,"player_choice":"Shed Blood","damage_taken":21,"max_hp_gain":5,"max_hp_loss":0,"event_name":"Forgotten Altar","floor":19,"gold_loss":0},{"cards_removed":["Strike_B"],"damage_healed":0,"gold_gain":0,"player_choice":"Offered Basic","damage_taken":0,"max_hp_gain":0,"max_hp_loss":0,"event_name":"Bonfire Elementals","floor":21,"gold_loss":0},{"damage_healed":0,"gold_gain":99,"player_choice":"Stole From Cult","damage_taken":0,"max_hp_gain":0,"max_hp_loss":0,"event_name":"Nest","floor":24,"gold_loss":0},{"damage_healed":0,"gold_gain":0,"player_choice":"Ignored","damage_taken":0,"max_hp_gain":0,"max_hp_loss":0,"event_name":"Vampires","floor":31,"gold_loss":0},{"damage_healed":0,"gold_gain":0,"player_choice":"Paid","damage_taken":0,"relics_obtained":["Red Mask"],"max_hp_gain":0,"max_hp_loss":0,"event_name":"Tomb of Lord Red Mask","floor":36,"gold_loss":0},{"damage_healed":0,"gold_gain":0,"player_choice":"Ignored","damage_taken":0,"max_hp_gain":0,"max_hp_loss":0,"event_name":"Mysterious Sphere","floor":37,"gold_loss":0},{"cards_removed":["Strike_B"],"damage_healed":0,"gold_gain":0,"player_choice":"Removed Attack","damage_taken":0,"max_hp_gain":0,"max_hp_loss":0,"event_name":"Falling","floor":38,"gold_loss":0},{"damage_healed":0,"gold_gain":0,"player_choice":"Gave Potion","damage_taken":0,"relics_obtained":["Blood Vial"],"max_hp_gain":0,"max_hp_loss":0,"event_name":"WeMeetAgain","floor":39,"gold_loss":0}],"is_beta":false,"boss_relics":[{"not_picked":["Tiny House","SacredBark"],"picked":"Ectoplasm"},{"not_picked":["SlaversCollar","Runic Dome"],"picked":"Nuclear Battery"}],"items_purged_floors":[],"is_endless":false,"potions_floor_spawned":[1,7,16,20,22,28,29,40,41,47,48],"ascension_level":6}}