{"host":"yss3m9ygfcyke5zi","time":1609328766,"event":{"mods":["2.2 Compatiblity","BaseMod","Highlight Path","Minty Spire (QoL Compilation)","Permanent Neow"],"gold_per_floor":[114,127,28,44,144,144,154,185,257,257,277,295,311,329,329,424,424,443,443,463,463,363,388,388,388,411,434,461,481,481,581,581,680,680,697,712,634,42,59,59,59,75,75,102,137,149,173,198,210,222],"floor_reached":51,"playtime":3960,"items_purged":["Strike_R","Perfected Strike+1","Rupture+1"],"score":666,"play_id":"ece386f9-7f31-476b-b5d3-433577acaeae","local_time":"20201230204606","is_ascension_mode":false,"campfire_choices":[{"data":"Feel No Pain","floor":6,"key":"SMITH"},{"floor":10,"key":"REST"},{"data":"Flame Barrier","floor":15,"key":"SMITH"},{"floor":25,"key":"REST"},{"floor":30,"key":"REST"},{"floor":32,"key":"REST"},{"floor":40,"key":"DIG"},{"floor":41,"key":"DIG"},{"floor":46,"key":"DIG"},{"floor":49,"key":"REST"}],"circlet_count":0,"master_deck":["Defend_R+1","Defend_R","Defend_R","Defend_R","Bash","Body Slam","Feel No Pain+1","Cleave","Shrug It Off","Shrug It Off","Headbutt","Flame Barrier+1","Iron Wave","Juggernaut+1","Power Through+1","Burning Pact+1","Armaments+1","Body Slam","Disarm","True Grit+1","Ghostly Armor+1"],"relics":["Mark of Pain","Lizard Tail","Frozen Egg 2","Astrolabe","Nilry\u0027s Codex","MutagenicStrength","War Paint","Oddly Smooth Stone","Smiling Mask","Pocketwatch","Shovel","Blue Candle","SlaversCollar","Toy Ornithopter","Potion Belt","WingedGreaves","Strawberry","Darkstone Periapt","MawBank","Red Skull","Boot"],"acts_visited":["Exordium","TheCity","TheBeyond"],"potions_floor_usage":[16,16,23,31,33,44,47,50,50,50],"damage_taken":[{"damage":0,"enemies":"Cultist","floor":1,"turns":4},{"damage":11,"enemies":"Jaw Worm","floor":2,"turns":3},{"damage":5,"enemies":"Small Slimes","floor":4,"turns":3},{"damage":7,"enemies":"3 Louse","floor":7,"turns":3},{"damage":14,"enemies":"3 Sentries","floor":8,"turns":9},{"damage":2,"enemies":"Looter","floor":11,"turns":3},{"damage":5,"enemies":"Exordium Wildlife","floor":12,"turns":4},{"damage":10,"enemies":"Large Slime","floor":13,"turns":5},{"damage":2,"enemies":"2 Fungi Beasts","floor":14,"turns":3},{"damage":34,"enemies":"Hexaghost","floor":16,"turns":14},{"damage":0,"enemies":"Spheric Guardian","floor":18,"turns":4},{"damage":4,"enemies":"Chosen","floor":20,"turns":5},{"damage":44,"enemies":"Gremlin Leader","floor":23,"turns":9},{"damage":2,"enemies":"Book of Stabbing","floor":28,"turns":6},{"damage":4,"enemies":"Sentry and Sphere","floor":29,"turns":5},{"damage":0,"enemies":"Colosseum Slavers","floor":31,"turns":7},{"damage":30,"enemies":"Colosseum Nobs","floor":31,"turns":5},{"damage":36,"enemies":"Collector","floor":33,"turns":12},{"damage":1,"enemies":"3 Shapes","floor":35,"turns":4},{"damage":12,"enemies":"3 Darklings","floor":36,"turns":5},{"damage":6,"enemies":"Spire Growth","floor":39,"turns":5},{"damage":3,"enemies":"Jaw Worm Horde","floor":42,"turns":7},{"damage":10,"enemies":"3 Darklings","floor":44,"turns":6},{"damage":12,"enemies":"Maw","floor":47,"turns":7},{"damage":6,"enemies":"4 Shapes","floor":48,"turns":10},{"damage":11,"enemies":"Donu and Deca","floor":50,"turns":7}],"seed_played":"9143444116199781693","potions_obtained":[{"floor":1,"key":"SpeedPotion"},{"floor":7,"key":"SpeedPotion"},{"floor":12,"key":"ElixirPotion"},{"floor":16,"key":"Explosive Potion"},{"floor":23,"key":"PowerPotion"},{"floor":28,"key":"EssenceOfSteel"},{"floor":29,"key":"LiquidMemories"},{"floor":31,"key":"Dexterity Potion"},{"floor":36,"key":"DuplicationPotion"},{"floor":42,"key":"Block Potion"},{"floor":44,"key":"BlessingOfTheForge"}],"is_trial":false,"path_per_floor":["M","M","$","M","?","R","M","E","T","R","M","M","M","M","R","B",null,"M","?","M","?","$","E","?","R","T","T","E","M","R","?","R","B",null,"M","M","?","$","M","R","R","M","T","M","T","R","M","M","R","B",null],"character_chosen":"IRONCLAD","items_purchased":["Cleave","Potion Belt","WingedGreaves","LiquidBronze"],"campfire_rested":5,"item_purchase_floors":[3,38,38,38],"current_hp_per_floor":[80,69,69,64,64,64,57,43,43,67,65,60,50,48,48,14,80,80,64,60,60,60,16,16,40,40,40,38,34,58,28,52,16,80,79,67,67,67,61,68,68,65,65,60,60,60,53,47,73,77],"gold":234,"neow_bonus":"BOSS_RELIC","is_daily":false,"chose_seed":false,"campfire_upgraded":2,"win_rate":0.0,"timestamp":1609328766,"path_taken":["M","?","$","M","?","R","M","E","T","R","M","M","?","M","R","BOSS","M","?","M","?","$","E","?","R","T","?","E","?","R","?","R","BOSS","M","M","?","$","M","R","R","?","T","M","?","R","M","?","R","BOSS"],"items_purchased_type":["Card","Relic","Relic","Potion"],"build_version":"2020-12-22","purchased_purges":3,"victory":true,"max_hp_per_floor":[80,80,80,80,80,80,80,80,80,80,80,80,80,80,80,80,80,80,80,80,80,80,80,80,80,80,80,80,80,80,80,80,80,80,80,80,80,80,80,87,87,87,87,87,87,87,87,87,87,87],"card_choices":[{"not_picked":["Searing Blow","Twin Strike"],"picked":"Body Slam","floor":1},{"not_picked":["Clothesline","Flex"],"picked":"Feel No Pain","floor":2},{"not_picked":["Burning Pact","Body Slam"],"picked":"Shrug It Off","floor":4},{"not_picked":["Sever Soul","Thunderclap"],"picked":"Shrug It Off","floor":7},{"not_picked":["Thunderclap","Rupture"],"picked":"Headbutt","floor":8},{"not_picked":["Carnage","Ghostly Armor"],"picked":"Flame Barrier","floor":11},{"not_picked":["Rampage","Power Through","Combust+1"],"picked":"SKIP","floor":12},{"not_picked":["Headbutt","Wild Strike","Cleave"],"picked":"SKIP","floor":13},{"not_picked":["Shrug It Off","Clothesline"],"picked":"Iron Wave","floor":14},{"not_picked":["Reaper","Demon Form+1"],"picked":"Juggernaut+1","floor":16},{"not_picked":["Rupture+1","Thunderclap"],"picked":"Burning Pact","floor":18},{"not_picked":["Shrug It Off+1","Pommel Strike"],"picked":"Armaments+1","floor":20},{"not_picked":["Sever Soul","Hemokinesis+1"],"picked":"Body Slam","floor":23},{"not_picked":["Perfected Strike","Bludgeon"],"picked":"Disarm","floor":28},{"not_picked":["Clash","Shockwave","Sentinel"],"picked":"SKIP","floor":29},{"not_picked":["Perfected Strike+1","Wild Strike"],"picked":"True Grit+1","floor":31},{"not_picked":["Thunderclap","Sword Boomerang+1","Dark Embrace+1"],"picked":"SKIP","floor":35},{"not_picked":["Flex","Shrug It Off","Clash+1"],"picked":"SKIP","floor":36},{"not_picked":["Clothesline+1","Thunderclap+1"],"picked":"Ghostly Armor+1","floor":39},{"not_picked":["Thunderclap+1","Carnage","Shrug It Off"],"picked":"SKIP","floor":42},{"not_picked":["Demon Form+1","Ghostly Armor","Sword Boomerang"],"picked":"SKIP","floor":44},{"not_picked":["Sword Boomerang+1","Reckless Charge","Anger+1"],"picked":"SKIP","floor":47},{"not_picked":["Dual Wield+1","Ghostly Armor+1","Battle Trance+1"],"picked":"SKIP","floor":48}],"player_experience":147161,"relics_obtained":[{"floor":8,"key":"Lizard Tail"},{"floor":9,"key":"Frozen Egg 2"},{"floor":19,"key":"Nilry\u0027s Codex"},{"floor":23,"key":"War Paint"},{"floor":26,"key":"Oddly Smooth Stone"},{"floor":27,"key":"Smiling Mask"},{"floor":28,"key":"Pocketwatch"},{"floor":31,"key":"Shovel"},{"floor":31,"key":"Blue Candle"},{"floor":40,"key":"Strawberry"},{"floor":41,"key":"Darkstone Periapt"},{"floor":43,"key":"MawBank"},{"floor":45,"key":"Red Skull"},{"floor":46,"key":"Boot"}],"event_choices":[{"damage_healed":0,"gold_gain":100,"player_choice":"Gold","damage_taken":0,"max_hp_gain":0,"max_hp_loss":0,"event_name":"Wheel of Change","floor":5,"gold_loss":0},{"damage_healed":0,"gold_gain":0,"player_choice":"Obtained Book","damage_taken":16,"max_hp_gain":0,"max_hp_loss":0,"event_name":"Cursed Tome","floor":19,"gold_loss":0},{"damage_healed":0,"gold_gain":0,"player_choice":"Inject Mutagens","damage_taken":0,"relics_obtained":["MutagenicStrength"],"max_hp_gain":0,"max_hp_loss":0,"event_name":"Drug Dealer","floor":21,"gold_loss":0},{"cards_removed":["Strike_R"],"damage_healed":0,"gold_gain":0,"player_choice":"Elegance","damage_taken":0,"max_hp_gain":0,"max_hp_loss":0,"event_name":"Back to Basics","floor":24,"gold_loss":0},{"damage_healed":0,"gold_gain":0,"player_choice":"Fight","damage_taken":0,"max_hp_gain":0,"max_hp_loss":0,"event_name":"Colosseum","floor":31,"gold_loss":0},{"damage_healed":0,"gold_gain":0,"player_choice":"Fought Nobs","damage_taken":0,"max_hp_gain":0,"max_hp_loss":0,"event_name":"Colosseum","floor":31,"gold_loss":0},{"damage_healed":0,"gold_gain":0,"player_choice":"Paid Gold","damage_taken":0,"relics_obtained":["Toy Ornithopter"],"max_hp_gain":0,"max_hp_loss":0,"event_name":"WeMeetAgain","floor":37,"gold_loss":78}],"is_beta":false,"boss_relics":[{"not_picked":["Runic Pyramid","Sozu"],"picked":"Astrolabe"},{"not_picked":["Snecko Eye","Black Star"],"picked":"SlaversCollar"}],"items_purged_floors":[3,22,38],"is_endless":false,"potions_floor_spawned":[1,7,12,16,23,28,29,31,31,36,42,44],"ascension_level":0}}