{"host":"hkfd27larxvbrzdx","time":1609333065,"event":{"mods":["AchievementEnabler","BaseMod","Colored Map","Colored Powertips","DeckTracker","Minty Spire (QoL Compilation)"],"gold_per_floor":[112,212,225,241,257,257,274,301,346,363,363,363,363,378,378,480,480,491,523,523,448,448,448,437,437,437],"floor_reached":25,"playtime":2074,"items_purged":["Strike_G"],"score":223,"play_id":"9e7c6cb2-3a96-4be0-99fb-4ff2e0ac1dfb","local_time":"20201230205745","is_ascension_mode":true,"campfire_choices":[{"data":"Backflip","floor":6,"key":"SMITH"},{"data":"Footwork","floor":11,"key":"SMITH"},{"floor":15,"key":"REST"},{"data":"Cloak And Dagger","floor":23,"key":"SMITH"}],"circlet_count":0,"master_deck":["Strike_G","Strike_G","Strike_G","Defend_G","Defend_G","Defend_G","Defend_G","Defend_G","Survivor","Neutralize+1","Backflip+1","Sucker Punch","Dash","PiercingWail","Footwork+1","Cloak And Dagger+1","Caltrops","Die Die Die","Backstab"],"relics":["Ring of the Snake","Ginger","Sozu","Red Mask"],"acts_visited":["Exordium","TheCity"],"potions_floor_usage":[4,16],"damage_taken":[{"damage":0,"enemies":"Jaw Worm","floor":1,"turns":5},{"damage":0,"enemies":"Cultist","floor":3,"turns":4},{"damage":4,"enemies":"Small Slimes","floor":4,"turns":4},{"damage":0,"enemies":"Blue Slaver","floor":5,"turns":6},{"damage":7,"enemies":"2 Fungi Beasts","floor":7,"turns":6},{"damage":31,"enemies":"Gremlin Nob","floor":8,"turns":7},{"damage":3,"enemies":"Looter","floor":10,"turns":4},{"damage":1,"enemies":"Large Slime","floor":14,"turns":7},{"damage":28,"enemies":"The Guardian","floor":16,"turns":18},{"damage":0,"enemies":"Shell Parasite","floor":18,"turns":8},{"damage":27,"enemies":"Masked Bandits","floor":19,"turns":6},{"damage":2,"enemies":"2 Thieves","floor":24,"turns":4},{"damage":48,"enemies":"Gremlin Leader","floor":25,"turns":11}],"seed_played":"6707577965490176778","potions_obtained":[{"floor":1,"key":"Fruit Juice"},{"floor":8,"key":"AttackPotion"},{"floor":14,"key":"Fruit Juice"},{"floor":16,"key":"Dexterity Potion"}],"is_trial":false,"path_per_floor":["M","?","M","M","M","R","M","E","T","M","R","?","?","M","R","B",null,"M","?","?","$","?","R","M","E"],"character_chosen":"THE_SILENT","items_purchased":[],"campfire_rested":1,"item_purchase_floors":[],"current_hp_per_floor":[70,70,70,71,71,71,64,33,33,30,30,30,30,29,51,28,80,80,53,44,44,44,44,42,0,0],"gold":437,"neow_bonus":"UPGRADE_CARD","is_daily":false,"chose_seed":false,"campfire_upgraded":3,"win_rate":0.0,"timestamp":1609333065,"path_taken":["M","?","?","M","M","R","M","E","T","M","R","?","?","M","R","BOSS","M","?","?","$","?","R","M","E"],"items_purchased_type":[],"build_version":"2020-12-22","purchased_purges":1,"victory":false,"max_hp_per_floor":[70,70,70,75,75,75,75,75,75,75,75,75,75,75,75,80,80,80,80,80,80,80,80,80,80,80],"card_choices":[{"not_picked":["Calculated Gamble","PiercingWail"],"picked":"Backflip","floor":1},{"not_picked":["Cloak And Dagger","Eviscerate"],"picked":"Sucker Punch","floor":3},{"not_picked":["Dodge and Roll","Outmaneuver"],"picked":"Dash","floor":4},{"not_picked":["Acrobatics","Deflect"],"picked":"PiercingWail","floor":5},{"not_picked":["Dagger Throw","Acrobatics"],"picked":"Footwork","floor":7},{"not_picked":["Dash","Flying Knee","Wraith Form v2"],"picked":"SKIP","floor":8},{"not_picked":["Infinite Blades","Deadly Poison"],"picked":"Cloak And Dagger","floor":10},{"not_picked":["Underhanded Strike","PiercingWail"],"picked":"Caltrops","floor":14},{"not_picked":["Envenom","Corpse Explosion"],"picked":"Die Die Die","floor":16},{"not_picked":["Escape Plan+1","Outmaneuver","Backflip"],"picked":"SKIP","floor":18},{"not_picked":["Well Laid Plans","Eviscerate"],"picked":"Backstab","floor":19},{"not_picked":["Choke","PiercingWail+1","Quick Slash"],"picked":"SKIP","floor":24}],"player_experience":153535,"relics_obtained":[{"floor":8,"key":"Ginger"},{"floor":19,"key":"Red Mask"}],"event_choices":[{"damage_healed":0,"gold_gain":100,"player_choice":"Pray","damage_taken":0,"max_hp_gain":0,"max_hp_loss":0,"event_name":"Golden Shrine","floor":2,"gold_loss":0},{"cards_removed":["Strike_G"],"damage_healed":0,"gold_gain":0,"player_choice":"Forget","damage_taken":0,"max_hp_gain":0,"max_hp_loss":0,"event_name":"Living Wall","floor":12,"gold_loss":0},{"damage_healed":0,"gold_gain":0,"player_choice":"Ignored","damage_taken":0,"max_hp_gain":0,"max_hp_loss":0,"event_name":"Liars Game","floor":13,"gold_loss":0},{"damage_healed":0,"gold_gain":0,"player_choice":"Fought Bandits","damage_taken":0,"max_hp_gain":0,"max_hp_loss":0,"event_name":"Masked Bandits","floor":19,"gold_loss":0},{"damage_healed":0,"gold_gain":0,"player_choice":"Stopped","damage_taken":9,"max_hp_gain":0,"max_hp_loss":0,"event_name":"Cursed Tome","floor":20,"gold_loss":0},{"damage_healed":0,"gold_gain":0,"player_choice":"Ignored","damage_taken":0,"max_hp_gain":0,"max_hp_loss":0,"event_name":"The Mausoleum","floor":22,"gold_loss":0}],"is_beta":false,"boss_relics":[{"not_picked":["Busted Crown","Calling Bell"],"picked":"Sozu"}],"items_purged_floors":[21],"is_endless":false,"potions_floor_spawned":[1,8,14,16],"killed_by":"Gremlin Leader","ascension_level":2}}