{"host":"m1ntkrf87179kmo6","time":1609288170,"event":{"mods":["BaseMod","Better Third Choice","Minty Spire (QoL Compilation)","Shade Mod","StSLib"],"gold_per_floor":[112,130,130,130,100,130,130,160,160,175,175,194,209,220,220,322,322,334,334,47,64,77,96,96,114,138,158,169,19,30,30,30,130,130,145,495,495,513,105,105,123,123,148,148,148,148],"floor_reached":45,"playtime":5159,"items_purged":[],"score":429,"play_id":"168a9f98-b298-4e4a-bb8a-19a0a6ef88d5","local_time":"20201229192930","is_ascension_mode":false,"campfire_choices":[{"floor":7.0,"key":"REST"},{"floor":11.0,"key":"REST"},{"floor":15.0,"key":"REST"},{"floor":24.0,"key":"REST"},{"floor":32.0,"key":"RECALL"},{"floor":40,"key":"DIG"}],"circlet_count":0,"master_deck":["Shade:Strike_Shade","Shade:Defend_Shade","Shade:Defend_Shade","Shade:Defend_Shade","Shade:Defend_Shade","Shade:AnimateDead","Shade:CarefulCut","Shade:FuneraryArmor","Shade:GreyBargain","Shade:Tombstone","Shade:ClawBack","Shade:FleshLikeOak","Shade:Premonition","Shade:ExtraLimbs","Shade:GreyBargain","Shade:ClawBack+1","Shade:Brains","Shade:FuneraryJewels","Shade:Bite_Shade+1","Shade:FleshToFlesh","Madness","Madness","Shade:FuneraryArmor","Purity","Parasite"],"relics":["Shade:YorickSkull","betterThird:SlimedRelic","Kunai","TungstenRod","MealTicket","Empty Cage","MutagenicStrength","Shovel","Lantern","Blood Vial","SacredBark","Old Coin","ClockworkSouvenir","Oddly Smooth Stone","Boot","Pocketwatch"],"acts_visited":["Exordium","TheCity","TheBeyond"],"potions_floor_usage":[38],"damage_taken":[{"damage":0.0,"enemies":"Jaw Worm","floor":1.0,"turns":5.0},{"damage":0.0,"enemies":"2 Louse","floor":2.0,"turns":2.0},{"damage":27.0,"enemies":"Lagavulin","floor":6.0,"turns":4.0},{"damage":29.0,"enemies":"3 Sentries","floor":8.0,"turns":6.0},{"damage":0.0,"enemies":"Small Slimes","floor":10.0,"turns":3.0},{"damage":0.0,"enemies":"2 Fungi Beasts","floor":12.0,"turns":2.0},{"damage":3.0,"enemies":"Blue Slaver","floor":13.0,"turns":2.0},{"damage":0.0,"enemies":"Looter","floor":14.0,"turns":2.0},{"damage":17.0,"enemies":"Slime Boss","floor":16.0,"turns":14.0},{"damage":1.0,"enemies":"Shell Parasite","floor":18.0,"turns":15.0},{"damage":0.0,"enemies":"Spheric Guardian","floor":21.0,"turns":5.0},{"damage":8.0,"enemies":"Snecko","floor":22.0,"turns":6.0},{"damage":20.0,"enemies":"Sentry and Sphere","floor":23.0,"turns":8.0},{"damage":0.0,"enemies":"Centurion and Healer","floor":25.0,"turns":6.0},{"damage":10.0,"enemies":"Snecko","floor":27.0,"turns":6.0},{"damage":0.0,"enemies":"Snake Plant","floor":28.0,"turns":4.0},{"damage":15.0,"enemies":"3 Cultists","floor":30.0,"turns":6.0},{"damage":47.0,"enemies":"Automaton","floor":33.0,"turns":10.0},{"damage":33,"enemies":"3 Darklings","floor":35,"turns":9},{"damage":0,"enemies":"Mind Bloom Boss Battle","floor":36,"turns":12},{"damage":0,"enemies":"3 Shapes","floor":38,"turns":4},{"damage":16,"enemies":"Jaw Worm Horde","floor":41,"turns":7},{"damage":62,"enemies":"Writhing Mass","floor":45,"turns":8}],"seed_played":"1535132494827210066","potions_obtained":[{"floor":2.0,"key":"AttackPotion"},{"floor":6.0,"key":"DuplicationPotion"},{"floor":13.0,"key":"Swift Potion"},{"floor":22.0,"key":"PowerPotion"},{"floor":25.0,"key":"Regen Potion"},{"floor":27.0,"key":"DuplicationPotion"},{"floor":28.0,"key":"SteroidPotion"},{"floor":30.0,"key":"CultistPotion"},{"floor":36,"key":"SteroidPotion"}],"is_trial":false,"path_per_floor":["M","M","?","?","?","E","R","E","T","M","R","M","M","M","R","B",null,"M","?","$","M","M","M","R","M","T","M","M","$","M","?","R","B",null,"M","?","?","M","$","R","M","?","T","T","M"],"character_chosen":"SHADE","items_purchased":["Shovel","Blood Vial","ClockworkSouvenir","Oddly Smooth Stone","CultistPotion"],"campfire_rested":4,"item_purchase_floors":[20,29,39,39,39],"current_hp_per_floor":[71,71,71,64,53,26,47,18,18,18,39,39,36,36,57,40,71,70,70,71,71,63,43,64,64,64,54,54,69,59,59,59,38,71,44,49,41,46,61,61,50,50,50,50,0,0],"gold":148,"neow_bonus":"TEN_PERCENT_HP_BONUS","is_daily":false,"chose_seed":false,"campfire_upgraded":0,"win_rate":0.0,"timestamp":1609288170,"path_taken":["M","M","?","?","?","E","R","E","T","M","R","M","M","M","R","BOSS","M","?","$","M","M","M","R","M","T","M","M","$","M","?","R","BOSS","M","?","?","M","$","R","M","?","T","?","?"],"items_purchased_type":["Relic","Relic","Relic","Relic","Potion"],"build_version":"2020-12-22","purchased_purges":0,"victory":false,"max_hp_per_floor":[71,71,71,71,71,71,71,71,71,71,71,71,71,71,71,71,71,71,71,71,71,71,71,71,71,71,71,71,71,71,71,71,71,71,71,71,71,71,71,71,71,71,71,71,71,71],"card_choices":[{"not_picked":["Shade:CloudOfShrapnel","Shade:SkeletonArmy"],"picked":"Shade:FuneraryArmor","floor":1.0},{"not_picked":["Shade:Brains","Shade:GraveStillness"],"picked":"Shade:GreyBargain","floor":2.0},{"not_picked":["Shade:FuneraryArmor","Shade:OpenGraves"],"picked":"Shade:Tombstone","floor":6.0},{"not_picked":["Shade:GreaterAnimation","Shade:LichForm"],"picked":"Shade:ClawBack","floor":8.0},{"not_picked":["Shade:FuneraryArmor","Shade:Frenzy"],"picked":"Shade:FleshLikeOak","floor":10.0},{"not_picked":["Shade:Bonestorm","Shade:SensePrey"],"picked":"Shade:Premonition","floor":12.0},{"not_picked":["Shade:Awaken","Shade:SkeletonHug","Shade:PotionOfRestlessness"],"picked":"SKIP","floor":13.0},{"not_picked":["Shade:FreshBones","Shade:CommandSoldier","Shade:CoffinDance"],"picked":"SKIP","floor":14.0},{"not_picked":["Shade:CallWraith","Shade:Bonestorm"],"picked":"Shade:ExtraLimbs","floor":18.0},{"not_picked":["Shade:Trample","Shade:Awaken+1"],"picked":"Shade:GreyBargain","floor":21.0},{"not_picked":["Shade:CloudOfShrapnel","Shade:SkeletonHug"],"picked":"Shade:ClawBack+1","floor":22.0},{"not_picked":["Shade:GraveStillness+1","Shade:PressTheAttack"],"picked":"Shade:Brains","floor":23.0},{"not_picked":["Shade:SkeletonHug","Shade:WallOfFlesh","Shade:FreshBones"],"picked":"SKIP","floor":25.0},{"not_picked":["Shade:Bonestorm","Shade:AncientSpear"],"picked":"Shade:FuneraryJewels","floor":27.0},{"not_picked":["Shade:ClawBack","Shade:RavenousHorde"],"picked":"Shade:Bite_Shade+1","floor":28.0},{"not_picked":["Shade:GoDigging","Shade:Haruspicy","Shade:PoundOfFlesh"],"picked":"SKIP","floor":30.0},{"not_picked":["Shade:CommandSoldier+1","Shade:DangerousRitual+1","Shade:Bonestorm+1"],"picked":"SKIP","floor":35},{"not_picked":["Shade:WallOfFlesh","Shade:GreyBargain"],"picked":"Shade:FleshToFlesh","floor":36},{"not_picked":["Shade:WallOfFlesh","Shade:PoundOfFlesh+1","Shade:ClawBack+1"],"picked":"SKIP","floor":38},{"not_picked":["Shade:Brains","Shade:ScuttlingHand+1"],"picked":"Shade:FuneraryArmor","floor":41},{"not_picked":["Swift Strike","Violence"],"picked":"Purity","floor":42}],"player_experience":1156411,"relics_obtained":[{"floor":6.0,"key":"Kunai"},{"floor":8.0,"key":"TungstenRod"},{"floor":9.0,"key":"MealTicket"},{"floor":26.0,"key":"Lantern"},{"floor":36,"key":"Old Coin"},{"floor":40,"key":"Boot"},{"floor":44,"key":"Pocketwatch"}],"event_choices":[{"damage_healed":71.0,"max_hp_gain":0.0,"max_hp_loss":71.0,"gold_gain":0.0,"event_name":"betterThird:BetterShining","player_choice":"Leave","floor":3.0,"gold_loss":0.0,"damage_taken":0.0},{"cards_removed":["Shade:Strike_Shade"],"damage_healed":0.0,"max_hp_gain":0.0,"max_hp_loss":0.0,"gold_gain":0.0,"event_name":"Golden Wing","player_choice":"Card Removal","floor":4.0,"gold_loss":0.0,"damage_taken":7.0},{"damage_healed":0.0,"max_hp_gain":0.0,"max_hp_loss":0.0,"gold_gain":0.0,"event_name":"betterThird:BetterGoop","player_choice":"Slimed","floor":5.0,"gold_loss":30.0,"damage_taken":11.0},{"damage_healed":0.0,"max_hp_gain":0.0,"max_hp_loss":0.0,"gold_gain":0.0,"event_name":"Drug Dealer","player_choice":"Inject Mutagens","floor":19.0,"gold_loss":0.0,"damage_taken":0.0,"relics_obtained":["MutagenicStrength"]},{"damage_healed":0.0,"max_hp_gain":0.0,"max_hp_loss":0.0,"gold_gain":0.0,"event_name":"Ghosts","player_choice":"Ignored","floor":31.0,"gold_loss":0.0,"damage_taken":0.0},{"damage_healed":0,"gold_gain":0,"player_choice":"Fight","damage_taken":0,"max_hp_gain":0,"max_hp_loss":0,"event_name":"MindBloom","floor":36,"gold_loss":0},{"damage_healed":0,"gold_gain":0,"player_choice":"Embrace Madness","damage_taken":9,"max_hp_gain":0,"max_hp_loss":0,"event_name":"Winding Halls","floor":37,"gold_loss":0,"cards_obtained":["Madness","Madness"]},{"damage_healed":0,"gold_gain":0,"player_choice":"Memory 1","damage_taken":0,"max_hp_gain":0,"max_hp_loss":0,"event_name":"SensoryStone","floor":42,"gold_loss":0}],"is_beta":false,"boss_relics":[{"not_picked":["Sozu","Philosopher\u0027s Stone"],"picked":"Empty Cage"},{"not_picked":["Cursed Key","Fusion Hammer"],"picked":"SacredBark"}],"items_purged_floors":[],"is_endless":false,"potions_floor_spawned":[2,6,13,22,25,27,28,30,36],"killed_by":"Writhing Mass","ascension_level":0}}