{"host":"jpcy2bclvs7juczu","time":1609286759,"event":{"mods":["AchievementEnabler","BaseMod","Block Reminder","Colored Powertips","Minty Spire (QoL Compilation)","Quick Restart","Relic Stats","ojb\u0027s Better Paths Mod","ojb\u0027s Info Mod","slay the spire mod where everything is the same but ironclad has a cowboy hat"],"gold_per_floor":[119,133,153,165,182,182,182],"floor_reached":6,"playtime":230,"items_purged":[],"score":80,"play_id":"55126809-d5fc-4334-b0f5-712eacc536e1","local_time":"20201230000559","is_ascension_mode":true,"campfire_choices":[],"circlet_count":0,"master_deck":["AscendersBane","Strike_R","Strike_R","Strike_R","Strike_R","Defend_R","Defend_R","Defend_R","Bash","Wild Strike","Clothesline","Offering","Rampage","Anger"],"relics":["Empty Cage"],"acts_visited":["Exordium"],"potions_floor_usage":[4,6],"damage_taken":[{"damage":7,"enemies":"Cultist","floor":1,"turns":4},{"damage":7,"enemies":"Small Slimes","floor":2,"turns":3},{"damage":1,"enemies":"2 Louse","floor":3,"turns":2},{"damage":32,"enemies":"Exordium Thugs","floor":4,"turns":6},{"damage":15,"enemies":"3 Louse","floor":5,"turns":3},{"damage":15,"enemies":"3 Sentries","floor":6,"turns":2}],"seed_played":"-7702717679433691493","potions_obtained":[{"floor":1,"key":"Weak Potion"},{"floor":4,"key":"Energy Potion"}],"is_trial":false,"path_per_floor":["M","M","M","M","M","E"],"character_chosen":"IRONCLAD","items_purchased":[],"campfire_rested":0,"item_purchase_floors":[],"current_hp_per_floor":[61,54,53,21,6,0,0],"gold":182,"neow_bonus":"BOSS_RELIC","is_daily":false,"chose_seed":false,"campfire_upgraded":0,"win_rate":0.0,"timestamp":1609286759,"path_taken":["M","M","M","M","M","E"],"items_purchased_type":[],"build_version":"2020-12-22","purchased_purges":0,"victory":false,"max_hp_per_floor":[75,75,75,75,75,75,75],"relic_stats":{"counters":[6,20],"obtain_stats":[{"Empty Cage":0,"Burning Blood":0},{"Empty Cage":0,"Burning Blood":0},{"Empty Cage":0,"Burning Blood":0}]},"card_choices":[{"not_picked":["Dark Embrace","True Grit"],"picked":"Wild Strike","floor":1},{"not_picked":["Wild Strike","Dropkick"],"picked":"Clothesline","floor":2},{"not_picked":["Cleave","Heavy Blade"],"picked":"Offering","floor":3},{"not_picked":["Iron Wave","Flex"],"picked":"Rampage","floor":4},{"not_picked":["Cleave","Shrug It Off"],"picked":"Anger","floor":5}],"player_experience":180790,"relics_obtained":[],"event_choices":[],"is_beta":false,"boss_relics":[],"items_purged_floors":[],"is_endless":false,"potions_floor_spawned":[1,4],"killed_by":"3 Sentries","ascension_level":20}}