{"host":"627up2rvtmm0cf0r","time":1609328834,"event":{"mods":["ATMod(阿瑾Mod)","Act Like it!","BaseMod","Better Vampires","CapriCore","Card Filter","Card Forge","Colored Powertips","DeckTracker","Dota2Spire","Friendly Minions","Highlight Path","Infinite Spire","Jedi Mod","Marked Mod","Mimic Mod","Minty Spire (QoL Compilation)","MostiFishMod","Permanent Neow","Practice Mode","Quick Restart","Relic Stats","Shop Mod","Spicy Shops","StSLib","SuperFastMode","TestMod","【遗物卡牌】REMEMod","残留之物","篝火指南"],"gold_per_floor":[19,19,19,30,77,108,108,134,171,202,202,41,41,60,60,237,237,257,277,289,307,332,332,347,36,36,90,90,124,124,151,1,82,82,97,319,338,338,374,374,386,55,55,88,49,74,87,114,73,73,73,73,73,100,100],"floor_reached":56,"playtime":1997,"items_purged":["Strike_P","Strike_P","Strike_P","Strike_P","Vigilance","Eruption"],"score":2727,"play_id":"a8cbe1d4-d953-497c-989c-b9f5db3ca49b","local_time":"20201230194714","is_ascension_mode":true,"campfire_choices":[{"data":"PlaceholderMod:QualitativeChange","floor":7,"key":"SMITH"},{"data":"AT_MachinaRedman","floor":11,"key":"SMITH"},{"data":"MostiFishMod:JungleRules","floor":13,"key":"SMITH"},{"floor":15,"key":"RECALL"},{"data":"MostiFishMod:StarOceanP","floor":23,"key":"SMITH"},{"data":"AT_RealColorLess","floor":28,"key":"SMITH"},{"data":"MostiFishMod:StarOceanP","floor":40,"key":"SMITH"}],"circlet_count":0,"master_deck":["AscendersBane","Defend_P+1","Defend_P","Defend_P","Defend_P","MostiFishMod:JungleRules+1","AT_MachinaRedman+1","PlaceholderMod:QualitativeChange+1","MostiFishMod:StarOceanP+1","AT_RealColorLess+1","MostiFishMod:StarOceanP+1"],"relics":["PureWater","Hammer of Thor","Seething Fire","Anvil of the Gods","DaveBox","testmod-TestBox","REME_ComplimentaryCards","AT_ATBox","testmod-ObsoleteBoomerang","RhineFirstAidKit","SynthV:TestCard","Damaru","AT_Kusabimaru","Strawberry","Bag of Marbles","infinitespire:CheckeredPen","testmod-Antiphasic","ChiXiaoBlade","Red Mask","Dota2Spire:PhaseBoots","Lantern","AT_DeathDance","AT_SpeedBoots","CeramicFish","Dota2Spire:MantaStyle","Runic Dome","Membership Card","jedi:cryingmask","Darkstone Periapt","Dota2Spire:PowerTreads","testmod-InfectionSource","AT_GuinsooRageblade","Dodecahedron","AT_SunfireAegis"],"acts_visited":["Exordium","TheCity","TheBeyond","TheEnding"],"potions_floor_usage":[5,44,55],"damage_taken":[{"damage":7,"enemies":"Jaw Worm","floor":1,"turns":2},{"damage":0,"enemies":"Small Slimes","floor":4,"turns":2},{"damage":4,"enemies":"2 Louse","floor":5,"turns":2},{"damage":11,"enemies":"Gremlin Nob","floor":6,"turns":3},{"damage":35,"enemies":"Lagavulin","floor":8,"turns":3},{"damage":0,"enemies":"Red Slaver","floor":9,"turns":4},{"damage":8,"enemies":"Gremlin Nob","floor":10,"turns":3},{"damage":4,"enemies":"Red Slaver","floor":14,"turns":2},{"damage":0,"enemies":"The Guardian","floor":16,"turns":2},{"damage":22,"enemies":"2 Thieves","floor":18,"turns":2},{"damage":7,"enemies":"3 Byrds","floor":19,"turns":3},{"damage":0,"enemies":"Centurion and Healer","floor":20,"turns":1},{"damage":0,"enemies":"Snecko","floor":21,"turns":1},{"damage":0,"enemies":"Masked Bandits","floor":22,"turns":1},{"damage":0,"enemies":"Chosen and Byrds","floor":24,"turns":2},{"damage":46,"enemies":"Gremlin Leader","floor":27,"turns":3},{"damage":0,"enemies":"Book of Stabbing","floor":29,"turns":1},{"damage":0,"enemies":"Gremlin Leader","floor":31,"turns":1},{"damage":9,"enemies":"Automaton","floor":33,"turns":4},{"damage":0,"enemies":"3 Darklings","floor":35,"turns":1},{"damage":0,"enemies":"Orb Walker","floor":37,"turns":1},{"damage":0,"enemies":"Spire Growth","floor":39,"turns":2},{"damage":0,"enemies":"Jaw Worm Horde","floor":41,"turns":2},{"damage":0,"enemies":"Giant Head","floor":44,"turns":2},{"damage":0,"enemies":"Reptomancer","floor":46,"turns":1},{"damage":0,"enemies":"Transient","floor":47,"turns":2},{"damage":0,"enemies":"Giant Head","floor":48,"turns":1},{"damage":1,"enemies":"infinitespire:MassOfShapes","floor":50,"turns":1},{"damage":0,"enemies":"Shield and Spear","floor":54,"turns":2},{"damage":6,"enemies":"The Heart","floor":55,"turns":1}],"seed_played":"-7348496442695811712","potions_obtained":[{"floor":1,"key":"PlaceholderMod:PlaceholderPotion"},{"floor":4,"key":"REME_GoldPotion"},{"floor":10,"key":"BottledMiracle"},{"floor":47,"key":"BlessingOfTheForge"},{"floor":48,"key":"testmod-TestPotion"}],"is_trial":false,"path_per_floor":["M","?","?","M","M","E","R","E","MIM","E","R","$","R","M","R","B",null,"M","M","M","M","?","R","M","$","T","E","R","E","AVR","E","R","B",null,"M","?","M","?","M","R","M","R","T","E","$","E","M","E","R","B",null,"R","$","E","B",null],"character_chosen":"WATCHER","items_purchased":["testmod-Antiphasic","Dota2Spire:PhaseBoots","Membership Card","jedi:cryingmask","Dota2Spire:PowerTreads","Dodecahedron"],"campfire_rested":0,"item_purchase_floors":[12,25,42,42,45,49],"current_hp_per_floor":[54,54,43,43,39,68,68,40,40,32,32,32,32,28,28,28,63,46,39,80,80,80,80,80,80,80,80,80,80,80,80,80,71,78,78,78,78,76,76,76,76,76,76,76,76,76,76,76,76,75,76,76,76,76,70],"gold":100,"neow_bonus":"RANDOM_COLORLESS_2","is_daily":false,"chose_seed":false,"campfire_upgraded":6,"win_rate":0.0,"timestamp":1609328834,"path_taken":["M","?","?","M","M","E","R","E","MIM","E","R","$","R","?","R","BOSS","M","M","?","M","?","R","M","?","T","E","R","E","AVR","E","R","BOSS","M","?","M","?","M","R","M","R","T","E","$","E","M","E","R","BOSS","R","$","E","BOSS"],"items_purchased_type":["Relic","Relic","Relic","Relic","Relic","Relic"],"build_version":"2020-12-22","purchased_purges":6,"victory":true,"max_hp_per_floor":[68,68,68,68,68,68,68,75,75,75,75,75,75,75,75,75,75,80,80,80,80,80,80,80,80,80,80,80,80,80,80,80,80,80,80,80,80,76,76,76,76,76,76,76,76,76,76,76,76,76,76,76,76,76,76],"relic_stats":{"Darkstone Periapt":0,"counters":[30,58],"CeramicFish":9,"obtain_stats":[{"Darkstone Periapt":44,"Lantern":26,"Dota2Spire:PowerTreads":45,"AT_ATBox":0,"DaveBox":0,"CeramicFish":30,"Hammer of Thor":0,"RhineFirstAidKit":0,"AT_Kusabimaru":6,"Strawberry":8,"testmod-ObsoleteBoomerang":0,"jedi:cryingmask":42,"Red Mask":22,"testmod-InfectionSource":46,"AT_GuinsooRageblade":48,"Dota2Spire:MantaStyle":31,"testmod-TestBox":0,"Dodecahedron":49,"Damaru":3,"Seething Fire":0,"infinitespire:CheckeredPen":10,"testmod-Antiphasic":12,"Runic Dome":34,"AT_SpeedBoots":29,"SynthV:TestCard":1,"Anvil of the Gods":0,"ChiXiaoBlade":17,"Bag of Marbles":9,"Membership Card":42,"PureWater":0,"AT_DeathDance":27,"AT_SunfireAegis":54,"REME_ComplimentaryCards":0,"Dota2Spire:PhaseBoots":25},{"Darkstone Periapt":24,"Lantern":15,"Dota2Spire:PowerTreads":24,"AT_ATBox":0,"DaveBox":0,"CeramicFish":17,"Hammer of Thor":0,"RhineFirstAidKit":0,"AT_Kusabimaru":4,"Strawberry":5,"testmod-ObsoleteBoomerang":0,"jedi:cryingmask":23,"Red Mask":14,"testmod-InfectionSource":25,"AT_GuinsooRageblade":27,"Dota2Spire:MantaStyle":18,"testmod-TestBox":0,"Dodecahedron":27,"Damaru":1,"Seething Fire":0,"infinitespire:CheckeredPen":7,"testmod-Antiphasic":7,"Runic Dome":19,"AT_SpeedBoots":17,"SynthV:TestCard":1,"Anvil of the Gods":0,"ChiXiaoBlade":9,"Bag of Marbles":6,"Membership Card":23,"PureWater":0,"AT_DeathDance":16,"AT_SunfireAegis":29,"REME_ComplimentaryCards":0,"Dota2Spire:PhaseBoots":15},{"Darkstone Periapt":50,"Lantern":33,"Dota2Spire:PowerTreads":50,"AT_ATBox":0,"DaveBox":0,"CeramicFish":37,"Hammer of Thor":0,"RhineFirstAidKit":0,"AT_Kusabimaru":9,"Strawberry":12,"testmod-ObsoleteBoomerang":0,"jedi:cryingmask":48,"Red Mask":31,"testmod-InfectionSource":51,"AT_GuinsooRageblade":54,"Dota2Spire:MantaStyle":38,"testmod-TestBox":0,"Dodecahedron":54,"Damaru":2,"Seething Fire":0,"infinitespire:CheckeredPen":19,"testmod-Antiphasic":19,"Runic Dome":42,"AT_SpeedBoots":37,"SynthV:TestCard":2,"Anvil of the Gods":0,"ChiXiaoBlade":23,"Bag of Marbles":16,"Membership Card":48,"PureWater":0,"AT_DeathDance":36,"AT_SunfireAegis":57,"REME_ComplimentaryCards":0,"Dota2Spire:PhaseBoots":33}]},"card_choices":[{"not_picked":["Secret Weapon","testmod-Illusory"],"picked":"MostiFishMod:JungleRules","floor":0},{"not_picked":["EmptyFist","REME_Repentance","MarkedMod:GracefulMovements"],"picked":"SKIP","floor":1},{"not_picked":["CrushJoints","REME_Repentance","ClearTheMind","Prostrate","BowlingBash"],"picked":"SKIP","floor":4},{"not_picked":["Weave","CarveReality","FlurryOfBlows","SandsOfTime","DevaForm"],"picked":"SKIP","floor":5},{"not_picked":["SashWhip","MarkedMod:FirstStrike","Crescendo","BattleHymn","WheelKick"],"picked":"SKIP","floor":6},{"not_picked":["SashWhip","MarkedMod:FirstStrike","Crescendo","BattleHymn","WheelKick"],"picked":"SKIP","floor":6},{"not_picked":["Study","Prostrate","MarkedMod:Acupuncture","Collect","ThirdEye"],"picked":"SKIP","floor":8},{"not_picked":["EmptyFist","SignatureMove","CrushJoints","REME_EmptyShield","Prostrate"],"picked":"SKIP","floor":10},{"not_picked":["JustLucky","FollowUp","MostiFishMod:Nomercy","SashWhip","MarkedMod:PinPointDefense"],"picked":"SKIP","floor":14},{"not_picked":["Establishment","Vault","SpiritShield","DeusExMachina"],"picked":"MostiFishMod:StarOceanP","floor":16},{"not_picked":["Weave","REME_MusicOfDeath+1","CarveReality","FlyingSleeves","REME_Repentance"],"picked":"SKIP","floor":18},{"not_picked":["Adaptation","FollowUp+1","EmptyFist","SandsOfTime+1","AT_DivineConfetti"],"picked":"SKIP","floor":19},{"not_picked":["EmptyFist","MarkedMod:GentlePulse","Evaluate+1","FollowUp","BattleHymn"],"picked":"SKIP","floor":20},{"not_picked":["AT_ChampionStep","EmptyMind","BattleHymn","BowlingBash"],"picked":"AT_RealColorLess","floor":21},{"not_picked":["Halt","SignatureMove","Prostrate","BowlingBash","EmptyFist"],"picked":"SKIP","floor":24},{"not_picked":["Prostrate","MarkedMod:OneThousandNeedles","ThirdEye","SashWhip","Halt+1"],"picked":"SKIP","floor":27},{"not_picked":["ClearTheMind","Wallop","MarkedMod:NorthStar","REME_WorshipGod","EmptyBody"],"picked":"SKIP","floor":29},{"not_picked":["Protect","ReachHeaven+1","Crescendo","FollowUp","JustLucky"],"picked":"SKIP","floor":31},{"not_picked":["MostiFishMod:Disappear","MostiFishMod:Pointsdynamics","Establishment","SpiritShield"],"picked":"MostiFishMod:StarOceanP","floor":33},{"not_picked":["MarkedMod:Acupuncture","FollowUp","EmptyMind","AT_SoftenMuscles+1","EmptyFist+1","Meditate"],"picked":"SKIP","floor":35},{"not_picked":["MarkedMod:PinPointDefense","Crescendo+1","FlurryOfBlows","BowlingBash+1","Evaluate"],"picked":"SKIP","floor":37},{"not_picked":["Adaptation","SashWhip+1","WheelKick","FlurryOfBlows","PathToVictory"],"picked":"SKIP","floor":39},{"not_picked":["REME_Repentance","FlurryOfBlows","Fasting2","AT_ChampionStep","PathToVictory+1"],"picked":"SKIP","floor":41},{"not_picked":["REME_MusicOfDeath+1","WreathOfFlame","EmptyBody","MarkedMod:SlowDance","FlurryOfBlows"],"picked":"SKIP","floor":44},{"not_picked":["SignatureMove+1","FlurryOfBlows","Collect+1","BattleHymn","MarkedMod:Acupuncture"],"picked":"SKIP","floor":46},{"not_picked":["REME_Repentance+1","AT_OneInchPunch","MarkedMod:OneThousandNeedles","Evaluate","EmptyMind"],"picked":"SKIP","floor":47},{"not_picked":["REME_Repentance+1","FollowUp","Consecrate","DeceiveReality","Prostrate"],"picked":"SKIP","floor":48},{"not_picked":["Sanctity","MostiFishMod:FlowState+1","MostiFishMod:ScryFuture","CutThroughFate","MarkedMod:FirstStrike+1"],"picked":"SKIP","floor":54}],"player_experience":65247,"relics_obtained":[{"floor":1,"key":"SynthV:TestCard"},{"floor":6,"key":"AT_Kusabimaru"},{"floor":8,"key":"Strawberry"},{"floor":9,"key":"Bag of Marbles"},{"floor":10,"key":"infinitespire:CheckeredPen"},{"floor":22,"key":"Red Mask"},{"floor":26,"key":"Lantern"},{"floor":27,"key":"AT_DeathDance"},{"floor":29,"key":"AT_SpeedBoots"},{"floor":31,"key":"Dota2Spire:MantaStyle"},{"floor":44,"key":"Darkstone Periapt"},{"floor":46,"key":"testmod-InfectionSource"},{"floor":48,"key":"AT_GuinsooRageblade"},{"floor":54,"key":"AT_SunfireAegis"}],"event_choices":[{"damage_healed":0,"gold_gain":0,"player_choice":"Ignored","damage_taken":0,"max_hp_gain":0,"max_hp_loss":0,"event_name":"给自己的盒子","floor":2,"gold_loss":0},{"damage_healed":0,"gold_gain":0,"player_choice":"Success","damage_taken":11,"relics_obtained":["Damaru"],"max_hp_gain":0,"max_hp_loss":0,"event_name":"Scrap Ooze","floor":3,"gold_loss":0},{"damage_healed":0,"gold_gain":0,"player_choice":"Fought Bandits","damage_taken":0,"max_hp_gain":0,"max_hp_loss":0,"event_name":"Masked Bandits","floor":22,"gold_loss":0},{"damage_healed":0,"gold_gain":222,"player_choice":"Wore Mask","damage_taken":0,"max_hp_gain":0,"max_hp_loss":0,"event_name":"Tomb of Lord Red Mask","floor":36,"gold_loss":0},{"damage_healed":0,"gold_gain":0,"player_choice":"Max HP","damage_taken":0,"max_hp_gain":0,"max_hp_loss":4,"event_name":"Winding Halls","floor":38,"gold_loss":0}],"is_beta":false,"boss_relics":[{"not_picked":["VioletLotus","infinitespire:Cupcake"],"picked":"ChiXiaoBlade"},{"not_picked":["GuanYuAspect","Velvet Choker"],"picked":"Runic Dome"}],"items_purged_floors":[12,25,25,30,32,42],"is_endless":false,"potions_floor_spawned":[1,4,10,14,16,19,24,27,29,41,47,48,54],"ascension_level":18}}