{"host":"6h53a8yusadhw57r","time":1609332302,"event":{"mods":["BaseMod","Hermit","Infinite Spire","KomeijiMod","Marisa????????","Minty Spire (QoL Compilation)","StSLib"],"gold_per_floor":[171,171,189,34,34,66,80,80,80,100,100,110,129,153,153,248,248,262,282,282,302,302,331,331,361,387,411,411,422,422,191,191,290,290,305,305,318,166,166,201,201,201,228,257,307,336,385,412,424,436,448,460,249,281,281],"floor_reached":56,"playtime":5409,"items_purged":["Writhe","Writhe"],"score":1426,"play_id":"b557698d-892c-41ee-b046-aa35c49a773e","local_time":"20201230134502","is_ascension_mode":true,"campfire_choices":[{"floor":8.0,"key":"REST"},{"floor":15.0,"key":"REST"},{"floor":24.0,"key":"REST"},{"data":"infinitespire:Collect","floor":30.0,"key":"SMITH"},{"floor":32.0,"key":"REST"},{"floor":42.0,"key":"RECALL"},{"floor":49,"key":"REST"},{"data":"MiserableFate_Remiria","floor":49,"key":"SMITH"},{"data":"infinitespire:UltimateForm","floor":52,"key":"SMITH"}],"circlet_count":0,"master_deck":["Strike_Remiria","Strike_Remiria","Strike_Remiria","Strike_Remiria","Defend_Remirira","Defend_Remirira","Defend_Remirira","Defend_Remirira","Absorbed","MiserableFate_Remiria+1","DemonLordWalk","DemonsDinnerFork_Remiria","DamonLordCradle_Remiria","infinitespire:Collect+1","YoungDemonLord","RocketKickup","FateConcerto","Feint","FateCollect+1","infinitespire:Collect","RocketKickup+1","infinitespire:Starlight","infinitespire:UltimateForm+1","Impregnable+1","ScarletDestiny","RocketKickup","DamonLordCradle_Remiria","infinitespire:NeuralNetwork","Feint+1","infinitespire:UltimateForm+1"],"relics":["ThirstyCrossSpe","Membership Card","Peace Pipe","infinitespire:CursedDice","Tiny Chest","infinitespire:Cupcake","Darkstone Periapt","Regal Pillow","Bag of Marbles","Bronze Scales","Vajra","Bottled Lightning","Philosopher\u0027s Stone","infinitespire:ShieldingShard","Bag of Preparation","Sozu","infinitespire:Lucky Rock","Pen Nib","Toy Ornithopter","ShirouKen","Turnip","infinitespire:Magic Flask","Molten Egg 2","Potion Belt","MawBank","DollysMirror","Blood Vial","Boot","Art of War"],"acts_visited":["Exordium","TheCity","TheBeyond","TheEnding"],"potions_floor_usage":[55],"damage_taken":[{"damage":0.0,"enemies":"Cultist","floor":1.0,"turns":4.0},{"damage":0.0,"enemies":"2 Louse","floor":3.0,"turns":1.0},{"damage":36.0,"enemies":"3 Sentries","floor":6.0,"turns":11.0},{"damage":14.0,"enemies":"Jaw Worm","floor":7.0,"turns":4.0},{"damage":7.0,"enemies":"Large Slime","floor":10.0,"turns":8.0},{"damage":1.0,"enemies":"Red Slaver","floor":12.0,"turns":3.0},{"damage":1.0,"enemies":"Looter","floor":13.0,"turns":3.0},{"damage":7.0,"enemies":"Slime Boss","floor":16.0,"turns":9.0},{"damage":12.0,"enemies":"Spheric Guardian","floor":18.0,"turns":6.0},{"damage":18.0,"enemies":"Chosen","floor":19.0,"turns":5.0},{"damage":16.0,"enemies":"Snake Plant","floor":21.0,"turns":5.0},{"damage":36.0,"enemies":"Book of Stabbing","floor":23.0,"turns":6.0},{"damage":29.0,"enemies":"Gremlin Leader","floor":25.0,"turns":6.0},{"damage":0.0,"enemies":"Shelled Parasite and Fungi","floor":29.0,"turns":1.0},{"damage":14.0,"enemies":"Champ","floor":33.0,"turns":6.0},{"damage":8.0,"enemies":"Orb Walker","floor":35.0,"turns":3.0},{"damage":0.0,"enemies":"3 Shapes","floor":37.0,"turns":6.0},{"damage":0.0,"enemies":"Giant Head","floor":40.0,"turns":6.0},{"damage":0.0,"enemies":"Nemesis","floor":44.0,"turns":7.0},{"damage":0.0,"enemies":"Mind Bloom Boss Battle","floor":45.0,"turns":3.0},{"damage":0.0,"enemies":"Nightmare","floor":46.0,"turns":7.0},{"damage":28,"enemies":"Nemesis","floor":48,"turns":5},{"damage":21,"enemies":"Donu and Deca","floor":50,"turns":6},{"damage":27,"enemies":"Shield and Spear","floor":54,"turns":6},{"damage":42,"enemies":"The Heart","floor":55,"turns":7}],"seed_played":"6804822580691658386","potions_obtained":[{"floor":1.0,"key":"BlessingOfTheForge"},{"floor":7.0,"key":"infinitespire:BlackPotion"},{"floor":10.0,"key":"infinitespire:BlackPotion"},{"floor":13.0,"key":"GamblersBrew"},{"floor":18.0,"key":"UndeadPotion"},{"floor":19.0,"key":"SpeedPotion"},{"floor":23.0,"key":"SmokeBomb"}],"is_trial":false,"path_per_floor":["M","?","M","$","?","E","M","R","T","M","?","M","M","T","R","B",null,"M","M","?","M","?","E","R","E","T","T","AVR","M","R","$","R","B",null,"M","?","M","$","?","E","AVR","R","T","E","?","NM","T","E","R","B",null,"R","$","E","B",null],"character_chosen":"RemiriaScarlet","items_purchased":["Membership Card","infinitespire:ShieldingShard","Bag of Preparation","Energy Potion","infinitespire:Lucky Rock","Pen Nib","DollysMirror","Blood Vial","Boot"],"campfire_rested":5,"item_purchase_floors":[4,31,31,31,38,38,53,53,53],"current_hp_per_floor":[70,70,70,70,70,34,20,50,50,43,17,16,15,15,45,38,100,88,70,70,54,60,24,70,41,41,41,41,41,41,41,87,83,106,98,98,106,106,112,112,112,112,112,112,112,112,112,94,112,101,112,112,112,87,84],"gold":281,"neow_bonus":"THREE_RARE_CARDS","is_daily":false,"chose_seed":false,"campfire_upgraded":3,"win_rate":0.0,"timestamp":1609332302,"path_taken":["M","?","?","?","?","E","M","R","T","?","?","M","M","?","R","BOSS","M","M","?","?","?","E","R","E","T","?","AVR","M","R","$","R","BOSS","M","?","M","$","?","E","AVR","R","T","E","?","NM","?","E","R","BOSS","R","$","E","BOSS"],"items_purchased_type":["Relic","Relic","Relic","Potion","Relic","Relic","Relic","Relic","Relic"],"build_version":"2020-12-22","purchased_purges":2,"victory":true,"max_hp_per_floor":[100,100,100,100,100,100,100,100,100,100,100,100,100,100,100,100,100,100,100,100,100,106,106,106,106,106,106,106,106,106,106,106,106,106,106,106,106,106,112,112,112,112,112,112,112,112,112,112,112,112,112,112,112,112,112],"card_choices":[{"not_picked":["BloodCoagulation","ScarletDestiny"],"picked":"MiserableFate_Remiria","floor":0.0},{"not_picked":["DoubleEdge","DemonsDinnerFork_Remiria"],"picked":"DemonLordWalk","floor":1.0},{"not_picked":["SealingFear","ServantFlier","FierceSweep"],"picked":"SKIP","floor":3.0},{"not_picked":["DoubleEdge","NaturallyHealing"],"picked":"DemonsDinnerFork_Remiria","floor":6.0},{"not_picked":["Rewrite","FateMeister","BloodCollect"],"picked":"SKIP","floor":7.0},{"not_picked":["BodyStrengthen","ScarletNetherworld"],"picked":"DamonLordCradle_Remiria","floor":10.0},{"not_picked":["infinitespire:Execution","infinitespire:Fortify"],"picked":"infinitespire:Collect","floor":11.0},{"not_picked":["ThePrice","DemonsDinnerFork_Remiria"],"picked":"YoungDemonLord","floor":12.0},{"not_picked":["StigmaNizer","PainBurst"],"picked":"RocketKickup","floor":13.0},{"not_picked":["MiserableFate_Remiria","Septette"],"picked":"FateConcerto","floor":16.0},{"not_picked":["TrickFate","SeparateFleshBlood"],"picked":"Feint","floor":18.0},{"not_picked":["Rewrite","TricksterDevil"],"picked":"FateCollect+1","floor":19.0},{"not_picked":["BloodSurge","DoubleEdge","BathedInBlood"],"picked":"SKIP","floor":21.0},{"not_picked":["ServantFlier+1","DoubleEdge"],"picked":"RocketKickup+1","floor":23.0},{"not_picked":["FierceSweep","YoungDemonLord","BloodCollect"],"picked":"SKIP","floor":25.0},{"not_picked":["TricksterDevil","FastHealing"],"picked":"Impregnable+1","floor":29.0},{"not_picked":["BombardNight","FateConcerto"],"picked":"ScarletDestiny","floor":33.0},{"not_picked":["PainBurst","Feint"],"picked":"RocketKickup","floor":35.0},{"not_picked":["Warpath","BloodCleaner+1","TrickFate+1"],"picked":"SKIP","floor":37.0},{"not_picked":["SeparateFleshBlood","ServantFlier"],"picked":"DamonLordCradle_Remiria","floor":40.0},{"not_picked":["BloodySuit+1","FierceSweep+1","LifeBreak+1"],"picked":"SKIP","floor":44.0},{"not_picked":["RocketKickup+1","SeparateFleshBlood+1","FastHealing"],"picked":"SKIP","floor":46.0},{"not_picked":["TricksterDevil+1","DemonsDinnerFork_Remiria"],"picked":"Feint+1","floor":48},{"not_picked":["DemonsDinnerFork_Remiria+1","TricksterDevil","BloodySuit+1"],"picked":"SKIP","floor":54}],"player_experience":430953,"relics_obtained":[{"floor":6.0,"key":"Peace Pipe"},{"floor":9.0,"key":"infinitespire:CursedDice"},{"floor":14.0,"key":"Tiny Chest"},{"floor":23.0,"key":"Regal Pillow"},{"floor":25.0,"key":"Bag of Marbles"},{"floor":26.0,"key":"Bronze Scales"},{"floor":27.0,"key":"Vajra"},{"floor":40.0,"key":"Toy Ornithopter"},{"floor":44.0,"key":"Turnip"},{"floor":45.0,"key":"infinitespire:Magic Flask"},{"floor":46.0,"key":"Molten Egg 2"},{"floor":47.0,"key":"Potion Belt"},{"floor":48,"key":"MawBank"},{"floor":54,"key":"Art of War"}],"event_choices":[{"damage_healed":0.0,"max_hp_gain":0.0,"max_hp_loss":0.0,"gold_gain":0.0,"event_name":"Purifier","player_choice":"Ignored","floor":2.0,"gold_loss":0.0,"damage_taken":0.0},{"damage_healed":0.0,"max_hp_gain":0.0,"max_hp_loss":0.0,"gold_gain":0.0,"event_name":"Transmorgrifier","player_choice":"Ignored","floor":5.0,"gold_loss":0.0,"damage_taken":0.0},{"damage_healed":0.0,"max_hp_gain":0.0,"max_hp_loss":0.0,"gold_gain":0.0,"event_name":"Duplicator","player_choice":"Copied","floor":20.0,"gold_loss":0.0,"damage_taken":0.0,"cards_obtained":["infinitespire:Collect"]},{"damage_healed":0.0,"max_hp_gain":0.0,"max_hp_loss":0.0,"gold_gain":0.0,"event_name":"The Mausoleum","player_choice":"Opened","floor":22.0,"gold_loss":0.0,"damage_taken":0.0,"relics_obtained":["Darkstone Periapt"],"cards_obtained":["Writhe"]},{"cards_removed":["Scratch"],"damage_healed":0.0,"max_hp_gain":0.0,"max_hp_loss":0.0,"gold_gain":0.0,"event_name":"Falling","player_choice":"Removed Attack","floor":36.0,"gold_loss":0.0,"damage_taken":0.0},{"damage_healed":27.0,"max_hp_gain":0.0,"max_hp_loss":0.0,"gold_gain":0.0,"event_name":"Winding Halls","player_choice":"Writhe","floor":39.0,"gold_loss":0.0,"damage_taken":0.0,"cards_obtained":["Writhe"]},{"damage_healed":0.0,"max_hp_gain":0.0,"max_hp_loss":0.0,"gold_gain":0.0,"event_name":"MindBloom","player_choice":"Fight","floor":45.0,"gold_loss":0.0,"damage_taken":0.0}],"is_beta":false,"boss_relics":[{"not_picked":["Velvet Choker","SacredBark"],"picked":"infinitespire:Cupcake"},{"not_picked":["Snecko Eye","Fusion Hammer"],"picked":"Sozu"}],"items_purged_floors":[28,41],"is_endless":false,"potions_floor_spawned":[1,7,10,13,18,19,23,35,45,48],"ascension_level":1}}