{"host":"ilrepnd391jk07a9","time":1609309392,"event":{"mods":["Aspiration","BaseMod","Better Altar","Better Note","Better Skull","Better Third Choice","BetterRewards","Colored Powertips","DeckTracker","Defuse TimeMaze Blight","Downfall","GifTheSpireLib","Gremlin Skip","Halation","Highlight Path","Hubris","Minty Spire (QoL Compilation)","Quick Restart","Relic Stats","Replay The Spire","StSLib","Stuff the Spire","everything is the same but u backflip on backflip","vexMod"],"gold_per_floor":[300,311,330,330,345,375,375,401,416,442,367,381,381,406,423,528,528,528,544,556,426,426,311,337,354,374,85,97,22,22,22,22,22,22],"floor_reached":32,"playtime":2850,"items_purged":["hexamod:Strike","hexamod:Strike","hexamod:Strike+1","hexamod:Defend"],"score":322,"play_id":"478cb262-174c-4831-9ef8-d816d1d48a18","local_time":"20201230192312","is_ascension_mode":true,"campfire_choices":[{"floor":1.0,"key":"RECALL"},{"data":"hexamod:HeatShield","floor":11.0,"key":"SMITH"},{"floor":13.0,"key":"REST"},{"data":"hexamod:VolcanoVisage","floor":18.0,"key":"SMITH"},{"data":"hexamod:Incineration","floor":29,"key":"SMITH"}],"circlet_count":0,"master_deck":["hexamod:Defend+1","hexamod:Defend+1","hexamod:Sear","hexamod:Float","hexamod:ThirdSeal","hexamod:PhantomFireball","hexamod:SpectralSpark","hexamod:TimeWarp","hexamod:SoulSteal","hexamod:EmpoweredFlame+1","hexamod:SpectralSpark+1","hexamod:BurningTouch","hexamod:RadiantFlame","hexamod:ExtraCrispy","hexamod:HeatShield+1","hexamod:FourthSeal","hexamod:SpectralSpark+1","hexamod:SearingWound","hexamod:VolcanoVisage+1","hexamod:GhostflameBarrier","hexamod:BurningTouch+1","hexamod:SecondSeal","hexamod:SoulSteal","hexamod:Incineration+1","hexamod:FirstSeal","hexamod:EmpoweredFlame","hexamod:SecondSeal","Necronomicurse"],"relics":["hexamod:SpiritBrand","Old Coin","Juzu Bracelet","StuffTheSpire:GrapeVine","Replay:Rubber Ducky","Oddly Smooth Stone","downfall:HeartBlessingRed","Ice Cream","halation:HeavySnake","StuffTheSpire:Mouthbags","Replay:Baseball","downfall:HeartBlessingBlue","Necronomicon"],"acts_visited":["Exordium","TheCity"],"potions_floor_usage":[32],"damage_taken":[{"damage":3.0,"enemies":"2 Louse","floor":2.0,"turns":3.0},{"damage":0.0,"enemies":"Cultist","floor":3.0,"turns":3.0},{"damage":0.0,"enemies":"Small Slimes","floor":5.0,"turns":2.0},{"damage":2.0,"enemies":"Lagavulin","floor":6.0,"turns":5.0},{"damage":7.0,"enemies":"3 Sentries","floor":8.0,"turns":5.0},{"damage":5.0,"enemies":"Blue Slaver","floor":9.0,"turns":3.0},{"damage":7.0,"enemies":"Lagavulin","floor":10.0,"turns":5.0},{"damage":13.0,"enemies":"Exordium Wildlife","floor":12.0,"turns":3.0},{"damage":4.0,"enemies":"3 Sentries","floor":14.0,"turns":5.0},{"damage":2.0,"enemies":"3 Louse","floor":15.0,"turns":3.0},{"damage":4.0,"enemies":"downfall:Watcher","floor":16.0,"turns":7.0},{"damage":0.0,"enemies":"Spheric Guardian","floor":19.0,"turns":4.0},{"damage":16.0,"enemies":"Centurion and Healer","floor":20.0,"turns":7.0},{"damage":4.0,"enemies":"downfall:FleeingMerchant","floor":21.0,"turns":4.0},{"damage":0.0,"enemies":"downfall:FleeingMerchant","floor":23.0,"turns":4.0},{"damage":6.0,"enemies":"Cultist and Chosen","floor":25.0,"turns":4.0},{"damage":20.0,"enemies":"Snake Plant","floor":26.0,"turns":3.0},{"damage":0.0,"enemies":"downfall:FleeingMerchant","floor":27.0,"turns":4.0},{"damage":0.0,"enemies":"downfall:FleeingMerchant","floor":28.0,"turns":5.0},{"damage":21,"enemies":"3 Cultists","floor":32,"turns":3}],"seed_played":"-5743362599710693831","potions_obtained":[{"floor":2.0,"key":"Adrenaline Potion"},{"floor":10.0,"key":"Strength Potion"},{"floor":12.0,"key":"Explosive Potion"},{"floor":14.0,"key":"Dexterity Potion"},{"floor":16.0,"key":"Elixir"},{"floor":20.0,"key":"Adrenaline Potion"},{"floor":21.0,"key":"Flashbang"},{"floor":22.0,"key":"EntropicBrew"},{"floor":25.0,"key":"DuplicationPotion"}],"is_trial":false,"path_per_floor":["R","M","M","?","M","E","T","E","M","E","R","M","R","E","M","B",null,"R","M","M","$","?","$","T","M","M","$","$","R","?","?","M"],"character_chosen":"THE_SPIRIT","items_purchased":["hexamod:SecondSeal","StuffTheSpire:Mouthbags","hexamod:FirstSeal","Replay:Baseball"],"campfire_rested":1,"item_purchase_floors":[21,27,28,28],"current_hp_per_floor":[70,67,67,67,67,65,65,58,53,46,46,33,54,50,48,44,70,70,70,54,50,50,50,50,44,24,24,24,34,34,18,0,0,0],"gold":22,"neow_bonus":"ONE_RARE_RELIC","is_daily":false,"chose_seed":false,"campfire_upgraded":3,"win_rate":0.0,"timestamp":1609309392,"path_taken":["R","M","M","?","?","E","T","E","M","E","R","M","R","E","M","BOSS","R","M","M","$","?","$","T","M","M","?","$","R","?","?","M"],"items_purchased_type":["Card","Relic","Card","Relic"],"build_version":"2020-12-22","purchased_purges":4,"victory":false,"max_hp_per_floor":[70,70,70,70,70,70,70,70,70,70,70,70,70,70,70,70,70,70,70,70,70,70,70,70,70,70,70,70,80,80,80,80,80,80],"relic_stats":{"counters":[20,81],"Juzu Bracelet":1,"Necronomicon":[0],"obtain_stats":[{"Ice Cream":14,"downfall:HeartBlessingRed":11,"Oddly Smooth Stone":10,"Juzu Bracelet":6,"StuffTheSpire:GrapeVine":7,"Old Coin":0,"Replay:Rubber Ducky":8,"halation:HeavySnake":17,"Replay:Baseball":28,"StuffTheSpire:Mouthbags":27,"downfall:HeartBlessingBlue":29,"Necronomicon":31,"hexamod:SpiritBrand":0},{"Ice Cream":9,"downfall:HeartBlessingRed":7,"Oddly Smooth Stone":7,"Juzu Bracelet":4,"StuffTheSpire:GrapeVine":4,"Old Coin":0,"Replay:Rubber Ducky":5,"halation:HeavySnake":11,"Replay:Baseball":19,"StuffTheSpire:Mouthbags":18,"downfall:HeartBlessingBlue":19,"Necronomicon":19,"hexamod:SpiritBrand":0},{"Ice Cream":33,"downfall:HeartBlessingRed":25,"Oddly Smooth Stone":25,"Juzu Bracelet":13,"StuffTheSpire:GrapeVine":13,"Old Coin":0,"Replay:Rubber Ducky":18,"halation:HeavySnake":43,"Replay:Baseball":78,"StuffTheSpire:Mouthbags":73,"downfall:HeartBlessingBlue":78,"Necronomicon":78,"hexamod:SpiritBrand":0}]},"card_choices":[{"not_picked":["hexamod:SwordOfDarkness","hexamod:HauntingEcho"],"picked":"hexamod:ThirdSeal","floor":2.0},{"not_picked":["hexamod:NecessarySacrifice","hexamod:EmpoweredFlame"],"picked":"hexamod:PhantomFireball","floor":3.0},{"not_picked":["hexamod:FastForward","hexamod:SpectralAdrenaline"],"picked":"hexamod:SpectralSpark","floor":3.0},{"not_picked":["hexamod:RainOfEmbers","hexamod:GhostShield"],"picked":"hexamod:SoulSteal","floor":5.0},{"not_picked":["hexamod:InspiringFlames","hexamod:GhostOfSpirePast","hexamod:NecessarySacrifice"],"picked":"SKIP","floor":5.0},{"not_picked":["hexamod:InspiringFlames","hexamod:GhostOfSpirePast","hexamod:NecessarySacrifice"],"picked":"SKIP","floor":5.0},{"not_picked":["hexamod:EmpoweringStance","hexamod:GhostOfSpirePast"],"picked":"hexamod:EmpoweredFlame","floor":6.0},{"not_picked":["hexamod:RainOfEmbers","hexamod:NightmareGuise"],"picked":"hexamod:SpectralSpark","floor":6.0},{"not_picked":["hexamod:SpectralSpark","hexamod:Again"],"picked":"hexamod:BurningTouch","floor":8.0},{"not_picked":["hexamod:ShieldOfDarkness","hexamod:HauntingEcho","hexamod:SwordOfDarkness"],"picked":"SKIP","floor":8.0},{"not_picked":["hexamod:DynamicBlow","hexamod:GhostLash"],"picked":"hexamod:RadiantFlame","floor":9.0},{"not_picked":["hexamod:Again","hexamod:EmpoweringStance"],"picked":"hexamod:ExtraCrispy","floor":9.0},{"not_picked":["hexamod:Rewind","hexamod:EtherealExpedition"],"picked":"hexamod:HeatShield","floor":10.0},{"not_picked":["hexamod:RainOfEmbers","hexamod:Hexaguard"],"picked":"hexamod:Incineration","floor":10.0},{"not_picked":["hexamod:CatchUp","hexamod:NightmareStrike"],"picked":"hexamod:FourthSeal","floor":12.0},{"not_picked":["hexamod:BacktrackSmack","hexamod:NightmareGuise"],"picked":"hexamod:Hexaguard","floor":12.0},{"not_picked":["hexamod:SwordOfDarkness","hexamod:RetreatToShadows"],"picked":"hexamod:SpectralSpark","floor":14.0},{"not_picked":["hexamod:ThermalTransfer","hexamod:CrushingStance","hexamod:RainOfEmbers"],"picked":"SKIP","floor":14.0},{"not_picked":["hexamod:Firestarter","hexamod:GhostOfSpireFuture","hexamod:CatchUp"],"picked":"SKIP","floor":15.0},{"not_picked":["hexamod:SpectersWail","hexamod:BacktrackSmack","hexamod:ThermalTransfer"],"picked":"SKIP","floor":15.0},{"not_picked":["hexamod:VolcanoVisage","hexamod:HexaLevel"],"picked":"hexamod:SearingWound","floor":16.0},{"not_picked":["hexamod:EmpoweringStance","hexamod:HexaLevel"],"picked":"hexamod:VolcanoVisage","floor":16.0},{"not_picked":["hexamod:GhostOfSpirePast+1","hexamod:AdvancingGuard"],"picked":"hexamod:GhostflameBarrier","floor":19.0},{"not_picked":["hexamod:SpectersWail+1","hexamod:GhostShield","hexamod:NightmareStrike"],"picked":"SKIP","floor":19.0},{"not_picked":["hexamod:InspiringFlames","hexamod:AdvancingGuard+1"],"picked":"hexamod:BurningTouch+1","floor":20.0},{"not_picked":["hexamod:ApocalypticArmor","hexamod:ThermalTransfer","hexamod:RainOfEmbers"],"picked":"SKIP","floor":20.0},{"not_picked":["hexamod:NightmareStrike","hexamod:BacktrackSmack","hexamod:FourthSeal"],"picked":"SKIP","floor":21.0},{"not_picked":["hexamod:Toasty","hexamod:SpectralSpark+1","hexamod:BacktrackSmack"],"picked":"SKIP","floor":21.0},{"not_picked":["hexamod:Hexaguard+1","hexamod:ThirdSeal","hexamod:AdvancingGuard"],"picked":"SKIP","floor":23.0},{"not_picked":["hexamod:BacktrackSmack","hexamod:GhostShield+1","hexamod:FastForward"],"picked":"SKIP","floor":25.0},{"not_picked":["hexamod:ApocalypseNow","hexamod:Firestarter+1","hexamod:GhostOfSpirePresent+1"],"picked":"SKIP","floor":25.0},{"not_picked":["hexamod:ChargedBarrage","hexamod:HeatCrush"],"picked":"hexamod:SoulSteal","floor":26.0},{"not_picked":["hexamod:InspiringFlames+1","hexamod:NightmareGuise","hexamod:GhostOfSpireFuture"],"picked":"SKIP","floor":26.0},{"not_picked":["hexamod:RainOfEmbers","hexamod:EtherealExpedition","hexamod:NightmareGuise"],"picked":"SKIP","floor":27.0}],"player_experience":837421,"relics_obtained":[{"floor":6.0,"key":"Juzu Bracelet"},{"floor":7.0,"key":"StuffTheSpire:GrapeVine"},{"floor":8.0,"key":"Replay:Rubber Ducky"},{"floor":10.0,"key":"Oddly Smooth Stone"},{"floor":14.0,"key":"Ice Cream"},{"floor":31,"key":"Necronomicon"}],"event_choices":[{"damage_healed":0.0,"max_hp_gain":0.0,"max_hp_loss":0.0,"gold_gain":0.0,"cards_transformed":["hexamod:Strike"],"event_name":"Transmorgrifier","player_choice":"Transformed","floor":4.0,"gold_loss":0.0,"damage_taken":0.0,"cards_obtained":["hexamod:TimeWarp"]},{"damage_healed":0.0,"max_hp_gain":0.0,"max_hp_loss":0.0,"gold_gain":0.0,"event_name":"Lab","player_choice":"Got Potions","floor":22.0,"gold_loss":0.0,"damage_taken":0.0},{"damage_healed":0,"gold_gain":0,"cards_transformed":["hexamod:Defend","hexamod:Hexaguard"],"player_choice":"Became Test Subject","damage_taken":0,"max_hp_gain":0,"max_hp_loss":0,"event_name":"Drug Dealer","floor":30,"gold_loss":0,"cards_obtained":["hexamod:EmpoweredFlame","hexamod:SecondSeal"]}],"is_beta":false,"boss_relics":[{"not_picked":["hubris:HollowSoul","Abe\u0027s Treasure"],"picked":"halation:HeavySnake"}],"items_purged_floors":[21,23,27,28],"is_endless":false,"potions_floor_spawned":[2,10,12,16,20,25,26],"killed_by":"3 Cultists","ascension_level":2}}