{"host":"pvf7uj918he10jir","time":1609305659,"event":{"mods":["AchievementEnabler","BaseMod","Colored Map","Colored Powertips","Highlight Path","Minty Spire (QoL Compilation)","Relic Stats","Slay the Relics Exporter","everything is the same but u backflip on backflip"],"gold_per_floor":[115,115,127,227,3,29,44,59,141,141,154,154,165,196,196,301,301,314,34,34,48,48,48],"floor_reached":22,"playtime":1332,"items_purged":["Strike_P"],"score":283,"play_id":"39e150b0-2c4f-4475-b4d5-f502a8fdcbde","local_time":"20201230002059","is_ascension_mode":true,"campfire_choices":[{"data":"LessonLearned","floor":10,"key":"SMITH"},{"data":"ClearTheMind","floor":12,"key":"SMITH"},{"data":"Evaluate","floor":15,"key":"SMITH"}],"circlet_count":0,"master_deck":["Strike_P+1","Strike_P+1","Strike_P+1","Defend_P","Defend_P+1","Defend_P","Defend_P","Eruption+1","Vigilance","Consecrate","Halt","LessonLearned+1","Conclude","ClearTheMind+1","Evaluate+1","FlurryOfBlows","Blasphemy","FollowUp","Adaptation","RitualDagger"],"relics":["PureWater","NeowsBlessing","Bird Faced Urn","Shuriken","Blood Vial","Black Star","Membership Card"],"acts_visited":["Exordium","TheCity"],"potions_floor_usage":[16,21,22],"damage_taken":[{"damage":0,"enemies":"2 Louse","floor":1,"turns":1},{"damage":0,"enemies":"Cultist","floor":3,"turns":1},{"damage":0,"enemies":"Gremlin Nob","floor":6,"turns":1},{"damage":0,"enemies":"Small Slimes","floor":7,"turns":3},{"damage":13,"enemies":"Red Slaver","floor":8,"turns":6},{"damage":2,"enemies":"3 Louse","floor":11,"turns":3},{"damage":7,"enemies":"2 Fungi Beasts","floor":13,"turns":3},{"damage":0,"enemies":"Lagavulin","floor":14,"turns":4},{"damage":30,"enemies":"The Guardian","floor":16,"turns":8},{"damage":46,"enemies":"3 Byrds","floor":18,"turns":6},{"damage":3,"enemies":"Spheric Guardian","floor":21,"turns":3},{"damage":60,"enemies":"Chosen and Byrds","floor":22,"turns":4}],"seed_played":"392423419656753971","potions_obtained":[{"floor":6,"key":"Swift Potion"},{"floor":7,"key":"SkillPotion"},{"floor":8,"key":"LiquidBronze"},{"floor":21,"key":"StancePotion"}],"is_trial":false,"path_per_floor":["M","?","M","?","$","E","M","M","T","R","M","R","M","E","R","B",null,"M","$","?","M","M"],"character_chosen":"WATCHER","items_purchased":["LessonLearned","Conclude","Membership Card","FollowUp","FairyPotion","Adaptation"],"campfire_rested":0,"item_purchase_floors":[5,5,19,19,19,19],"current_hp_per_floor":[72,72,72,72,72,72,72,59,59,59,57,57,50,50,50,22,72,26,26,20,21,0,0],"gold":48,"neow_bonus":"THREE_ENEMY_KILL","is_daily":false,"chose_seed":false,"campfire_upgraded":3,"win_rate":0.0,"timestamp":1609305659,"path_taken":["M","?","?","?","$","E","M","M","T","R","M","R","M","E","R","BOSS","M","$","?","M","M"],"items_purchased_type":["Card","Card","Relic","Card","Potion","Card"],"build_version":"2020-12-22","purchased_purges":1,"victory":false,"max_hp_per_floor":[72,72,72,72,72,72,72,72,72,72,72,72,72,72,72,72,72,72,72,72,72,72,72],"relic_stats":{"Blood Vial":6,"counters":[12,43],"Shuriken":[12],"Bird Faced Urn":[4],"Black Star":0,"obtain_stats":[{"Blood Vial":14,"NeowsBlessing":0,"Shuriken":9,"Bird Faced Urn":6,"Black Star":17,"Membership Card":19,"PureWater":0},{"Blood Vial":8,"NeowsBlessing":0,"Shuriken":5,"Bird Faced Urn":3,"Black Star":9,"Membership Card":10,"PureWater":0},{"Blood Vial":22,"NeowsBlessing":0,"Shuriken":12,"Bird Faced Urn":3,"Black Star":30,"Membership Card":36,"PureWater":0}]},"card_choices":[{"not_picked":["ThirdEye","Prostrate"],"picked":"Consecrate","floor":1},{"not_picked":["ThirdEye","FearNoEvil"],"picked":"Halt","floor":3},{"not_picked":["EmptyBody","FollowUp"],"picked":"ClearTheMind","floor":6},{"not_picked":["Halt","MasterReality","WreathOfFlame"],"picked":"SKIP","floor":7},{"not_picked":["ForeignInfluence","PathToVictory","FlyingSleeves"],"picked":"SKIP","floor":8},{"not_picked":["JustLucky","EmptyBody","EmptyMind"],"picked":"SKIP","floor":11},{"not_picked":["JustLucky","EmptyBody","EmptyMind"],"picked":"SKIP","floor":11},{"not_picked":["JustLucky","BowlingBash"],"picked":"Evaluate","floor":13},{"not_picked":["BowlingBash","WheelKick"],"picked":"FlurryOfBlows","floor":14},{"not_picked":["LessonLearned","Judgement"],"picked":"Blasphemy","floor":16},{"not_picked":["InnerPeace","FlyingSleeves+1","BowlingBash"],"picked":"SKIP","floor":18},{"not_picked":["Adaptation","EmptyMind","ForeignInfluence"],"picked":"SKIP","floor":21}],"player_experience":110067,"relics_obtained":[{"floor":6,"key":"Bird Faced Urn"},{"floor":9,"key":"Shuriken"},{"floor":14,"key":"Blood Vial"}],"event_choices":[{"damage_healed":0,"gold_gain":0,"player_choice":"Forge","damage_taken":0,"max_hp_gain":0,"max_hp_loss":0,"event_name":"Accursed Blacksmith","floor":2,"gold_loss":0,"cards_upgraded":["Eruption"]},{"damage_healed":0,"gold_gain":100,"player_choice":"Gold","damage_taken":0,"max_hp_gain":0,"max_hp_loss":0,"event_name":"Wheel of Change","floor":4,"gold_loss":0},{"damage_healed":0,"gold_gain":0,"player_choice":"Joined the Cult","damage_taken":6,"max_hp_gain":0,"max_hp_loss":0,"event_name":"Nest","floor":20,"gold_loss":0,"cards_obtained":["RitualDagger"]}],"is_beta":false,"boss_relics":[{"not_picked":["Astrolabe","Sozu"],"picked":"Black Star"}],"items_purged_floors":[19],"is_endless":false,"potions_floor_spawned":[6,7,8,14,21],"killed_by":"Chosen and Byrds","ascension_level":3}}