{"host":"6r3ioyv75hs1gp74","time":1609333354,"event":{"mods":["AchievementEnabler","BaseMod","Better Third Choice","Colored Map","Colored Powertips","Minty Spire (QoL Compilation)","StSLib"],"gold_per_floor":[116,127,36,36,52,87,102,120,146,173,185,217,242,0,0,100,150,134,150,17,29,47,47,47,47,71,87,63,76,76,76,76,76,76],"floor_reached":33,"playtime":2805,"items_purged":["Strike_G"],"score":303,"play_id":"88e43b81-689f-4008-a9ac-10768ec52c3b","local_time":"20201230130234","is_ascension_mode":false,"campfire_choices":[{"floor":15,"key":"REST"},{"floor":23,"key":"REST"},{"data":"Envenom","floor":30,"key":"SMITH"},{"floor":32,"key":"REST"}],"circlet_count":0,"master_deck":["Strike_G","Strike_G+1","Defend_G+1","Defend_G","Defend_G","Defend_G","Survivor","Neutralize","Accuracy","Endless Agony","Backstab+1","Outmaneuver","Cloak And Dagger","Tools of the Trade","Calculated Gamble","All Out Attack","Escape Plan","PiercingWail","Infinite Blades","Quick Slash","Envenom+1","Endless Agony","Sucker Punch","Poisoned Stab","Infinite Blades","Deflect","Blur+1","Prepared+1","Ghostly","Ghostly","Ghostly","Ghostly","Ghostly","Blade Dance","Underhanded Strike+1","Acrobatics","Backstab","Reflex","Night Terror"],"relics":["Ring of the Snake","Whetstone","MawBank","Centennial Puzzle","Tiny House","Lantern"],"acts_visited":["Exordium","TheCity"],"potions_floor_usage":[6,6,16,16,16,21,29,33],"damage_taken":[{"damage":3,"enemies":"Jaw Worm","floor":1,"turns":4},{"damage":0,"enemies":"Cultist","floor":2,"turns":4},{"damage":0,"enemies":"2 Louse","floor":5,"turns":1},{"damage":33,"enemies":"Lagavulin","floor":6,"turns":10},{"damage":1,"enemies":"Looter","floor":7,"turns":2},{"damage":3,"enemies":"2 Fungi Beasts","floor":8,"turns":3},{"damage":0,"enemies":"3 Louse","floor":10,"turns":2},{"damage":5,"enemies":"Lots of Slimes","floor":12,"turns":3},{"damage":7,"enemies":"Blue Slaver","floor":13,"turns":3},{"damage":15,"enemies":"Slime Boss","floor":16,"turns":9},{"damage":12,"enemies":"2 Thieves","floor":18,"turns":4},{"damage":16,"enemies":"Shell Parasite","floor":19,"turns":5},{"damage":29,"enemies":"Centurion and Healer","floor":21,"turns":6},{"damage":22,"enemies":"3 Cultists","floor":22,"turns":5},{"damage":13,"enemies":"Sentry and Sphere","floor":27,"turns":6},{"damage":6,"enemies":"Snake Plant","floor":29,"turns":5},{"damage":66,"enemies":"Collector","floor":33,"turns":6}],"seed_played":"-5209434140425248273","potions_obtained":[{"floor":5,"key":"LiquidMemories"},{"floor":6,"key":"Fruit Juice"},{"floor":10,"key":"Regen Potion"},{"floor":12,"key":"Dexterity Potion"},{"floor":13,"key":"Explosive Potion"},{"floor":17,"key":"Explosive Potion"},{"floor":18,"key":"SteroidPotion"},{"floor":21,"key":"SpeedPotion"},{"floor":27,"key":"SteroidPotion"},{"floor":29,"key":"Regen Potion"}],"is_trial":false,"path_per_floor":["M","M","$","?","M","E","M","M","T","M","$","M","M","$","R","B",null,"M","M","$","M","M","R","?","?","T","M","$","M","R","?","R","B"],"character_chosen":"THE_SILENT","items_purchased":["Backstab","Outmaneuver","Quick Slash","Centennial Puzzle","Infinite Blades","Deflect","Acrobatics"],"campfire_rested":3,"item_purchase_floors":[3,3,14,14,20,20,28],"current_hp_per_floor":[74,74,74,74,74,46,45,42,42,42,42,37,30,30,54,54,87,75,59,59,30,8,34,34,34,34,21,21,15,15,15,27,0,0],"gold":76,"neow_bonus":"TEN_PERCENT_HP_BONUS","is_daily":false,"chose_seed":false,"campfire_upgraded":1,"win_rate":0.0,"timestamp":1609333354,"path_taken":["M","M","$","?","M","E","M","M","T","M","$","?","M","?","R","BOSS","M","?","$","?","M","R","?","?","T","M","$","M","R","?","R","BOSS"],"items_purchased_type":["Card","Card","Card","Relic","Card","Card","Card"],"build_version":"2020-12-22","purchased_purges":1,"victory":false,"max_hp_per_floor":[77,77,77,77,77,82,82,82,82,82,82,82,82,82,82,82,87,87,87,87,87,87,87,43,43,43,43,43,43,43,43,43,43,43],"card_choices":[{"not_picked":["Backflip","Cloak And Dagger"],"picked":"Accuracy","floor":1},{"not_picked":["Tactician","Expertise"],"picked":"Endless Agony","floor":2},{"not_picked":["Backstab","Footwork"],"picked":"Cloak And Dagger","floor":5},{"not_picked":["Crippling Poison","Eviscerate"],"picked":"Tools of the Trade","floor":6},{"not_picked":["Choke","Deadly Poison"],"picked":"Calculated Gamble","floor":7},{"not_picked":["Eviscerate","Masterful Stab"],"picked":"All Out Attack","floor":8},{"not_picked":["Outmaneuver","Deadly Poison"],"picked":"Escape Plan","floor":10},{"not_picked":["Tactician","Acrobatics"],"picked":"PiercingWail","floor":12},{"not_picked":["Prepared","PiercingWail"],"picked":"Infinite Blades","floor":13},{"not_picked":["Bullet Time","Malaise"],"picked":"Envenom","floor":16},{"not_picked":["Backflip","Dagger Throw"],"picked":"Endless Agony","floor":17},{"not_picked":["Poisoned Stab","Underhanded Strike"],"picked":"Sucker Punch","floor":18},{"not_picked":["Heel Hook","Choke+1"],"picked":"Poisoned Stab","floor":19},{"not_picked":["Tactician","Dagger Throw"],"picked":"Blur+1","floor":21},{"not_picked":["Flechettes+1","Outmaneuver"],"picked":"Prepared+1","floor":22},{"not_picked":["Slice","Cloak And Dagger"],"picked":"Underhanded Strike+1","floor":27},{"not_picked":["Unload","Blur"],"picked":"Backstab","floor":29}],"player_experience":31315,"relics_obtained":[{"floor":6,"key":"Whetstone"},{"floor":9,"key":"MawBank"},{"floor":26,"key":"Lantern"}],"event_choices":[{"cards_removed":["Defend_G"],"damage_healed":0,"gold_gain":0,"player_choice":"Offered Basic","damage_taken":0,"max_hp_gain":0,"max_hp_loss":0,"event_name":"Bonfire Elementals","floor":4,"gold_loss":0},{"damage_healed":0,"gold_gain":0,"player_choice":"Became a Ghost","damage_taken":0,"max_hp_gain":0,"max_hp_loss":44,"event_name":"Ghosts","floor":24,"gold_loss":0,"cards_obtained":["Ghostly","Ghostly","Ghostly","Ghostly","Ghostly"]},{"damage_healed":0,"gold_gain":0,"player_choice":"Read","damage_taken":0,"max_hp_gain":0,"max_hp_loss":0,"event_name":"The Library","floor":25,"gold_loss":0,"cards_obtained":["Blade Dance"]},{"damage_healed":0,"gold_gain":0,"cards_transformed":["Strike_G","Strike_G"],"player_choice":"Became Test Subject","damage_taken":0,"max_hp_gain":0,"max_hp_loss":0,"event_name":"Drug Dealer","floor":31,"gold_loss":0,"cards_obtained":["Reflex","Night Terror"]}],"is_beta":false,"boss_relics":[{"not_picked":["Empty Cage","Ectoplasm"],"picked":"Tiny House"}],"items_purged_floors":[14],"is_endless":false,"potions_floor_spawned":[5,6,10,12,13,18,21,27,29],"killed_by":"Collector","ascension_level":0}}