{"host":"yn1175etg9ni8l0q","time":1609307907,"event":{"mods":["AchievementEnabler","BaseMod","Colored Map","Colored Powertips","DeckTracker","Minty Spire (QoL Compilation)","Rare Cards Sparkle","Relic Stats","SuperFastMode","everything is the same but u backflip on backflip"],"gold_per_floor":[117,136,211,228,243,243,268,268,268,268,280,300,300,320,320,415,415,434,454,473,473,473,473,501,197,197,215,215,240,254,274,274,375,375,386,397,407,417,417,417,417,428,496,92,92,92,109,123,123,123,123,123,123,152,152],"floor_reached":56,"playtime":2301,"items_purged":["Strike_R","Heavy Blade"],"score":1195,"play_id":"b7c80c6a-fd16-4e7e-a545-4db1a8c5c3f0","local_time":"20201230145827","is_ascension_mode":false,"campfire_choices":[{"data":"Dark Embrace","floor":6.0,"key":"SMITH"},{"data":"Shockwave","floor":8.0,"key":"SMITH"},{"floor":13.0,"key":"REST"},{"data":"Power Through","floor":15.0,"key":"SMITH"},{"data":"Blood for Blood","floor":23.0,"key":"SMITH"},{"floor":28.0,"key":"REST"},{"floor":32.0,"key":"REST"},{"data":"Barricade","floor":40,"key":"SMITH"},{"data":"Body Slam","floor":46,"key":"SMITH"},{"floor":49,"key":"RECALL"},{"data":"Feel No Pain","floor":52,"key":"SMITH"}],"circlet_count":0,"master_deck":["Bash","Dark Embrace+1","Infernal Blade+1","Pummel","Shockwave+1","Corruption","Power Through+1","Blood for Blood+1","Pommel Strike","Battle Trance+1","Pommel Strike","Feel No Pain+1","Flex","Second Wind","Pummel+1","Evolve","Armaments+1","Shrug It Off+1","Barricade+1","Juggernaut","Flex","Disarm","True Grit+1","Body Slam+1","Panacea","Seeing Red","Dual Wield+1"],"relics":["Burning Blood","Centennial Puzzle","Bronze Scales","SlaversCollar","Darkstone Periapt","Omamori","InkBottle","CaptainsWheel","Pandora\u0027s Box","War Paint","Bag of Preparation"],"acts_visited":["Exordium","TheCity","TheBeyond","TheEnding"],"potions_floor_usage":[38,48,55,55,55],"damage_taken":[{"damage":0.0,"enemies":"Small Slimes","floor":1.0,"turns":3.0},{"damage":1.0,"enemies":"Jaw Worm","floor":2.0,"turns":3.0},{"damage":0.0,"enemies":"2 Louse","floor":4.0,"turns":2.0},{"damage":1.0,"enemies":"2 Fungi Beasts","floor":5.0,"turns":3.0},{"damage":53.0,"enemies":"3 Sentries","floor":7.0,"turns":9.0},{"damage":0.0,"enemies":"Exordium Wildlife","floor":11.0,"turns":2.0},{"damage":8.0,"enemies":"Exordium Thugs","floor":12.0,"turns":5.0},{"damage":5.0,"enemies":"Looter","floor":14.0,"turns":4.0},{"damage":21.0,"enemies":"Hexaghost","floor":16.0,"turns":9.0},{"damage":0.0,"enemies":"3 Byrds","floor":18.0,"turns":4.0},{"damage":14.0,"enemies":"Spheric Guardian","floor":19.0,"turns":5.0},{"damage":24.0,"enemies":"Centurion and Healer","floor":20.0,"turns":5.0},{"damage":33.0,"enemies":"Gremlin Leader","floor":24.0,"turns":6.0},{"damage":23.0,"enemies":"Sentry and Sphere","floor":27.0,"turns":5.0},{"damage":7.0,"enemies":"Book of Stabbing","floor":29.0,"turns":4.0},{"damage":11.0,"enemies":"Snecko","floor":30.0,"turns":4.0},{"damage":0.0,"enemies":"Centurion and Healer","floor":31.0,"turns":6.0},{"damage":48.0,"enemies":"Collector","floor":33.0,"turns":7.0},{"damage":27.0,"enemies":"3 Shapes","floor":35.0,"turns":5.0},{"damage":1,"enemies":"Orb Walker","floor":36,"turns":5},{"damage":46,"enemies":"4 Shapes","floor":37,"turns":5},{"damage":5,"enemies":"Transient","floor":38,"turns":5},{"damage":21,"enemies":"Jaw Worm Horde","floor":42,"turns":7},{"damage":13,"enemies":"Sphere and 2 Shapes","floor":47,"turns":7},{"damage":8,"enemies":"Spire Growth","floor":48,"turns":6},{"damage":31,"enemies":"Time Eater","floor":50,"turns":10},{"damage":27,"enemies":"Shield and Spear","floor":54,"turns":6},{"damage":56,"enemies":"The Heart","floor":55,"turns":7}],"seed_played":"-7266294077790655499","potions_obtained":[{"floor":1.0,"key":"Fire Potion"},{"floor":5.0,"key":"LiquidBronze"},{"floor":7.0,"key":"AttackPotion"},{"floor":16.0,"key":"AttackPotion"},{"floor":18.0,"key":"BloodPotion"},{"floor":24.0,"key":"Fire Potion"},{"floor":31.0,"key":"Strength Potion"},{"floor":36,"key":"Fire Potion"},{"floor":38,"key":"LiquidBronze"},{"floor":47,"key":"Fruit Juice"},{"floor":48,"key":"BlessingOfTheForge"}],"is_trial":false,"path_per_floor":["M","M","?","M","M","R","E","R","T","?","M","M","R","M","R","B",null,"M","M","M","?","T","R","E","$","T","M","R","E","M","M","R","B",null,"M","M","M","M","?","R","?","M","T","$","?","R","M","M","R","B",null,"R","$","E","B",null],"character_chosen":"IRONCLAD","items_purchased":["Evolve","Omamori","Body Slam","Panacea","War Paint"],"campfire_rested":3,"item_purchase_floors":[25,25,44,44,44],"current_hp_per_floor":[62,67,56,62,67,67,20,20,20,13,19,17,41,42,42,27,80,80,72,54,54,54,54,27,27,27,10,34,33,28,34,58,16,80,59,64,24,25,25,25,70,55,55,55,70,70,63,66,66,41,75,75,75,54,19],"gold":152,"neow_bonus":"TRANSFORM_TWO_CARDS","is_daily":false,"chose_seed":false,"campfire_upgraded":7,"win_rate":0.0,"timestamp":1609307907,"path_taken":["M","M","?","M","M","R","E","R","T","?","M","M","R","M","R","BOSS","M","M","M","?","?","R","E","$","T","M","R","E","M","M","R","BOSS","M","M","M","M","?","R","?","M","T","$","?","R","M","M","R","BOSS","R","$","E","BOSS"],"items_purchased_type":["Card","Relic","Card","Card","Relic"],"build_version":"2020-12-22","purchased_purges":2,"victory":true,"max_hp_per_floor":[80,80,80,80,80,80,80,80,80,80,80,80,80,80,80,80,80,80,80,80,80,80,80,80,80,80,80,80,80,80,80,80,80,80,80,80,80,80,80,80,70,70,70,70,70,70,70,75,75,75,75,75,75,75,75],"relic_stats":{"Darkstone Periapt":0,"Centennial Puzzle":[60],"counters":[28,149],"Bronze Scales":[422],"Pandora\u0027s Box":["Juggernaut","Heavy Blade","Flex"],"Bag of Preparation":[2],"War Paint":["Infernal Blade","Battle Trance"],"obtain_stats":[{"Darkstone Periapt":24,"SlaversCollar":17,"Centennial Puzzle":7,"CaptainsWheel":29,"Bronze Scales":9,"Pandora\u0027s Box":34,"Omamori":25,"Bag of Preparation":54,"War Paint":44,"Burning Blood":0,"InkBottle":26},{"Darkstone Periapt":13,"SlaversCollar":9,"Centennial Puzzle":5,"CaptainsWheel":15,"Bronze Scales":5,"Pandora\u0027s Box":18,"Omamori":13,"Bag of Preparation":27,"War Paint":23,"Burning Blood":0,"InkBottle":13},{"Darkstone Periapt":60,"SlaversCollar":40,"Centennial Puzzle":20,"CaptainsWheel":69,"Bronze Scales":20,"Pandora\u0027s Box":86,"Omamori":60,"Bag of Preparation":142,"War Paint":113,"Burning Blood":0,"InkBottle":60}],"Burning Blood":162,"InkBottle":[27]},"card_choices":[{"not_picked":["Havoc","Thunderclap"],"picked":"Pummel","floor":1.0},{"not_picked":["Infernal Blade","Twin Strike","Dual Wield"],"picked":"SKIP","floor":2.0},{"not_picked":["Fire Breathing","Warcry","Infernal Blade"],"picked":"SKIP","floor":4.0},{"not_picked":["Iron Wave","Flex"],"picked":"Shockwave","floor":5.0},{"not_picked":["Wild Strike","Body Slam"],"picked":"Corruption","floor":7.0},{"not_picked":["Clash","Twin Strike"],"picked":"Power Through","floor":11.0},{"not_picked":["Clash","Warcry"],"picked":"Blood for Blood","floor":12.0},{"not_picked":["Dark Embrace","Twin Strike"],"picked":"Pommel Strike","floor":14.0},{"not_picked":["Havoc","Anger"],"picked":"Battle Trance","floor":18.0},{"not_picked":["Headbutt","Heavy Blade"],"picked":"Pommel Strike","floor":19.0},{"not_picked":["Heavy Blade","Pommel Strike","Feel No Pain"],"picked":"SKIP","floor":20.0},{"not_picked":["Heavy Blade","Pommel Strike"],"picked":"Feel No Pain","floor":20.0},{"not_picked":["Flex+1","Sword Boomerang"],"picked":"Pummel+1","floor":24.0},{"not_picked":["Inflame+1","Hemokinesis","Corruption"],"picked":"SKIP","floor":27.0},{"not_picked":["Hemokinesis","Perfected Strike+1","Dual Wield"],"picked":"SKIP","floor":29.0},{"not_picked":["True Grit","Clothesline"],"picked":"Armaments+1","floor":30.0},{"not_picked":["Second Wind","Anger"],"picked":"Shrug It Off+1","floor":31.0},{"not_picked":["Corruption","Reaper"],"picked":"Barricade","floor":33.0},{"not_picked":["Uppercut","Dropkick","Whirlwind"],"picked":"SKIP","floor":35.0},{"not_picked":["True Grit","Iron Wave"],"picked":"Disarm","floor":36},{"not_picked":["Clothesline","Perfected Strike","Pommel Strike"],"picked":"SKIP","floor":37},{"not_picked":["Second Wind","Searing Blow+1"],"picked":"True Grit+1","floor":38},{"not_picked":["Armaments","Wild Strike","True Grit"],"picked":"SKIP","floor":42},{"not_picked":["Second Wind+1","Heavy Blade+1","Fiend Fire"],"picked":"SKIP","floor":47},{"not_picked":["Shrug It Off+1","Cleave+1"],"picked":"Seeing Red","floor":48},{"not_picked":["Infernal Blade","Anger"],"picked":"Dual Wield+1","floor":54}],"player_experience":284639,"relics_obtained":[{"floor":7.0,"key":"Centennial Puzzle"},{"floor":9.0,"key":"Bronze Scales"},{"floor":24.0,"key":"Darkstone Periapt"},{"floor":26.0,"key":"InkBottle"},{"floor":29.0,"key":"CaptainsWheel"},{"floor":54,"key":"Bag of Preparation"}],"event_choices":[{"damage_healed":0.0,"max_hp_gain":0.0,"max_hp_loss":0.0,"gold_gain":75.0,"event_name":"World of Goop","player_choice":"Gather Gold","floor":3.0,"gold_loss":0.0,"damage_taken":11.0},{"cards_removed":["Strike_R"],"damage_healed":0.0,"max_hp_gain":0.0,"max_hp_loss":0.0,"gold_gain":0.0,"event_name":"Golden Wing","player_choice":"Card Removal","floor":10.0,"gold_loss":0.0,"damage_taken":7.0},{"damage_healed":0.0,"max_hp_gain":0.0,"max_hp_loss":0.0,"gold_gain":0.0,"cards_transformed":["Strike_R","Defend_R"],"event_name":"Drug Dealer","player_choice":"Became Test Subject","floor":21.0,"gold_loss":0.0,"damage_taken":0.0,"cards_obtained":["Flex","Second Wind"]},{"damage_healed":0,"gold_gain":0,"player_choice":"Ignored","damage_taken":0,"max_hp_gain":0,"max_hp_loss":0,"event_name":"Mysterious Sphere","floor":39,"gold_loss":0},{"damage_healed":70,"gold_gain":0,"player_choice":"Heal","damage_taken":0,"max_hp_gain":0,"max_hp_loss":10,"event_name":"The Moai Head","floor":41,"gold_loss":0},{"damage_healed":18,"gold_gain":0,"player_choice":"Writhe","damage_taken":0,"max_hp_gain":0,"max_hp_loss":0,"event_name":"Winding Halls","floor":45,"gold_loss":0,"cards_obtained":["Writhe"]}],"is_beta":false,"boss_relics":[{"not_picked":["Ectoplasm","Cursed Key"],"picked":"SlaversCollar"},{"not_picked":["Busted Crown","Philosopher\u0027s Stone"],"picked":"Pandora\u0027s Box"}],"items_purged_floors":[25,44],"is_endless":false,"potions_floor_spawned":[1,5,7,16,18,24,31,36,38,47,48,54],"ascension_level":0}}