{"host":"A Jargain","time":1609308971,"event":{"mods":["Act Like it!","Aspiration","BaseMod","Downfall","Halation","Hubris","Infinite Spire","Marisa????????","Minty Spire (QoL Compilation)","Replay The Spire","StSLib","The Servant 0.9.4","Waifu the Spire"],"gold_per_floor":[115,115,134,134,149,149,163,163,163,163,30,55,75,75,75,75,75],"floor_reached":16,"playtime":858,"items_purged":[],"score":115,"play_id":"d5888599-3d71-430e-b4fe-9896f4ad41ef","local_time":"20201230171611","is_ascension_mode":true,"campfire_choices":[{"data":"TheWorld","floor":6,"key":"SMITH"},{"data":"KidneyShot","floor":8,"key":"SMITH"},{"floor":15,"key":"REST"}],"circlet_count":0,"master_deck":["Strike_S","Strike_S","Strike_S","Strike_S","Defend_S","Defend_S","Defend_S","Defend_S","KidneyShot+1","Exchange","Rearm","TheWorld+1","Flex","Ricochet+1","GearUp"],"relics":["Uniform","aspiration:Nostalgia","m_ScarletBlood","hubris:Towel","Molten Egg 2","Kunai","hubris:DeckOfHolding","Golden Idol"],"acts_visited":["Exordium"],"potions_floor_usage":[16,16],"damage_taken":[{"damage":4,"enemies":"Small Slimes","floor":1,"turns":5},{"damage":2,"enemies":"Cultist","floor":3,"turns":4},{"damage":3,"enemies":"2 Louse","floor":5,"turns":3},{"damage":10,"enemies":"2 Fungi Beasts","floor":7,"turns":3},{"damage":20,"enemies":"3 Sentries","floor":12,"turns":8},{"damage":21,"enemies":"Large Slime","floor":13,"turns":5},{"damage":31,"enemies":"Slime Boss","floor":16,"turns":10}],"seed_played":"-5105025462578596291","potions_obtained":[{"floor":1,"key":"CultistPotion"},{"floor":13,"key":"SkillPotion"}],"is_trial":false,"path_per_floor":["M","$","M","?","M","R","M","R","T","?","?","E","M","?","R","B"],"character_chosen":"THE_SERVANT","items_purchased":[],"campfire_rested":1,"item_purchase_floors":[],"current_hp_per_floor":[61,61,59,59,56,56,46,46,46,46,46,26,5,5,23,0,0],"gold":75,"neow_bonus":"NOSTALGIA","is_daily":false,"chose_seed":false,"campfire_upgraded":2,"win_rate":0.0,"timestamp":1609308971,"path_taken":["M","$","M","?","M","R","M","R","T","?","?","E","?","?","R","BOSS"],"items_purchased_type":[],"build_version":"2020-12-18","purchased_purges":0,"victory":false,"max_hp_per_floor":[65,65,65,65,65,65,65,65,65,65,65,65,65,60,60,60,60],"card_choices":[{"not_picked":["Desolation","BottledTime"],"picked":"Rearm","floor":1},{"not_picked":["Revamp","Misdirection","Advance"],"picked":"SKIP","floor":3},{"not_picked":["Read","FastForward"],"picked":"TheWorld","floor":5},{"not_picked":["Read","Defy"],"picked":"Flex","floor":7},{"not_picked":["TimeWarp+1","Rewind","TimeTheft"],"picked":"SKIP","floor":12},{"not_picked":["TimeWarp+1","Advance"],"picked":"GearUp","floor":13}],"player_experience":269396,"relics_obtained":[{"floor":9,"key":"Molten Egg 2"},{"floor":12,"key":"hubris:DeckOfHolding"}],"event_choices":[{"damage_healed":0,"gold_gain":0,"player_choice":"Paid Gold","damage_taken":0,"relics_obtained":["Kunai"],"max_hp_gain":0,"max_hp_loss":0,"event_name":"WeMeetAgain","floor":11,"gold_loss":133},{"damage_healed":0,"gold_gain":0,"player_choice":"Lose Max HP","damage_taken":0,"relics_obtained":["Golden Idol"],"max_hp_gain":0,"max_hp_loss":5,"event_name":"Golden Idol","floor":14,"gold_loss":0}],"is_beta":true,"boss_relics":[],"items_purged_floors":[],"is_endless":false,"potions_floor_spawned":[1,13],"killed_by":"Slime Boss","ascension_level":3}}