{"host":"Á¤±Û¸µ","time":1609300814,"event":{"mods":["AchievementEnabler","BaseMod","Colored Map","DeckTracker","Highlight Path","Keyboard Shortcuts","Minty Spire (QoL Compilation)","Permanent Neow","Quick Restart","Rare Cards Sparkle","StSLib","SuperFastMode","everything is the same but u backflip on backflip"],"gold_per_floor":[15,25,36,50,100,100,131,54,126,139,139,149,149,169,169,169,169],"floor_reached":16,"playtime":800,"items_purged":[],"score":187,"play_id":"4867dac1-191c-4a59-92a7-cfec86ceede0","local_time":"20201230130014","is_ascension_mode":true,"campfire_choices":[{"data":"Dash","floor":6.0,"key":"SMITH"},{"data":"Tactician","floor":11.0,"key":"SMITH"},{"floor":13.0,"key":"REST"},{"floor":15.0,"key":"REST"}],"circlet_count":0,"master_deck":["AscendersBane","Strike_G","Strike_G","Strike_G","Strike_G","Defend_G","Defend_G","Defend_G","Defend_G","Survivor","Neutralize","Dagger Spray","Backflip","After Image","Dash+1","Catalyst","Adrenaline","Tactician+1","Crippling Poison"],"relics":["Ring of the Snake","The Specimen","Singing Bowl"],"acts_visited":["Exordium"],"potions_floor_usage":[16,16],"damage_taken":[{"damage":0.0,"enemies":"Cultist","floor":1.0,"turns":4.0},{"damage":1.0,"enemies":"Small Slimes","floor":2.0,"turns":3.0},{"damage":7.0,"enemies":"Jaw Worm","floor":3.0,"turns":5.0},{"damage":37.0,"enemies":"Gremlin Gang","floor":4.0,"turns":6.0},{"damage":10.0,"enemies":"3 Sentries","floor":7.0,"turns":12.0},{"damage":3.0,"enemies":"3 Louse","floor":10.0,"turns":3.0},{"damage":9.0,"enemies":"Lots of Slimes","floor":12.0,"turns":6.0},{"damage":13.0,"enemies":"Exordium Wildlife","floor":14.0,"turns":3.0},{"damage":39,"enemies":"The Guardian","floor":16,"turns":10}],"seed_played":"5285412801577807256","potions_obtained":[{"floor":3.0,"key":"Regen Potion"},{"floor":4.0,"key":"EntropicBrew"},{"floor":7.0,"key":"Swift Potion"},{"floor":10.0,"key":"PowerPotion"},{"floor":14.0,"key":"SteroidPotion"}],"is_trial":false,"path_per_floor":["M","M","M","M","?","R","E","$","T","M","R","M","R","M","R","B"],"character_chosen":"THE_SILENT","items_purchased":["Adrenaline"],"campfire_rested":2,"item_purchase_floors":[8],"current_hp_per_floor":[59,58,51,29,29,29,19,19,19,16,16,7,26,15,35,0,0],"gold":169,"neow_bonus":"REMOVE_TWO","is_daily":false,"chose_seed":false,"campfire_upgraded":2,"win_rate":0.0,"timestamp":1609300814,"path_taken":["M","M","M","M","?","R","E","?","T","M","R","M","R","?","R","BOSS"],"items_purchased_type":["Card"],"build_version":"2020-12-18","purchased_purges":0,"victory":false,"max_hp_per_floor":[66,66,66,66,66,66,66,66,66,66,66,66,66,68,68,68,68],"card_choices":[{"not_picked":["Dodge and Roll","Expertise"],"picked":"Dagger Spray","floor":1.0},{"not_picked":["Eviscerate","Deflect"],"picked":"Backflip","floor":2.0},{"not_picked":["Prepared","Acrobatics"],"picked":"After Image","floor":3.0},{"not_picked":["Poisoned Stab","Catalyst"],"picked":"Dash","floor":4.0},{"not_picked":["Setup","Terror"],"picked":"Catalyst","floor":7.0},{"not_picked":["Deflect","Blade Dance"],"picked":"Tactician","floor":10.0},{"not_picked":["Prepared","Dodge and Roll"],"picked":"Crippling Poison","floor":12.0},{"not_picked":["Blade Dance","Poisoned Stab","Skewer"],"picked":"Singing Bowl","floor":14.0}],"player_experience":481367,"relics_obtained":[{"floor":7.0,"key":"The Specimen"},{"floor":9.0,"key":"Singing Bowl"}],"event_choices":[{"damage_healed":0.0,"max_hp_gain":0.0,"max_hp_loss":0.0,"gold_gain":50.0,"event_name":"Golden Shrine","player_choice":"Pray","floor":5.0,"gold_loss":0.0,"damage_taken":0.0}],"is_beta":true,"boss_relics":[],"items_purged_floors":[],"is_endless":false,"potions_floor_spawned":[3,4,7,10,14],"killed_by":"The Guardian","ascension_level":16}}