{"host":"nzm1i0l8mrsm8hd2","time":1609342170,"event":{"mods":["Act Like it!","Aspiration","BaseMod","Conspire","Gensokyo","Minty Spire (QoL Compilation)","Pale of the Ancients","Quick Restart","RumiaBox-露米娅的神秘盒子","Spicy Shops","StSLib","The Alterego"],"gold_per_floor":[111,111,191,191,405,405,405],"floor_reached":6,"playtime":234,"items_purged":[],"score":143,"play_id":"f0523041-3eed-4c55-a8a8-c2e9ed040317","local_time":"20201230232930","daily_mods":["Specialized","Heirloom","DeadlyEvents","Elite Swarm"],"is_ascension_mode":true,"campfire_choices":[],"circlet_count":0,"master_deck":["AscendersBane","alterego_mod:Strike","alterego_mod:Strike","alterego_mod:Strike","alterego_mod:Strike","alterego_mod:Defend","alterego_mod:Defend","alterego_mod:Defend","alterego_mod:Defend","alterego_mod:BigMeatyClaws","alterego_mod:BrynhildrsRune","alterego_mod:Support","alterego_mod:Support","alterego_mod:Support","alterego_mod:Support","alterego_mod:Support","alterego_mod:Punishment"],"relics":["alterego_mod:MasochisticConstitution","ChaoDraw","Baka","Gensokyo:Mercy"],"acts_visited":["Exordium"],"potions_floor_usage":[],"damage_taken":[{"damage":8,"enemies":"Gensokyo:Gryphon","floor":1,"turns":3},{"damage":29,"enemies":"Gensokyo:Python","floor":5,"turns":6},{"damage":37,"enemies":"Gensokyo:Cirno","floor":6,"turns":6}],"seed_played":"7775295822815212532","potions_obtained":[{"floor":5,"key":"DuplicationPotion"}],"is_trial":true,"path_per_floor":["M","?","?","?","M","E"],"character_chosen":"The_Alterego","items_purchased":[],"campfire_rested":0,"item_purchase_floors":[],"current_hp_per_floor":[59,59,59,55,33,0,0],"gold":405,"neow_bonus":"","is_daily":false,"chose_seed":false,"campfire_upgraded":0,"win_rate":0.0,"timestamp":1609342170,"path_taken":["M","?","?","?","?","E"],"items_purchased_type":[],"build_version":"2020-12-22","purchased_purges":0,"victory":false,"max_hp_per_floor":[66,66,66,66,67,67,67],"card_choices":[{"not_picked":["alterego_mod:BiFurious","alterego_mod:DiscoLights"],"picked":"alterego_mod:Punishment","floor":1},{"not_picked":["alterego_mod:Bloomers","alterego_mod:Mirror"],"picked":"alterego_mod:Belle","floor":5}],"player_experience":565299,"relics_obtained":[{"floor":1,"key":"Baka"}],"event_choices":[{"damage_healed":0,"gold_gain":0,"player_choice":"Leave","damage_taken":0,"max_hp_gain":0,"max_hp_loss":0,"event_name":"conspire:Investor","floor":4,"gold_loss":0}],"is_beta":false,"boss_relics":[],"items_purged_floors":[],"is_endless":false,"potions_floor_spawned":[5],"killed_by":"Gensokyo:Cirno","ascension_level":20}}