{"host":"ydujlihd8f5px9gp","time":1609365682,"event":{"mods":["AchievementEnabler","BaseMod","Block Reminder","Colored Map","Minty Spire (QoL Compilation)","ojb\u0027s Info Mod"],"gold_per_floor":[111,123,123,139,158,183,183,183,183,201,214,214,231,246,246,341,341,359,376,396,52,68,93,121,121,121,121,137,162,192,214,226,343,355,382,408,431,493,282,282,504,514,514,514,533,533,543,543,543,543],"floor_reached":51,"playtime":1773,"items_purged":[],"score":797,"play_id":"f0b55e41-fa72-447e-8f72-523e3194fc77","local_time":"20201230200122","is_ascension_mode":false,"campfire_choices":[{"data":"Clash","floor":8,"key":"SMITH"},{"data":"Pommel Strike","floor":12,"key":"SMITH"},{"data":"Perfected Strike","floor":15,"key":"SMITH"},{"data":"Cleave","floor":27,"key":"SMITH"},{"floor":32,"key":"REST"},{"data":"Pommel Strike","floor":40,"key":"SMITH"},{"floor":49,"key":"REST"}],"circlet_count":0,"master_deck":["Strike_R","Strike_R","Strike_R","Strike_R","Strike_R","Defend_R","Bash+1","Clash+1","Clash","Twin Strike","Pommel Strike+1","Perfected Strike+1","Wild Strike","Cleave+1","Strike_R","Pommel Strike+1","Bandage Up","Flex"],"relics":["Burning Blood","Frozen Egg 2","Shuriken","Busted Crown","Sling","Bag of Marbles","InkBottle","Red Mask","Pear","MawBank","SacredBark","StoneCalendar","Red Skull","Letter Opener"],"acts_visited":["Exordium","TheCity","TheBeyond"],"potions_floor_usage":[16,31,33,33,37,38,45,47,50,50,50],"damage_taken":[{"damage":0,"enemies":"Small Slimes","floor":1,"turns":3},{"damage":6,"enemies":"Jaw Worm","floor":2,"turns":3},{"damage":0,"enemies":"Cultist","floor":4,"turns":1},{"damage":2,"enemies":"Blue Slaver","floor":5,"turns":2},{"damage":31,"enemies":"Lagavulin","floor":6,"turns":4},{"damage":0,"enemies":"2 Fungi Beasts","floor":10,"turns":2},{"damage":8,"enemies":"Gremlin Gang","floor":11,"turns":3},{"damage":5,"enemies":"Large Slime","floor":13,"turns":3},{"damage":0,"enemies":"3 Louse","floor":14,"turns":2},{"damage":34,"enemies":"Hexaghost","floor":16,"turns":6},{"damage":0,"enemies":"3 Byrds","floor":18,"turns":4},{"damage":5,"enemies":"Chosen","floor":19,"turns":2},{"damage":15,"enemies":"Centurion and Healer","floor":20,"turns":3},{"damage":16,"enemies":"Shelled Parasite and Fungi","floor":22,"turns":3},{"damage":0,"enemies":"Gremlin Leader","floor":23,"turns":3},{"damage":0,"enemies":"Masked Bandits","floor":24,"turns":2},{"damage":0,"enemies":"Snecko","floor":28,"turns":2},{"damage":42,"enemies":"Book of Stabbing","floor":29,"turns":4},{"damage":21,"enemies":"Centurion and Healer","floor":30,"turns":3},{"damage":11,"enemies":"Shelled Parasite and Fungi","floor":31,"turns":2},{"damage":30,"enemies":"Automaton","floor":33,"turns":4},{"damage":39,"enemies":"3 Shapes","floor":35,"turns":3},{"damage":0,"enemies":"3 Darklings","floor":36,"turns":2},{"damage":36,"enemies":"Writhing Mass","floor":37,"turns":3},{"damage":32,"enemies":"Mind Bloom Boss Battle","floor":38,"turns":4},{"damage":8,"enemies":"Sphere and 2 Shapes","floor":42,"turns":3},{"damage":4,"enemies":"Transient","floor":45,"turns":5},{"damage":35,"enemies":"Maw","floor":47,"turns":4},{"damage":66,"enemies":"Time Eater","floor":50,"turns":7}],"seed_played":"-2378094008496279511","potions_obtained":[{"floor":2,"key":"FearPotion"},{"floor":6,"key":"Fire Potion"},{"floor":10,"key":"Weak Potion"},{"floor":16,"key":"Energy Potion"},{"floor":18,"key":"FearPotion"},{"floor":28,"key":"Regen Potion"},{"floor":29,"key":"Strength Potion"},{"floor":31,"key":"LiquidBronze"},{"floor":33,"key":"BloodPotion"},{"floor":36,"key":"Regen Potion"},{"floor":38,"key":"Weak Potion"},{"floor":45,"key":"SkillPotion"},{"floor":47,"key":"SkillPotion"}],"is_trial":false,"path_per_floor":["M","M","?","M","M","E","?","R","T","M","M","R","M","M","R","B",null,"M","M","M","$","M","E","?","?","T","R","M","E","M","M","R","B",null,"M","M","M","?","$","R","?","M","T","?","M","?","M","?","R","B",null],"character_chosen":"IRONCLAD","items_purchased":["Cleave","Sling","Bag of Marbles","Red Skull","DistilledChaos"],"campfire_rested":2,"item_purchase_floors":[21,21,21,39,39],"current_hp_per_floor":[80,80,73,79,80,55,55,55,55,61,59,59,60,66,66,38,80,80,80,71,71,61,67,73,73,83,83,89,53,38,38,65,41,90,57,63,33,34,34,34,34,32,32,32,38,38,49,49,74,18],"gold":543,"neow_bonus":"UPGRADE_CARD","is_daily":false,"chose_seed":false,"campfire_upgraded":5,"win_rate":0.0,"timestamp":1609365682,"path_taken":["M","M","?","M","M","E","?","R","T","?","M","R","M","M","R","BOSS","M","M","M","$","M","E","?","?","T","R","M","E","M","?","R","BOSS","M","M","M","?","$","R","?","M","T","?","?","?","M","?","R","BOSS"],"items_purchased_type":["Card","Relic","Relic","Relic","Potion"],"build_version":"2020-12-22","purchased_purges":0,"victory":true,"max_hp_per_floor":[80,80,80,80,80,80,80,80,80,80,80,80,80,80,80,80,80,80,80,80,80,80,80,80,80,90,90,90,90,90,90,90,90,90,90,90,90,90,90,90,90,90,90,90,90,90,90,85,85,85],"card_choices":[{"not_picked":["Infernal Blade","Headbutt"],"picked":"Clash","floor":1},{"not_picked":["Clothesline","Body Slam"],"picked":"Clash","floor":2},{"not_picked":["Second Wind","Flex"],"picked":"Twin Strike","floor":4},{"not_picked":["Iron Wave","Inflame","Fire Breathing"],"picked":"SKIP","floor":5},{"not_picked":["Battle Trance","Sword Boomerang","Cleave"],"picked":"SKIP","floor":6},{"not_picked":["Thunderclap","Reckless Charge","Ghostly Armor"],"picked":"SKIP","floor":10},{"not_picked":["Thunderclap","Reckless Charge","Ghostly Armor"],"picked":"SKIP","floor":10},{"not_picked":["Flex","Headbutt"],"picked":"Pommel Strike","floor":11},{"not_picked":["Heavy Blade","Exhume","Reckless Charge"],"picked":"SKIP","floor":13},{"not_picked":["Sword Boomerang","Havoc"],"picked":"Perfected Strike","floor":14},{"not_picked":["Warcry"],"picked":"SKIP","floor":18},{"not_picked":["Pummel+1"],"picked":"SKIP","floor":19},{"not_picked":[],"picked":"Wild Strike","floor":20},{"not_picked":["Bloodletting+1"],"picked":"SKIP","floor":22},{"not_picked":["Bloodletting+1"],"picked":"SKIP","floor":22},{"not_picked":["Intimidate"],"picked":"SKIP","floor":23},{"not_picked":["Blood for Blood"],"picked":"SKIP","floor":28},{"not_picked":["Whirlwind+1"],"picked":"SKIP","floor":29},{"not_picked":[],"picked":"Pommel Strike","floor":30},{"not_picked":["Body Slam"],"picked":"SKIP","floor":31},{"not_picked":["Body Slam+1"],"picked":"SKIP","floor":35},{"not_picked":["Heavy Blade+1"],"picked":"SKIP","floor":36},{"not_picked":[],"picked":"Flex+1","floor":37},{"not_picked":["Combust+1"],"picked":"SKIP","floor":42},{"not_picked":["Combust+1"],"picked":"SKIP","floor":42},{"not_picked":[],"picked":"Bandage Up","floor":44},{"not_picked":["Entrench+1"],"picked":"SKIP","floor":45},{"not_picked":[],"picked":"Flex","floor":47}],"player_experience":72504,"relics_obtained":[{"floor":6,"key":"Frozen Egg 2"},{"floor":9,"key":"Shuriken"},{"floor":23,"key":"InkBottle"},{"floor":24,"key":"Red Mask"},{"floor":26,"key":"Pear"},{"floor":29,"key":"MawBank"},{"floor":38,"key":"StoneCalendar"},{"floor":43,"key":"Letter Opener"}],"event_choices":[{"cards_removed":["Defend_R"],"damage_healed":0,"gold_gain":0,"player_choice":"Card Removal","damage_taken":7,"max_hp_gain":0,"max_hp_loss":0,"event_name":"Golden Wing","floor":3,"gold_loss":0},{"cards_removed":["Defend_R"],"damage_healed":0,"gold_gain":0,"player_choice":"Card Removal","damage_taken":0,"max_hp_gain":0,"max_hp_loss":0,"event_name":"Wheel of Change","floor":7,"gold_loss":0},{"damage_healed":0,"gold_gain":0,"player_choice":"Fought Bandits","damage_taken":0,"max_hp_gain":0,"max_hp_loss":0,"event_name":"Masked Bandits","floor":24,"gold_loss":0},{"cards_removed":["Defend_R"],"damage_healed":0,"gold_gain":0,"player_choice":"Took Card","damage_taken":0,"max_hp_gain":0,"max_hp_loss":0,"event_name":"NoteForYourself","floor":25,"gold_loss":0,"cards_obtained":["Strike_R"]},{"damage_healed":0,"gold_gain":0,"player_choice":"Fight","damage_taken":0,"max_hp_gain":0,"max_hp_loss":0,"event_name":"MindBloom","floor":38,"gold_loss":0},{"damage_healed":0,"gold_gain":222,"player_choice":"Wore Mask","damage_taken":0,"max_hp_gain":0,"max_hp_loss":0,"event_name":"Tomb of Lord Red Mask","floor":41,"gold_loss":0},{"damage_healed":0,"gold_gain":0,"player_choice":"Memory 1","damage_taken":0,"max_hp_gain":0,"max_hp_loss":0,"event_name":"SensoryStone","floor":44,"gold_loss":0},{"cards_removed":["Flex"],"damage_healed":0,"gold_gain":0,"player_choice":"Removed Skill","damage_taken":0,"max_hp_gain":0,"max_hp_loss":0,"event_name":"Falling","floor":46,"gold_loss":0},{"damage_healed":0,"gold_gain":0,"player_choice":"Max HP","damage_taken":0,"max_hp_gain":0,"max_hp_loss":5,"event_name":"Winding Halls","floor":48,"gold_loss":0}],"is_beta":false,"boss_relics":[{"not_picked":["Astrolabe","Runic Pyramid"],"picked":"Busted Crown"},{"not_picked":["Cursed Key","Philosopher\u0027s Stone"],"picked":"SacredBark"}],"items_purged_floors":[],"is_endless":false,"potions_floor_spawned":[2,6,10,13,16,18,23,28,29,31,33,36,38,45,47],"ascension_level":0}}