{"host":"t1puqh5lxz8sp6fn","time":1609350994,"event":{"mods":["BaseMod","Colored Powertips","Minty Spire (QoL Compilation)","Rare Cards Sparkle","Replay The Spire","StSLib"],"gold_per_floor":[115,115,139,139,154,154,188,188,188,188,188,207,241,254,254,373,373,387,387,127,127,127,165,165,165],"floor_reached":24,"playtime":1155,"items_purged":["Strike_G"],"score":344,"play_id":"84a8d17a-fab1-4971-88d2-18c8db8d15c0","local_time":"20201230145634","is_ascension_mode":true,"campfire_choices":[{"floor":6,"key":"REST"},{"data":"Cloak And Dagger","floor":8,"key":"SMITH"},{"floor":10,"key":"REST"},{"floor":15,"key":"REST"}],"circlet_count":0,"master_deck":["AscendersBane","Strike_G+1","Strike_G+1","Strike_G+1","Defend_G+1","Defend_G+1","Defend_G+1","Defend_G+1","Defend_G+1","Survivor","Neutralize","Cloak And Dagger+1","Deadly Poison","Crippling Poison+1","Dagger Spray","PiercingWail","Hidden Blade","Escape Plan","Envenom","Backflip+1","Replay:Poison Smokescreen","Footwork"],"relics":["Ring of the Snake","Golden Idol","Singing Bowl","Replay:Bottled Eggs","Whetstone","Ring of Hypnosis","ReplayTheSpireMod:Ring of Addiction","Chameleon Ring","Potion Belt","Membership Card","MealTicket"],"acts_visited":["Exordium","TheCity"],"potions_floor_usage":[16,18,23,23,23],"damage_taken":[{"damage":4,"enemies":"Small Slimes","floor":1,"turns":4},{"damage":1,"enemies":"2 Louse","floor":3,"turns":4},{"damage":2,"enemies":"Cultist","floor":5,"turns":5},{"damage":24,"enemies":"3 Sentries","floor":7,"turns":13},{"damage":7,"enemies":"Large Slime","floor":12,"turns":7},{"damage":23,"enemies":"Lagavulin","floor":13,"turns":7},{"damage":2,"enemies":"Gremlin Gang","floor":14,"turns":3},{"damage":31,"enemies":"The Guardian","floor":16,"turns":10},{"damage":41,"enemies":"2 Thieves","floor":18,"turns":4},{"damage":12,"enemies":"Replay:Snechameleon","floor":23,"turns":7},{"damage":14,"enemies":"Spheric Guardian","floor":24,"turns":3}],"seed_played":"-3400058861417391452","potions_obtained":[{"floor":3,"key":"Elixir"},{"floor":12,"key":"Elixir"},{"floor":13,"key":"Poison Potion"},{"floor":16,"key":"Poison Potion"},{"floor":19,"key":"Swift Potion"},{"floor":19,"key":"LifebloodPotion"},{"floor":19,"key":"ColorlessPotion"}],"is_trial":false,"path_per_floor":["M","?","M","?","M","R","E","R","T","R","?","M","E","M","R","B",null,"M","?","$","?","?","E","M"],"character_chosen":"THE_SILENT","items_purchased":["Membership Card","Replay:Poison Smokescreen","Footwork"],"campfire_rested":3,"item_purchase_floors":[20,20,20],"current_hp_per_floor":[59,42,41,41,39,60,36,36,36,57,57,50,27,25,46,15,56,15,15,15,15,15,5,0,0],"gold":165,"neow_bonus":"RANDOM_EVENT","is_daily":false,"chose_seed":false,"campfire_upgraded":1,"win_rate":0.0,"timestamp":1609350994,"path_taken":["M","?","M","?","?","R","E","R","T","R","?","M","E","?","R","BOSS","M","?","$","?","?","E","?"],"items_purchased_type":["Relic","Card","Card"],"build_version":"2020-12-13","purchased_purges":1,"victory":false,"max_hp_per_floor":[70,70,70,70,70,70,70,70,70,70,70,70,70,70,70,70,70,70,70,70,70,70,70,70,70],"card_choices":[{"not_picked":["ReplayTheSpireMod:Tripwire","Underhanded Strike"],"picked":"Cloak And Dagger","floor":1},{"not_picked":["Tactician","Sneak Up"],"picked":"Deadly Poison","floor":3},{"not_picked":["Calculated Gamble","Hidden Blade"],"picked":"Crippling Poison","floor":5},{"not_picked":["Blade Dance","Quick Slash"],"picked":"Dagger Spray","floor":7},{"not_picked":["Dagger Spray","Dodge and Roll"],"picked":"PiercingWail","floor":12},{"not_picked":["Quick Slash","Dagger Spray"],"picked":"Hidden Blade","floor":13},{"not_picked":["Acrobatics","Heel Hook"],"picked":"Escape Plan","floor":14},{"not_picked":["A Thousand Cuts","Malaise"],"picked":"Envenom","floor":16},{"not_picked":["Slice","Dagger Throw+1"],"picked":"Backflip+1","floor":18},{"not_picked":["Wraith Form v2","Slice","Hidden Blade"],"picked":"Singing Bowl","floor":23}],"player_experience":395218,"relics_obtained":[{"floor":7,"key":"Singing Bowl"},{"floor":9,"key":"Replay:Bottled Eggs"},{"floor":13,"key":"Whetstone"},{"floor":19,"key":"Ring of Hypnosis"},{"floor":19,"key":"ReplayTheSpireMod:Ring of Addiction"},{"floor":19,"key":"Chameleon Ring"},{"floor":19,"key":"Potion Belt"},{"floor":23,"key":"MealTicket"}],"event_choices":[{"damage_healed":0,"gold_gain":0,"player_choice":"Take Damage","damage_taken":17,"relics_obtained":["Golden Idol"],"max_hp_gain":0,"max_hp_loss":0,"event_name":"Golden Idol","floor":2,"gold_loss":0},{"cards_removed":["Strike_G"],"damage_healed":0,"gold_gain":0,"player_choice":"Offered Basic","damage_taken":0,"max_hp_gain":0,"max_hp_loss":0,"event_name":"Bonfire Elementals","floor":4,"gold_loss":0},{"damage_healed":0,"gold_gain":0,"player_choice":"Upgraded","damage_taken":0,"max_hp_gain":0,"max_hp_loss":0,"event_name":"Upgrade Shrine","floor":11,"gold_loss":0,"cards_upgraded":["Crippling Poison"]},{"damage_healed":0,"gold_gain":0,"player_choice":"Simplicity","damage_taken":0,"max_hp_gain":0,"max_hp_loss":0,"event_name":"Back to Basics","floor":21,"gold_loss":0,"cards_upgraded":["Strike_G","Defend_G","Defend_G","Defend_G","Defend_G"]},{"damage_healed":0,"gold_gain":0,"player_choice":"Ignored","damage_taken":0,"max_hp_gain":0,"max_hp_loss":0,"event_name":"N\u0027loth","floor":22,"gold_loss":0}],"is_beta":false,"boss_relics":[{"not_picked":["Pandora\u0027s Box","ReplayTheSpireMod:DimensionalGlitch","Replay:Drink Me"]}],"items_purged_floors":[20],"is_endless":false,"potions_floor_spawned":[3,12,13,16],"killed_by":"Spheric Guardian","ascension_level":11}}