{"host":"51fyd6gkml7xavq8","time":1609358269,"event":{"mods":["BaseMod","BetterRewards","Colored Map","Energized Spire","Infinite Spire","Minty Spire (QoL Compilation)","Replay The Spire","Shop Mod","Spicy Shops","StSLib","The Blue Laboratory","[IsaacMod]????"],"gold_per_floor":[109,184,201,220,72,72,91,91,91,156,191,156,156,156,156,257,257,267,73,150,170,190,190,204,204,231,250,267,267,267,282,282,282,282],"floor_reached":33,"playtime":1393,"items_purged":["Dualcast"],"score":382,"play_id":"f3cd2bf3-2853-489a-a5bd-32270337dfe8","local_time":"20201230165749","is_ascension_mode":true,"campfire_choices":[{"data":"Zap","floor":6,"key":"SMITH"},{"data":"Loop","floor":13,"key":"SMITH"},{"floor":15,"key":"REST"},{"floor":23,"key":"REST"},{"data":"Mayhem","floor":25,"key":"SMITH"},{"floor":29,"key":"REST"},{"floor":32,"key":"REST"}],"circlet_count":0,"master_deck":["Strike_B","Strike_B+1","Strike_B","Strike_B","Defend_B","Defend_B","Defend_B","Defend_B","Zap+1","Streamline+1","Loop+1","Mayhem+1","Ball Lightning"],"relics":["Cracked Core","HushsDoor","BookOfRevelations","MerchantsRug","Blue Doll","Oddly Smooth Stone","ReplayTheSpireMod:Shallot","Replay:WaspNest","Nuclear Battery","Geode","Bag of Preparation"],"acts_visited":["Exordium","TheCity"],"potions_floor_usage":[11,28,33],"damage_taken":[{"damage":2,"enemies":"Jaw Worm","floor":1,"turns":4},{"damage":0,"enemies":"Small Slimes","floor":3,"turns":2},{"damage":0,"enemies":"Cultist","floor":4,"turns":3},{"damage":21,"enemies":"Blue Slaver","floor":7,"turns":3},{"damage":3,"enemies":"3 Sentries","floor":11,"turns":6},{"damage":18,"enemies":"The Guardian","floor":16,"turns":8},{"damage":0,"enemies":"Shell Parasite","floor":18,"turns":4},{"damage":30,"enemies":"2 Thieves","floor":21,"turns":4},{"damage":18,"enemies":"Snake Plant","floor":22,"turns":3},{"damage":23,"enemies":"Cultist and Chosen","floor":24,"turns":4},{"damage":0,"enemies":"Centurion and Healer","floor":27,"turns":5},{"damage":0,"enemies":"Snake Plant","floor":28,"turns":3},{"damage":12,"enemies":"Cultist and Chosen","floor":31,"turns":5},{"damage":48,"enemies":"Collector","floor":33,"turns":7}],"seed_played":"1197129382716960137","potions_obtained":[{"floor":1,"key":"Regen Potion"},{"floor":16,"key":"blueLaboratory:ForbiddenFruitJuice"},{"floor":18,"key":"blueLaboratory:FrostheartPotion"},{"floor":22,"key":"blueLaboratory:PlasmaFuel"},{"floor":28,"key":"EssenceOfSteel"}],"is_trial":false,"path_per_floor":["M","?","M","M","$","R","M","?","T","?","E","?","R","?","R","B",null,"M","$","?","M","M","R","M","R","T","M","M","R","?","M","R","B"],"character_chosen":"DEFECT","items_purchased":["MerchantsRug","Blue Doll","Mayhem","Geode"],"campfire_rested":4,"item_purchase_floors":[0,5,19,19],"current_hp_per_floor":[60,49,49,49,49,49,28,13,13,13,25,43,43,28,50,32,75,75,75,60,30,12,34,11,11,11,11,11,33,30,18,40,0,0],"gold":282,"neow_bonus":"","is_daily":false,"chose_seed":false,"campfire_upgraded":3,"win_rate":0.0,"timestamp":1609358269,"path_taken":["M","?","M","M","$","R","M","?","T","?","E","?","R","?","R","BOSS","M","$","?","M","M","R","M","R","T","M","M","R","?","M","R","BOSS"],"items_purchased_type":["Relic","Relic","Card","Relic"],"build_version":"2020-12-22","purchased_purges":1,"victory":false,"max_hp_per_floor":[75,75,75,75,75,75,75,75,75,75,75,75,75,75,75,75,75,75,75,75,75,75,75,75,75,75,75,75,75,75,75,75,75,75],"card_choices":[{"not_picked":["Leap","Sweeping Beam"],"picked":"Streamline","floor":1},{"not_picked":["Aggregate","Reprogram","Panic Button"],"picked":"SKIP","floor":3},{"not_picked":["Skim","Meteor Strike"],"picked":"Loop","floor":4},{"not_picked":["Barrage","Go for the Eyes","Undo"],"picked":"SKIP","floor":7},{"not_picked":["Conserve Battery","Cold Snap","Cancel"],"picked":"SKIP","floor":11},{"not_picked":["Leap","Hologram+1","Cold Snap"],"picked":"SKIP","floor":18},{"not_picked":["Darkness+1","Coolheaded"],"picked":"Ball Lightning","floor":21},{"not_picked":["ReplaySort","ReplaySolidLightProjector+1","Rip and Tear+1"],"picked":"SKIP","floor":22},{"not_picked":["ReplayTheSpireMod:System Scan","Turbo","Hologram"],"picked":"SKIP","floor":24},{"not_picked":["Barrage","Panic Button","Steam Power+1"],"picked":"SKIP","floor":27},{"not_picked":["Double Energy","Compile Driver+1","Cold Snap"],"picked":"SKIP","floor":28},{"not_picked":["ReplayTheSpireMod:System Scan","Fusion","Steam+1"],"picked":"SKIP","floor":31}],"player_experience":424475,"relics_obtained":[{"floor":9,"key":"ReplayTheSpireMod:Shallot"},{"floor":11,"key":"Replay:WaspNest"},{"floor":26,"key":"Bag of Preparation"}],"event_choices":[{"damage_healed":0,"gold_gain":75,"player_choice":"Gather Gold","damage_taken":11,"max_hp_gain":0,"max_hp_loss":0,"event_name":"World of Goop","floor":2,"gold_loss":0},{"damage_healed":0,"gold_gain":65,"player_choice":"Gained Gold","damage_taken":0,"max_hp_gain":0,"max_hp_loss":0,"event_name":"Golden Wing","floor":10,"gold_loss":0},{"damage_healed":18,"gold_gain":0,"player_choice":"Healed","damage_taken":0,"max_hp_gain":0,"max_hp_loss":0,"event_name":"The Cleric","floor":12,"gold_loss":35},{"damage_healed":0,"gold_gain":0,"player_choice":"Entered Light","damage_taken":15,"max_hp_gain":0,"max_hp_loss":0,"event_name":"Shining Light","floor":14,"gold_loss":0,"cards_upgraded":["Strike_B","Streamline"]},{"damage_healed":0,"gold_gain":0,"player_choice":"Punched","damage_taken":3,"max_hp_gain":0,"max_hp_loss":0,"event_name":"Designer","floor":30,"gold_loss":0}],"is_beta":false,"boss_relics":[{"not_picked":["energizedSpire:CursedPentagram","Runic Pyramid"],"picked":"Nuclear Battery"},{"not_picked":[]}],"items_purged_floors":[0],"is_endless":false,"potions_floor_spawned":[1,16,18,22,28],"killed_by":"Collector","ascension_level":2}}