{"host":"nzm1i0l8mrsm8hd2","time":1609339834,"event":{"mods":["Act Like it!","Aspiration","BaseMod","Conspire","Gensokyo","Minty Spire (QoL Compilation)","Pale of the Ancients","Quick Restart","RumiaBox-露米娅的神秘盒子","Spicy Shops","StSLib","The Alterego"],"gold_per_floor":[113,113,329,89,102,102,102],"floor_reached":6,"playtime":304,"items_purged":[],"score":72,"play_id":"f8171257-9878-430f-ac53-9167b3fc0034","local_time":"20201230225034","daily_mods":["Heirloom","DeadlyEvents","Elite Swarm"],"is_ascension_mode":true,"campfire_choices":[],"circlet_count":0,"master_deck":["AscendersBane","alterego_mod:Strike","alterego_mod:Strike","alterego_mod:Strike","alterego_mod:Strike","alterego_mod:Defend","alterego_mod:Defend","alterego_mod:Defend","alterego_mod:Defend","alterego_mod:Impale","alterego_mod:BigMeatyClaws","alterego_mod:BrynhildrsRune","Gensokyo:TarnishedGold","Gensokyo:BlemishedSteel","Gensokyo:RustyChest","Gensokyo:LockedMedkit"],"relics":["alterego_mod:MasochisticConstitution","Ginger","Baka","Gensokyo:OccultBall","Akabeko"],"acts_visited":["Exordium"],"potions_floor_usage":[],"damage_taken":[{"damage":8,"enemies":"Gensokyo:3_Fairies","floor":1,"turns":4},{"damage":12,"enemies":"Gensokyo:2_Kodama","floor":3,"turns":3},{"damage":8,"enemies":"Gensokyo:Python","floor":5,"turns":4},{"damage":73,"enemies":"Gensokyo:Mamizou","floor":6,"turns":9}],"seed_played":"-7512440256977975791","potions_obtained":[{"floor":3,"key":"SpeedPotion"}],"is_trial":true,"path_per_floor":["M","?","M","COS","M","E"],"character_chosen":"The_Alterego","items_purchased":[],"campfire_rested":0,"item_purchase_floors":[],"current_hp_per_floor":[52,52,41,41,41,0,0],"gold":102,"neow_bonus":"","is_daily":false,"chose_seed":false,"campfire_upgraded":0,"win_rate":0.0,"timestamp":1609339834,"path_taken":["M","?","M","COS","M","E"],"items_purchased_type":[],"build_version":"2020-12-22","purchased_purges":0,"victory":false,"max_hp_per_floor":[66,66,67,67,68,68,68],"card_choices":[{"not_picked":["alterego_mod:GoddessCore","alterego_mod:Skirt"],"picked":"alterego_mod:BreastValley","floor":1},{"not_picked":["alterego_mod:Skirt","alterego_mod:GoddessCore","alterego_mod:Crossover"],"picked":"SKIP","floor":3},{"not_picked":["alterego_mod:Cycle","alterego_mod:HighServant","alterego_mod:Bloomers"],"picked":"SKIP","floor":5}],"player_experience":562534,"relics_obtained":[{"floor":1,"key":"Baka"}],"event_choices":[],"is_beta":false,"boss_relics":[],"items_purged_floors":[],"is_endless":false,"potions_floor_spawned":[3],"killed_by":"Gensokyo:Mamizou","ascension_level":20}}