{"host":"lvglfvqy3xrupc2a","time":1609297691,"event":{"mods":["Act Like it!","Aspiration","BaseMod","Better Altar","Better Match","Better Note","Better Sensory Stone","Better Skull","Better Third Choice","BetterRewards","Conspire","Friendly Minions","Gensokyo","Grow up Mod","GungeonMod","Hallownest","Hubris","HumanHunterMod(????mod)","Humility","Infinite Spire","Ironclad Rager","Mimic Mod","Minty Spire (QoL Compilation)","MostiFishMod","Pale of the Ancients","Remove Card Discount Mod","Replay The Spire","Reworked Bosses","Spicy Shops","StSLib","The Blue Laboratory","The Factory","Uncapped","Wandering Minibosses","[IsaacMod]????","vexMod"],"gold_per_floor":[11,11,11,25,38,71,71,104,128,128,138,138,138,165,165,242,292,306,0,0,15,30,58,70,110,122,161,188,226,238,275,287,373,385,408,470,482,494,519,574,606,662,674,686,800,861,689,744,744,752,841,886,886,0,0,114,114,114,114,144],"floor_reached":61,"playtime":4302,"items_purged":[],"score":2211,"play_id":"14d428ed-ecd4-4cda-9b78-5525a1471b8e","local_time":"20201229210811","is_ascension_mode":true,"campfire_choices":[{"data":"conspire:Purge","floor":10.0,"key":"SMITH"},{"data":"ReplayTheSpireMod:LeadingStrike","floor":12.0,"key":"SMITH"},{"data":"Bash","floor":15.0,"key":"SMITH"},{"data":"Limit Break","floor":24.0,"key":"SMITH"},{"data":"Demon Form","floor":32.0,"key":"SMITH"},{"data":"Armaments","floor":44,"key":"SMITH"},{"data":"Metallicize","floor":49,"key":"SMITH"},{"data":"infinitespire:UltimateForm+1","floor":55,"key":"SMITH"},{"data":"infinitespire:UltimateForm+2","floor":57,"key":"SMITH"}],"circlet_count":0,"master_deck":["AscendersBane","Bash+1","Twin Strike","Twin Strike","Twin Strike","Twin Strike","Twin Strike","Iron Wave","Iron Wave","Iron Wave","Iron Wave","ReplayTheSpireMod:LeadingStrike+1","Swift Strike","Armaments+1","Sword Boomerang","Clothesline","Carnage","conspire:Purge+1","Metallicize+1","Shrug It Off","Demon Form+1","Rage","ReplayTheSpireMod:Strike From Hell","Juggernaut+1","Limit Break+1","Searing Blow","Cleave","Headbutt","MostiFishMod:Chiaki","Reaper","Headbutt","Dropkick","infinitespire:UltimateForm+3","Evolve+1","ICR:VitalStrike","Flame Barrier","conspire:Charge","Armaments+1","Berserk+1","Heavy Blade","Dark Embrace+1","Shrug It Off","ICR:PowerAttack","Run Through","Impervious","Body Slam","Thunderclap","Rage"],"relics":["Burning Blood","HushsDoor","DaveBox","MaYiHuaBei","Nloth\u0027s Gift","SynthV:TestCard","War Paint","Hallownest:DreamNailRelic","MealTicket","ReplayTheSpireMod:Spearhead","wanderingMiniBosses:OtherGremlinHorn","BookOfRevelations","Tiny House","Frozen Egg 2","MawBank","infinitespire:Lucky Rock","Lantern","ReplayTheSpireMod:Ninjato","Simple Rune","conspire:InfiniteJournal","RhineFirstAidKit","DemoMod:DecoyRelic","hubris:TenFootPole","Hallownest:KingsIdolRelic","Philosopher\u0027s Stone","CeramicFish","DemoMod:MonsterBlood","infinitespire:Midas Blood","DemoMod:PartiallyEatenCheese","CaptainsWheel","vexMod:RetaliationKit","infinitespire:Satchel","paleoftheancients:Timepiece","paleoftheancients:KeyRelic","DemoMod:ChaffGrenade","paleoftheancients:SoulOfTheShrineMaiden"],"acts_visited":["Exordium","Hallownest:Greenpath","Hallownest:CityofTears","Hallownest:KingdomsEdge"],"potions_floor_usage":[],"damage_taken":[{"damage":2.0,"enemies":"Hallownest:monsterHuskWarrior","floor":1.0,"turns":2.0},{"damage":4.0,"enemies":"2_ Uuma","floor":4.0,"turns":4.0},{"damage":1.0,"enemies":"Hallownest:monsterHuskGuard","floor":5.0,"turns":3.0},{"damage":11.0,"enemies":"Hallownest:eliteCrystalGuardian","floor":6.0,"turns":5.0},{"damage":16.0,"enemies":"Hallownest:eliteVengeflyKing","floor":8.0,"turns":8.0},{"damage":29.0,"enemies":"Hallownest:1_Baldur_1_Crawlid_1_Warrior","floor":11.0,"turns":13.0},{"damage":10.0,"enemies":"Hallownest:eliteCrystalGuardian","floor":14.0,"turns":5.0},{"damage":51.0,"enemies":"Hallownest:BossBrokenVessel","floor":16.0,"turns":9.0},{"damage":18.0,"enemies":"Hallownest:Guard_and_Sentry","floor":18.0,"turns":4.0},{"damage":11.0,"enemies":"Hallownest:2_Mistakes","floor":21.0,"turns":5.0},{"damage":45.0,"enemies":"Hallownest:3_Mistakes","floor":22.0,"turns":7.0},{"damage":26.0,"enemies":"Hallownest:Nosk","floor":23.0,"turns":7.0},{"damage":36.0,"enemies":"Nightmare","floor":25.0,"turns":7.0},{"damage":19.0,"enemies":"Hallownest:Nosk","floor":27.0,"turns":9.0},{"damage":19.0,"enemies":"Hallownest:Warrior_and_Youth","floor":28.0,"turns":4.0},{"damage":49.0,"enemies":"Hallownest:eliteWatcherKnight","floor":29.0,"turns":10.0},{"damage":13.0,"enemies":"Hallownest:Nosk","floor":31.0,"turns":6.0},{"damage":106.0,"enemies":"Hallownest:BossMantisLord","floor":33.0,"turns":9.0},{"damage":99.0,"enemies":"Hallownest:3_Siblings","floor":35.0,"turns":8.0},{"damage":142.0,"enemies":"Hiden Room Battle","floor":36.0,"turns":9.0},{"damage":17,"enemies":"Hallownest:2_Littles","floor":39,"turns":5},{"damage":58,"enemies":"Hallownest:eliteCollector","floor":40,"turns":11},{"damage":39,"enemies":"Hallownest:2_Great","floor":41,"turns":4},{"damage":8,"enemies":"Hallownest:eliteHiveKnight","floor":42,"turns":4},{"damage":159,"enemies":"Hallownest:2_Primals","floor":45,"turns":4},{"damage":19,"enemies":"Hallownest:eliteCollector","floor":46,"turns":7},{"damage":88,"enemies":"Hallownest:StalkingDevout","floor":48,"turns":6},{"damage":27,"enemies":"Hallownest:Radiance","floor":50,"turns":9},{"damage":254,"enemies":"Hallownest:Radiance","floor":51,"turns":10},{"damage":100,"enemies":"Hallownest:Radiance","floor":52,"turns":9},{"damage":255,"enemies":"Hallownest:Radiance","floor":56,"turns":16},{"damage":217,"enemies":"paleoftheancients:N","floor":60,"turns":13}],"seed_played":"5830197071140450448","potions_obtained":[{"floor":1.0,"key":"blueLaboratory:FruitPunch"},{"floor":6.0,"key":"blueLaboratory:IronCompound"},{"floor":14.0,"key":"Dexterity Potion"},{"floor":17.0,"key":"SkillPotion"},{"floor":42,"key":"DuplicationPotion"}],"is_trial":false,"path_per_floor":["M","?","?","M","M","E","?","E","T","R","M","R","?","E","R","B",null,"M","$","?","M","M","E","R","NM","T","E","M","E","?","E","R","B",null,"M","?","?","AVR","M","E","M","E","T","R","?","E","$","E","R","B","M","M","?","$","R","M","R","$","?","B",null],"character_chosen":"IRONCLAD","items_purchased":["Frozen Egg 2","vexMod:RetaliationKit","Run Through","DemoMod:ChaffGrenade"],"campfire_rested":0,"item_purchase_floors":[19,47,47,54],"current_hp_per_floor":[75,85,95,107,122,129,139,139,149,159,146,156,166,172,182,147,235,233,258,268,273,244,234,244,224,234,231,228,257,178,181,191,116,353,270,129,139,149,148,489,466,481,491,501,358,389,414,342,352,544,489,511,521,546,556,625,635,660,670,696],"gold":144,"neow_bonus":"IRONCLAD_BERSERKER","is_daily":false,"chose_seed":false,"campfire_upgraded":9,"win_rate":0.0,"timestamp":1609297691,"path_taken":["M","?","?","M","M","E","?","E","T","R","M","R","?","E","R","BOSS","M","$","?","?","M","E","R","NM","T","E","M","E","?","E","R","BOSS","M","?","?","AVR","M","E","M","E","T","R","?","E","$","E","R","BOSS","M","M","?","$","R","M","R","$","?","BOSS"],"items_purchased_type":["Relic","Relic","Card","Relic"],"build_version":"2020-12-22","purchased_purges":0,"victory":true,"max_hp_per_floor":[92,102,112,122,132,144,154,164,174,184,194,204,214,224,234,244,259,269,279,289,299,309,319,329,339,349,359,369,379,389,399,409,419,429,439,449,459,469,479,489,499,516,526,536,546,556,566,576,586,596,606,616,626,636,646,656,666,676,686,696],"card_choices":[{"not_picked":["hubris:ReadiedAction","Headbutt"],"picked":"ReplayTheSpireMod:LeadingStrike","floor":1.0},{"not_picked":["PanicButton","MostiFishMod:SupremeArchaeology","Sadistic Nature","Mayhem"],"picked":"Swift Strike","floor":3.0},{"not_picked":["True Grit","conspire:Charge","Iron Wave","ReplayTheSpireMod:Stacked"],"picked":"Armaments","floor":3.0},{"not_picked":["MostiFishMod:BrandingRite","DemoMod:WhiteBlade","MostiFishMod:CullingBlade","Dark Embrace"],"picked":"Sword Boomerang","floor":4.0},{"not_picked":["Evolve","Heavy Blade","hubris:CleavingFinish","Fire Breathing"],"picked":"Clothesline","floor":5.0},{"not_picked":["True Grit","Armaments","Life Link","Corruption"],"picked":"Carnage","floor":6.0},{"not_picked":["Demonic Infusion","Uppercut","Wild Strike","Corruption"],"picked":"conspire:Purge","floor":8.0},{"not_picked":["Fire Breathing","ReplayReversal","Flame Barrier","Ghostly Armor"],"picked":"Metallicize","floor":11.0},{"not_picked":["Life Link","Heavy Blade","Replay:Many Hands","Burning Pact"],"picked":"Shrug It Off","floor":14.0},{"not_picked":["MostiFishMod:UltimateDefense","Juggernaut","Exhume","hubris:StunningStrike"],"picked":"Demon Form","floor":16.0},{"not_picked":["Flex","Shrug It Off","Combust","Replay:Undeath\u0027s Touch"],"picked":"Rage","floor":17.0},{"not_picked":["Havoc","hubris:ReadiedAction","Replay:Undeath\u0027s Touch","Sword Boomerang"],"picked":"ReplayTheSpireMod:Strike From Hell","floor":18.0},{"not_picked":["ReplayReversal","Fire Breathing+1","True Grit","Havoc"],"picked":"Juggernaut+1","floor":20.0},{"not_picked":["Heavy Blade","Iron Wave","Blood for Blood","hubris:ReadiedAction"],"picked":"Limit Break","floor":20.0},{"not_picked":["Flex","True Grit","Body Slam","Bloodletting"],"picked":"Searing Blow","floor":21.0},{"not_picked":["hubris:CleavingFinish","Thunderclap","Bloodletting","ReplayTheSpireMod:Strike From Hell"],"picked":"Cleave","floor":22.0},{"not_picked":["MostiFishMod:FireWorks","MostiFishMod:DarkDeal","MostiFishMod:404NotFound","Life Link+1"],"picked":"Headbutt","floor":23.0},{"not_picked":["Brutality+1","Fire Breathing+1","Double Tap","MostiFishMod:CullingBlade"],"picked":"MostiFishMod:Chiaki","floor":25.0},{"not_picked":["Fiend Fire","MostiFishMod:#F4004","hubris:ReadiedAction","Dual Wield+1"],"picked":"Reaper","floor":27.0},{"not_picked":["True Grit","Rupture+1","ReplayTheSpireMod:Muscle Training","Infernal Blade"],"picked":"Headbutt","floor":28.0},{"not_picked":["True Grit","DemoMod:WhiteBlade","Bludgeon","ICR:Frenzy"],"picked":"Dropkick","floor":29.0},{"not_picked":["infinitespire:Fortify","ReplayTheSpireMod:Chaos Vortex"],"picked":"infinitespire:UltimateForm","floor":30.0},{"not_picked":["Abandon","Clash","Massacre","Wild Strike"],"picked":"Evolve+1","floor":31.0},{"not_picked":["Impervious","Demonic Infusion","MostiFishMod:NewArrival","Brutality+1"],"picked":"ICR:VitalStrike","floor":33.0},{"not_picked":["Eclipse","Anger","Shrug It Off","Warcry"],"picked":"Flame Barrier","floor":35.0},{"not_picked":["Replay:Undeath\u0027s Touch+1","MostiFishMod:BrandingRite+1","Clash","Thunderclap+1"],"picked":"conspire:Charge","floor":36.0},{"not_picked":["Double Tap","Flex","Havoc+1","Offering"],"picked":"Armaments","floor":39},{"not_picked":["Sentinel","ReplayReversal","Havoc","ReplayTheSpireMod:Limb From Limb"],"picked":"Berserk+1","floor":40},{"not_picked":["Massacre","infinitespire:OneForAll","Clash+1","Flex"],"picked":"Heavy Blade","floor":41},{"not_picked":["conspire:Charge","infinitespire:OneForAll","ICR:PowerAttack","Combust+1"],"picked":"Dark Embrace+1","floor":42},{"not_picked":["ReplayTheSpireMod:Corrosion Curse","Havoc","Heavy Blade","Twin Strike"],"picked":"Shrug It Off","floor":45},{"not_picked":["Headbutt+1","Clothesline","MostiFishMod:Chiaki","Inflame+1"],"picked":"ICR:PowerAttack","floor":46},{"not_picked":["MostiFishMod:Mania+1","ReplayTheSpireMod:Stacked+1","ReplayReversal+1","Power Through"],"picked":"Impervious","floor":48},{"not_picked":["Twin Strike","Ghostly Armor","infinitespire:OneForAll+1","Anger+1"],"picked":"Body Slam","floor":51},{"not_picked":["MostiFishMod:404NotFound","ReplayTheSpireMod:Strike From Hell","Seeing Red","ReplayTheSpireMod:Muscle Training"],"picked":"Thunderclap","floor":52},{"not_picked":["Run Through","ReplayTheSpireMod:Limb From Limb","Sever Soul","MostiFishMod:Mania+1"],"picked":"Rage","floor":56}],"player_experience":1024327,"relics_obtained":[{"floor":1.0,"key":"SynthV:TestCard"},{"floor":6.0,"key":"War Paint"},{"floor":8.0,"key":"MealTicket"},{"floor":9.0,"key":"ReplayTheSpireMod:Spearhead"},{"floor":11.0,"key":"wanderingMiniBosses:OtherGremlinHorn"},{"floor":14.0,"key":"BookOfRevelations"},{"floor":23.0,"key":"MawBank"},{"floor":25.0,"key":"infinitespire:Lucky Rock"},{"floor":26.0,"key":"Lantern"},{"floor":27.0,"key":"ReplayTheSpireMod:Ninjato"},{"floor":29.0,"key":"Simple Rune"},{"floor":31.0,"key":"conspire:InfiniteJournal"},{"floor":36.0,"key":"DemoMod:DecoyRelic"},{"floor":36.0,"key":"hubris:TenFootPole"},{"floor":40,"key":"CeramicFish"},{"floor":42,"key":"DemoMod:MonsterBlood"},{"floor":43,"key":"infinitespire:Midas Blood"},{"floor":45,"key":"DemoMod:PartiallyEatenCheese"},{"floor":46,"key":"CaptainsWheel"},{"floor":48,"key":"infinitespire:Satchel"},{"floor":56,"key":"paleoftheancients:SoulOfTheShrineMaiden"}],"event_choices":[{"damage_healed":0.0,"max_hp_gain":0.0,"max_hp_loss":0.0,"gold_gain":1.0,"event_name":"betterStone:BetterStone","player_choice":"1","floor":2.0,"gold_loss":0.0,"damage_taken":0.0},{"damage_healed":0.0,"max_hp_gain":0.0,"max_hp_loss":0.0,"gold_gain":0.0,"event_name":"HidenRoomEvent","player_choice":"Fight","floor":36.0,"gold_loss":0.0,"damage_taken":0.0},{"damage_healed":0,"gold_gain":0,"player_choice":"Leave","damage_taken":0,"max_hp_gain":0,"max_hp_loss":0,"event_name":"conspire:Investor","floor":53,"gold_loss":0}],"is_beta":false,"boss_relics":[{"not_picked":["aspiration:RunicSpoon","Astrolabe"],"picked":"Tiny House"},{"not_picked":[]},{"not_picked":["Replay:Drink Me","Runic Pyramid"],"picked":"RhineFirstAidKit"},{"not_picked":[]}],"items_purged_floors":[],"is_endless":false,"potions_floor_spawned":[1,6,14,21,27,31,33,40,42,46,48],"ascension_level":13}}