{"host":"ormi09wwzv7sq47a","time":1609341495,"event":{"mods":["2.2 Compatiblity","AchievementEnabler","Act Like it!","BaseMod","Bestiary","Better Altar","Better Note","Better Sensory Stone","Better Skull","Better Third Choice","Better Vampires","BetterRewards","Block Reminder","Card Forge","Colored Map","Colored Powertips","Curses Come First","DeckTracker","Downfall","Highlight Path","Minty Spire (QoL Compilation)","Permanent Neow","Quick Restart","Rare Cards Sparkle","Relic Stats","Shop Mod","StSLib","The Jungle"],"gold_per_floor":[117,127,144,69,144,172,184,212,277,289,315,327,357,389,401,487,499,523,535,547,572,600,612,658,670,682,694,706,733,745,770,782,871,883,911,1223,1251,228,248,277,277,302,302,334,344,344,372,387,387,387,387],"floor_reached":50,"playtime":2651,"items_purged":["Strike_B","Defend_B"],"score":1121,"play_id":"0f7fdcae-f4c6-4857-80fc-2ea24194d7b5","local_time":"20201230131815","is_ascension_mode":true,"campfire_choices":[{"data":"Streamline","floor":7.0,"key":"SMITH"},{"data":"Doom and Gloom","floor":10.0,"key":"SMITH"},{"floor":15.0,"key":"REST"},{"data":"Scrape","floor":23.0,"key":"SMITH"},{"floor":30.0,"key":"REST"},{"data":"Seek","floor":32.0,"key":"SMITH"},{"floor":46,"key":"REST"},{"floor":49,"key":"REST"}],"circlet_count":0,"master_deck":["AscendersBane","Defend_B","Defend_B","Defend_B","Zap","Dualcast","Turbo","Ball Lightning+1","Doom and Gloom+1","Conserve Battery","Glacier","FTL+1","Machine Learning","Hologram+1","Scrape+1","Rainbow","Coolheaded+1","Seek+1","expansioncontent:YouAreMine","Go for the Eyes+1","Electrodynamics","Compile Driver+1","Defend_B","Rip and Tear+1","expansioncontent:DonusPower","Apotheosis","Loop+1","Doom and Gloom+1"],"relics":["Cracked Core","Hammer of Thor","Seething Fire","Anvil of the Gods","Mercury Hourglass","MawBank","Vajra","FaceOfCleric","Sozu","Molten Egg 2","Strawberry","Snecko Eye","Old Coin","Whetstone","Omamori","DollysMirror","PreservedInsect","Du-Vu Doll","Bottled Lightning","Oddly Smooth Stone","Art of War"],"acts_visited":["Exordium","TheCity","TheBeyond"],"potions_floor_usage":[],"damage_taken":[{"damage":2.0,"enemies":"Jaw Worm","floor":1.0,"turns":2.0},{"damage":0.0,"enemies":"2 Louse","floor":2.0,"turns":1.0},{"damage":0.0,"enemies":"Cultist","floor":3.0,"turns":2.0},{"damage":30.0,"enemies":"Lagavulin","floor":6.0,"turns":5.0},{"damage":6.0,"enemies":"Blue Slaver","floor":8.0,"turns":3.0},{"damage":0.0,"enemies":"Large Slime","floor":11.0,"turns":3.0},{"damage":0.0,"enemies":"2 Fungi Beasts","floor":13.0,"turns":1.0},{"damage":0.0,"enemies":"3 Louse","floor":14.0,"turns":1.0},{"damage":31.0,"enemies":"Hexaghost","floor":16.0,"turns":8.0},{"damage":0.0,"enemies":"Chosen","floor":18.0,"turns":3.0},{"damage":7.0,"enemies":"Spheric Guardian","floor":21.0,"turns":4.0},{"damage":32.0,"enemies":"Shelled Parasite and Fungi","floor":22.0,"turns":3.0},{"damage":0.0,"enemies":"Gremlin Leader","floor":24.0,"turns":5.0},{"damage":12.0,"enemies":"Chosen and Byrds","floor":29.0,"turns":4.0},{"damage":5.0,"enemies":"Centurion and Healer","floor":31.0,"turns":4.0},{"damage":44.0,"enemies":"Automaton","floor":33.0,"turns":10.0},{"damage":0.0,"enemies":"3 Darklings","floor":35.0,"turns":3.0},{"damage":14.0,"enemies":"Orb Walker","floor":37.0,"turns":4.0},{"damage":13,"enemies":"4 Shapes","floor":39,"turns":3},{"damage":8,"enemies":"Giant Head","floor":40,"turns":9},{"damage":0,"enemies":"Mind Bloom Boss Battle","floor":42,"turns":3},{"damage":13,"enemies":"Nemesis","floor":44,"turns":3},{"damage":0,"enemies":"Writhing Mass","floor":45,"turns":4},{"damage":14,"enemies":"Reptomancer","floor":47,"turns":3},{"damage":15,"enemies":"Jaw Worm Horde","floor":48,"turns":2},{"damage":70,"enemies":"Donu and Deca","floor":50,"turns":6}],"seed_played":"5312844984072721766","potions_obtained":[{"floor":2.0,"key":"Fruit Juice"},{"floor":11.0,"key":"FocusPotion"},{"floor":13.0,"key":"Fire Potion"},{"floor":14.0,"key":"Energy Potion"}],"is_trial":false,"path_per_floor":["M","M","M","?","?","E","R","M","T","R","M","?","M","M","R","B",null,"M","?","?","M","M","R","E","?","T","?","?","M","R","M","R","B",null,"M","T","M","$","M","E","?","?","T","E","M","R","E","M","R","B"],"character_chosen":"DEFECT","items_purchased":["Streamline","SteroidPotion","Whetstone","Compile Driver+1","Omamori","DollysMirror","Rip and Tear+1","expansioncontent:DonusPower","Apotheosis"],"campfire_rested":4,"item_purchase_floors":[0,0,38,38,38,38,38,38,38],"current_hp_per_floor":[62,67,67,67,56,26,26,20,20,20,20,20,21,22,45,15,63,64,64,64,58,27,27,28,28,28,28,35,24,51,47,47,4,71,72,72,59,59,47,40,40,41,41,29,30,58,45,31,60,0,0],"gold":387,"neow_bonus":"","is_daily":false,"chose_seed":false,"campfire_upgraded":4,"win_rate":0.0,"timestamp":1609341495,"path_taken":["M","M","M","?","?","E","R","M","T","R","M","?","M","M","R","BOSS","M","?","?","M","M","R","E","?","T","?","?","M","R","M","R","BOSS","M","?","M","$","M","E","?","?","T","E","?","R","E","M","R","BOSS"],"items_purchased_type":["Card","Potion","Relic","Card","Relic","Relic","Card","Card","Card"],"build_version":"2020-12-22","purchased_purges":2,"victory":false,"max_hp_per_floor":[71,76,76,76,76,76,76,76,76,76,76,76,77,78,78,79,79,80,80,80,81,82,82,83,83,83,83,90,91,91,92,92,93,93,94,94,95,95,96,97,92,93,93,94,95,95,96,97,97,97,97],"relic_stats":{"Sozu":8,"FaceOfCleric":19,"counters":[39,153],"Snecko Eye":[98,95,93,81],"PreservedInsect":110,"Art of War":[2],"Whetstone":["Strike_B","Strike_B","FTL","Ball Lightning"],"MawBank":384,"obtain_stats":[{"Vajra":9,"Hammer of Thor":0,"Bag of Preparation":0,"Whetstone":9,"Cursed Key":17,"Old Coin":36,"Sozu":17,"FaceOfCleric":12,"DollysMirror":38,"Strawberry":28,"Toxic Egg 2":26,"Cracked Core":0,"Oddly Smooth Stone":44,"PreservedInsect":40,"Omamori":38,"Seething Fire":0,"Question Card":30,"MawBank":6,"Mercury Hourglass":12,"Du-Vu Doll":42,"Shuriken":31,"Anvil of the Gods":0,"Snecko Eye":34,"Molten Egg 2":26,"Art of War":14,"Bottled Lightning":43},{"Vajra":18,"Hammer of Thor":0,"Bag of Preparation":0,"Whetstone":3,"Cursed Key":6,"Old Coin":30,"Sozu":22,"FaceOfCleric":19,"DollysMirror":31,"Strawberry":26,"Toxic Egg 2":12,"Cracked Core":0,"Oddly Smooth Stone":35,"PreservedInsect":33,"Omamori":31,"Seething Fire":0,"Question Card":12,"MawBank":17,"Mercury Hourglass":4,"Du-Vu Doll":34,"Shuriken":12,"Anvil of the Gods":0,"Snecko Eye":29,"Molten Egg 2":26,"Art of War":5,"Bottled Lightning":34},{"Vajra":67,"Hammer of Thor":0,"Bag of Preparation":0,"Whetstone":8,"Cursed Key":23,"Old Coin":116,"Sozu":80,"FaceOfCleric":70,"DollysMirror":120,"Strawberry":95,"Toxic Egg 2":46,"Cracked Core":0,"Oddly Smooth Stone":138,"PreservedInsect":132,"Omamori":120,"Seething Fire":0,"Question Card":46,"MawBank":64,"Mercury Hourglass":10,"Du-Vu Doll":135,"Shuriken":46,"Anvil of the Gods":0,"Snecko Eye":113,"Molten Egg 2":95,"Art of War":14,"Bottled Lightning":135}],"Mercury Hourglass":[532]},"card_choices":[{"not_picked":["Hologram","Stack"],"picked":"Turbo","floor":1.0},{"not_picked":["Cold Snap","Fusion"],"picked":"Ball Lightning","floor":2.0},{"not_picked":["Skim","Chill"],"picked":"Doom and Gloom","floor":3.0},{"not_picked":["Coolheaded","Ball Lightning"],"picked":"Conserve Battery","floor":6.0},{"not_picked":["Recycle","Redo","Cold Snap"],"picked":"SKIP","floor":8.0},{"not_picked":["Ball Lightning","Turbo"],"picked":"Glacier","floor":11.0},{"not_picked":["Glacier","Cold Snap","Static Discharge"],"picked":"SKIP","floor":13.0},{"not_picked":["Turbo","Compile Driver"],"picked":"FTL","floor":14.0},{"not_picked":["Rainbow","Hyperbeam"],"picked":"Machine Learning","floor":16.0},{"not_picked":["Sweeping Beam","Hello World+1"],"picked":"Hologram+1","floor":18.0},{"not_picked":["Melter","Lockon","Sunder"],"picked":"SKIP","floor":21.0},{"not_picked":["Barrage","Streamline"],"picked":"Coolheaded+1","floor":22.0},{"not_picked":["Gash","Conserve Battery"],"picked":"Seek","floor":24.0},{"not_picked":["Apotheosis","expansioncontent:DecasProtection"],"picked":"expansioncontent:YouAreMine","floor":25.0},{"not_picked":["Gash+1","Reprogram"],"picked":"Go for the Eyes+1","floor":29.0},{"not_picked":["Cold Snap+1","Fusion","Hologram"],"picked":"SKIP","floor":31.0},{"not_picked":["Core Surge+1","Machine Learning"],"picked":"Electrodynamics","floor":33.0},{"not_picked":["Ball Lightning+1","Stack","Cold Snap+1"],"picked":"SKIP","floor":35.0},{"not_picked":["Chaos+1","Loop","Melter+1"],"picked":"SKIP","floor":37.0},{"not_picked":["Coolheaded+1","Streamline+1"],"picked":"Loop+1","floor":39},{"not_picked":["Sweeping Beam+1","Rip and Tear+1","Go for the Eyes+1"],"picked":"SKIP","floor":40},{"not_picked":["Chaos","Core Surge+1"],"picked":"Doom and Gloom+1","floor":44},{"not_picked":["Gash+1","Barrage+1","Turbo"],"picked":"SKIP","floor":45},{"not_picked":["Hologram","Conserve Battery+1","Leap+1"],"picked":"SKIP","floor":47},{"not_picked":["Capacitor","Steam","Go for the Eyes+1"],"picked":"SKIP","floor":48}],"player_experience":798584,"relics_obtained":[{"floor":6.0,"key":"MawBank"},{"floor":9.0,"key":"Vajra"},{"floor":26.0,"key":"Molten Egg 2"},{"floor":36.0,"key":"Old Coin"},{"floor":40,"key":"PreservedInsect"},{"floor":42,"key":"Du-Vu Doll"},{"floor":43,"key":"Bottled Lightning"},{"floor":44,"key":"Oddly Smooth Stone"},{"floor":47,"key":"Art of War"}],"event_choices":[{"cards_removed":["Strike_B"],"damage_healed":0.0,"max_hp_gain":0.0,"max_hp_loss":0.0,"gold_gain":0.0,"event_name":"The Cleric","player_choice":"Card Removal","floor":4.0,"gold_loss":75.0,"damage_taken":0.0},{"damage_healed":0.0,"max_hp_gain":0.0,"max_hp_loss":0.0,"gold_gain":75.0,"event_name":"betterThird:BetterGoop","player_choice":"Gold","floor":5.0,"gold_loss":0.0,"damage_taken":11.0},{"damage_healed":0.0,"max_hp_gain":0.0,"max_hp_loss":0.0,"gold_gain":0.0,"event_name":"FaceTrader","player_choice":"Trade","floor":12.0,"gold_loss":0.0,"damage_taken":0.0,"relics_obtained":["FaceOfCleric"]},{"damage_healed":0.0,"max_hp_gain":0.0,"max_hp_loss":0.0,"gold_gain":0.0,"event_name":"The Mausoleum","player_choice":"Ignored","floor":19.0,"gold_loss":0.0,"damage_taken":0.0},{"damage_healed":0.0,"max_hp_gain":0.0,"max_hp_loss":0.0,"gold_gain":0.0,"cards_transformed":["Strike_B","Strike_B"],"event_name":"Drug Dealer","player_choice":"Became Test Subject","floor":20.0,"gold_loss":0.0,"damage_taken":0.0,"cards_obtained":["Scrape","Rainbow"]},{"damage_healed":0.0,"max_hp_gain":0.0,"max_hp_loss":0.0,"gold_gain":2.0,"event_name":"betterStone:BetterStone","player_choice":"1","floor":25.0,"gold_loss":0.0,"damage_taken":0.0},{"damage_healed":0.0,"max_hp_gain":0.0,"max_hp_loss":0.0,"gold_gain":0.0,"event_name":"Cursed Tome","player_choice":"Ignored","floor":27.0,"gold_loss":0.0,"damage_taken":0.0},{"cards_removed":["Streamline"],"damage_healed":0.0,"max_hp_gain":0.0,"max_hp_loss":0.0,"gold_gain":0.0,"event_name":"WeMeetAgain","player_choice":"Gave Card","floor":28.0,"gold_loss":0.0,"damage_taken":0.0,"relics_obtained":["Strawberry"]},{"damage_healed":0,"gold_gain":0,"player_choice":"Max HP","damage_taken":0,"max_hp_gain":0,"max_hp_loss":5,"event_name":"Winding Halls","floor":41,"gold_loss":0},{"damage_healed":0,"gold_gain":0,"player_choice":"Fight","damage_taken":0,"max_hp_gain":0,"max_hp_loss":0,"event_name":"MindBloom","floor":42,"gold_loss":0}],"is_beta":false,"boss_relics":[{"not_picked":["Runic Dome","Cursed Key"],"picked":"Sozu"},{"not_picked":["Coffee Dripper","SlaversCollar"],"picked":"Snecko Eye"}],"items_purged_floors":[0,38],"is_endless":false,"potions_floor_spawned":[2,11,13,14,18,24,29,39,40,44,45,48],"killed_by":"Donu and Deca","ascension_level":17}}