{"host":"867cnhxguf2bzj4x","time":1609354657,"event":{"mods":["BaseMod","Duelist Mod","GifTheSpireLib","Minty Spire (QoL Compilation)","StSLib","The Bug Knight","The Cursed","The Disciple","The Jungle"],"gold_per_floor":[140,140,140,140,156,156,169,22,46,84,105,180,195,209,209,337,337,353,251,251,251,241,241,262,283,283,304,319,319,319],"floor_reached":29,"playtime":1402,"items_purged":["theDuelist:CastleWalls"],"score":229,"play_id":"16742743-89f3-4a0b-a443-f0b5f8f65e8a","local_time":"20201230195737","is_ascension_mode":false,"campfire_choices":[{"data":"theDuelist:Wiretap","floor":6,"key":"SMITH"},{"floor":15,"key":"REST"},{"data":"theDuelist:NaturiaHorneedle","floor":23,"key":"SMITH"}],"circlet_count":0,"master_deck":["theDuelist:NaturiaBarkion","theDuelist:Wiretap+1","theDuelist:NaturiaHorneedle","theDuelist:CastleWalls","theDuelist:NaturiaRagweed","theDuelist:Wiretap+1","theDuelist:CastleWalls","theDuelist:NaturiaHydrangea","theDuelist:Sparks","Enlightenment","theDuelist:NaturiaCliff","theDuelist:NaturiaBeast+1","theDuelist:NaturiaSacredTree","theDuelist:ClosedForest","theDuelist:NaturiaTulip","theDuelist:Sparks","theDuelist:NaturiaHorneedle+1","theDuelist:Sparks","theDuelist:NaturiaRosewhip","theDuelist:NaturiaRock","theDuelist:BlockGolem+1","theDuelist:NaturiaCherries"],"relics":["theDuelist:MillenniumPuzzle","theDuelist:CardPoolRelic","theDuelist:CardPoolBasicRelic","theDuelist:BoosterPackPoolRelic","theDuelist:CardPoolAddRelic","theDuelist:CardPoolMinusRelic","theDuelist:CardPoolSaveRelic","theDuelist:CardPoolOptionsRelic","NeowsBlessing","Golden Idol","Gremlin Horn","Velvet Choker","theDuelist:ZoneToken","Pen Nib"],"acts_visited":["Exordium","TheCity"],"potions_floor_usage":[28,28],"damage_taken":[{"damage":0,"enemies":"Jaw Worm","floor":1,"turns":1},{"damage":0,"enemies":"2 Louse","floor":5,"turns":1},{"damage":0,"enemies":"Cultist","floor":7,"turns":1},{"damage":21,"enemies":"3 Sentries","floor":10,"turns":8},{"damage":2,"enemies":"Large Slime","floor":11,"turns":7},{"damage":18,"enemies":"Exordium Thugs","floor":13,"turns":4},{"damage":7,"enemies":"2 Fungi Beasts","floor":14,"turns":3},{"damage":18,"enemies":"The Guardian","floor":16,"turns":10},{"damage":15,"enemies":"Shell Parasite","floor":18,"turns":5},{"damage":8,"enemies":"2 Thieves","floor":22,"turns":4},{"damage":0,"enemies":"Snake Plant","floor":24,"turns":5},{"damage":1,"enemies":"Centurion and Healer","floor":25,"turns":7},{"damage":8,"enemies":"Sentry and Sphere","floor":27,"turns":7},{"damage":30,"enemies":"Snecko","floor":28,"turns":5},{"damage":21,"enemies":"Colosseum Slavers","floor":29,"turns":3}],"seed_played":"-5520367822152015188","potions_obtained":[{"floor":13,"key":"Fire Potion"},{"floor":14,"key":"Fire Potion"},{"floor":16,"key":"Explosive Potion"},{"floor":28,"key":"theDuelist:MayhemPotion"}],"is_trial":false,"path_per_floor":["M","?","?","?","M","R","M","$","T","E","M","?","M","M","R","B",null,"M","$","?","?","M","R","M","M","T","M","M","?"],"character_chosen":"THE_DUELIST","items_purchased":["theDuelist:NaturiaBarkion","theDuelist:NaturiaRagweed"],"campfire_rested":1,"item_purchase_floors":[8,19],"current_hp_per_floor":[80,80,60,60,60,60,60,60,60,39,37,26,8,1,25,7,80,65,65,59,59,51,51,51,50,50,42,12,0,0],"gold":319,"neow_bonus":"THREE_ENEMY_KILL","is_daily":false,"chose_seed":false,"campfire_upgraded":2,"win_rate":0.0,"timestamp":1609354657,"path_taken":["M","?","?","?","M","R","?","$","T","E","M","?","M","M","R","BOSS","M","$","?","?","M","R","?","M","T","?","M","?"],"items_purchased_type":["Card","Card"],"build_version":"2020-12-22","purchased_purges":1,"victory":false,"max_hp_per_floor":[80,80,80,80,80,80,80,80,80,80,80,80,80,80,80,80,80,80,80,80,80,80,80,80,80,80,80,80,80,80],"card_choices":[{"not_picked":["Good Instincts","Purity","Swift Strike"],"picked":"Enlightenment","floor":1},{"not_picked":["theDuelist:LuminousMoss+1","theDuelist:Cloning","theDuelist:SphereKuriboh","theDuelist:RedMedicine+1"],"picked":"theDuelist:Wiretap","floor":5},{"not_picked":["theDuelist:NaturiaRosewhip","theDuelist:NaturiaCliff","theDuelist:NaturiaAntjaw","theDuelist:CopyPlant"],"picked":"theDuelist:NaturiaHydrangea","floor":7},{"not_picked":["theDuelist:NaturiaHydrangea","theDuelist:NaturiaDragonfly","theDuelist:NaturiaTulip","theDuelist:SurvivalInstinct"],"picked":"theDuelist:NaturiaRosewhip","floor":10},{"not_picked":["theDuelist:VenomShot","theDuelist:PotDuality","theDuelist:ConvulsionNature","theDuelist:BarkionBark"],"picked":"theDuelist:NaturiaSacredTree","floor":11},{"not_picked":["theDuelist:NaturiaVein","theDuelist:HuntingInstinct"],"picked":"theDuelist:NaturiaHorneedle","floor":13},{"not_picked":["theDuelist:Pollinosis","theDuelist:NaturalDisaster","theDuelist:Wiretap","theDuelist:BottomlessTrapHole","theDuelist:AcidTrapHole"],"picked":"SKIP","floor":14},{"not_picked":["theDuelist:NaturiaForest","theDuelist:DemiseLand","theDuelist:SeismicShockwave","theDuelist:Wildfire"],"picked":"theDuelist:NaturiaHorneedle","floor":16},{"not_picked":["theDuelist:NaturiaVein+1","theDuelist:HuntingInstinct","theDuelist:Wildfire","theDuelist:HeartUnderdog"],"picked":"theDuelist:ClosedForest","floor":18},{"not_picked":["theDuelist:DestroyerGolem","theDuelist:PowerWall","theDuelist:FluteKuriboh+1","theDuelist:Wiseman"],"picked":"theDuelist:BlockGolem+1","floor":22},{"not_picked":["theDuelist:SurvivalInstinct","theDuelist:NaturiaBeans","theDuelist:LonefireBlossom","theDuelist:NaturiaBrambi"],"picked":"theDuelist:NaturiaCherries","floor":24},{"not_picked":["theDuelist:NaturiaSpiderfang+1","theDuelist:PotDuality","theDuelist:NaturiaBeetle","theDuelist:VenomShot","theDuelist:NaturiaButterfly"],"picked":"SKIP","floor":25},{"not_picked":["theDuelist:DemiseLand","theDuelist:SeismicShockwave","theDuelist:Wildfire"],"picked":"SKIP","floor":27},{"not_picked":["theDuelist:DemiseLand","theDuelist:NaturiaVein+1","theDuelist:NaturiaBarkion+1","theDuelist:HuntingInstinct","theDuelist:MultiplicationOfAnts"],"picked":"SKIP","floor":28}],"player_experience":90143,"relics_obtained":[{"floor":10,"key":"Gremlin Horn"},{"floor":26,"key":"Pen Nib"}],"event_choices":[{"damage_healed":0,"gold_gain":0,"player_choice":"Grow","damage_taken":0,"max_hp_gain":0,"max_hp_loss":0,"event_name":"Living Wall","floor":2,"gold_loss":0,"cards_upgraded":["theDuelist:NaturiaBeast"]},{"damage_healed":0,"gold_gain":0,"player_choice":"Take Damage","damage_taken":20,"relics_obtained":["Golden Idol"],"max_hp_gain":0,"max_hp_loss":0,"event_name":"Golden Idol","floor":3,"gold_loss":0},{"damage_healed":0,"gold_gain":0,"player_choice":"Ignored","damage_taken":0,"max_hp_gain":0,"max_hp_loss":0,"event_name":"NoteForYourself","floor":4,"gold_loss":0},{"damage_healed":0,"gold_gain":75,"player_choice":"Gather Gold","damage_taken":11,"max_hp_gain":0,"max_hp_loss":0,"event_name":"World of Goop","floor":12,"gold_loss":0},{"damage_healed":0,"gold_gain":0,"player_choice":"Dig - random Duelist relic","duelist":true,"damage_taken":0,"max_hp_gain":0,"max_hp_loss":0,"event_name":"Aknamkanon\u0027s Tomb","floor":20,"gold_loss":0},{"damage_healed":0,"gold_gain":0,"player_choice":"Copied","damage_taken":0,"max_hp_gain":0,"max_hp_loss":0,"event_name":"Duplicator","floor":21,"gold_loss":0,"cards_obtained":["theDuelist:Wiretap"]},{"damage_healed":0,"gold_gain":0,"player_choice":"Fight","damage_taken":0,"max_hp_gain":0,"max_hp_loss":0,"event_name":"Colosseum","floor":29,"gold_loss":0}],"is_beta":false,"boss_relics":[{"not_picked":["Calling Bell","SacredBark"],"picked":"Velvet Choker"}],"items_purged_floors":[19],"is_endless":false,"potions_floor_spawned":[13,14,16,22,24,27,28],"killed_by":"Colosseum Slavers","ascension_level":0}}