{"host":"igj4vwc42ivwqexo","time":1609372416,"event":{"mods":["BaseMod","Better Third Choice","Koishi","Marisa????????","Minty Spire (QoL Compilation)","Shop Mod","StSLib","The Blue Laboratory","The Disciple","The Hierophant","The Servant 0.9.4"],"gold_per_floor":[109,125,137,212,223,223,223,252,252,283,295,307,319,366,378,485,497,523,549,561,586,598,610,637,691,703,715,762,794,806,841,853,978,990,1025,1037,244,244,244],"floor_reached":38,"playtime":3954,"items_purged":["Strike_B"],"score":643,"play_id":"9624ae1c-1337-4da1-b944-35b9a20671ed","local_time":"20201231005336","is_ascension_mode":true,"campfire_choices":[{"data":"Defragment","floor":6,"key":"SMITH"},{"data":"Chaos","floor":11,"key":"SMITH"},{"data":"Zap","floor":13,"key":"SMITH"},{"data":"Coolheaded","floor":15,"key":"SMITH"},{"data":"Buffer","floor":23,"key":"SMITH"},{"data":"Coolheaded","floor":27,"key":"SMITH"},{"data":"Creative AI","floor":30,"key":"SMITH"},{"data":"Echo Form","floor":32,"key":"SMITH"}],"circlet_count":0,"master_deck":["Strike_B","Defend_B+1","Zap+1","Dualcast+1","Leap","Echo Form+1","Cold Snap","Defragment+1","Coolheaded+1","Cold Snap","Chaos+1","Coolheaded+1","Coolheaded+1","Buffer+1","All For One+1","Meteor Strike+1","White Noise+1","Blizzard","Hologram+1","Ghostly+1","Ghostly+1","Ghostly+1","Ghostly+1","Ghostly+1","Consume+1","Double Energy+1","Creative AI+1","Ball Lightning","Conserve Battery+1","Double Energy+1","Seek+1","Coolheaded+1","Chaos+1","Defragment"],"relics":["Cracked Core","Spirit Poop","War Paint","MawBank","Toxic Egg 2","Astrolabe","CeramicFish","Ornamental Fan","Vajra","Philosopher\u0027s Stone","Oddly Smooth Stone","Unceasing Top","Sling"],"acts_visited":["Exordium","TheCity","TheBeyond"],"potions_floor_usage":[8,8,14,31,35],"damage_taken":[{"damage":0,"enemies":"Cultist","floor":1,"turns":4},{"damage":0,"enemies":"Small Slimes","floor":2,"turns":4},{"damage":0,"enemies":"2 Louse","floor":3,"turns":4},{"damage":18,"enemies":"2 Fungi Beasts","floor":5,"turns":4},{"damage":0,"enemies":"3 Sentries","floor":8,"turns":9},{"damage":9,"enemies":"Exordium Thugs","floor":10,"turns":4},{"damage":6,"enemies":"Lagavulin","floor":14,"turns":5},{"damage":9,"enemies":"Hexaghost","floor":16,"turns":12},{"damage":0,"enemies":"Spheric Guardian","floor":18,"turns":4},{"damage":12,"enemies":"2 Thieves","floor":19,"turns":4},{"damage":0,"enemies":"Snecko","floor":21,"turns":5},{"damage":18,"enemies":"Chosen and Byrds","floor":24,"turns":8},{"damage":1,"enemies":"Book of Stabbing","floor":25,"turns":7},{"damage":0,"enemies":"Slavers","floor":28,"turns":3},{"damage":10,"enemies":"Snake Plant","floor":29,"turns":4},{"damage":0,"enemies":"3 Cultists","floor":31,"turns":5},{"damage":3,"enemies":"Collector","floor":33,"turns":11},{"damage":0,"enemies":"3 Darklings","floor":35,"turns":3},{"damage":39,"enemies":"3 Shapes","floor":38,"turns":4}],"seed_played":"-5436915309662413639","potions_obtained":[{"floor":1,"key":"FocusPotion"},{"floor":2,"key":"Swift Potion"},{"floor":5,"key":"SkillPotion"},{"floor":10,"key":"Weak Potion"},{"floor":21,"key":"blueLaboratory:FruitPunch"},{"floor":24,"key":"blueLaboratory:BottleOfVodka"},{"floor":33,"key":"EntropicBrew"}],"is_trial":false,"path_per_floor":["M","M","M","?","M","R","?","E","T","M","R","$","R","E","R","B",null,"M","M","?","M","?","R","M","E","T","R","E","M","R","M","R","B",null,"M","?","$","M"],"character_chosen":"DEFECT","items_purchased":["Chaos+1","Oddly Smooth Stone","Unceasing Top","Sling","Defragment"],"campfire_rested":0,"item_purchase_floors":[37,37,37,37,37],"current_hp_per_floor":[75,75,75,64,46,46,46,46,46,37,37,37,37,31,31,22,75,75,63,37,37,37,37,19,18,18,18,18,8,8,10,10,7,39,39,37,37,0,0],"gold":244,"neow_bonus":"TRANSFORM_TWO_CARDS","is_daily":false,"chose_seed":false,"campfire_upgraded":8,"win_rate":0.0,"timestamp":1609372416,"path_taken":["M","M","?","?","M","R","?","E","T","?","R","?","R","E","R","BOSS","M","M","?","M","?","R","M","E","T","R","E","?","R","M","R","BOSS","M","?","$","M"],"items_purchased_type":["Card","Relic","Relic","Relic","Card"],"build_version":"2020-12-22","purchased_purges":1,"victory":false,"max_hp_per_floor":[75,75,75,75,75,75,75,75,75,75,75,75,75,75,75,75,75,75,75,37,37,37,37,37,37,37,37,37,37,37,39,39,39,39,39,37,37,37,37],"card_choices":[{"not_picked":["Barrage","Blizzard"],"picked":"Cold Snap","floor":1},{"not_picked":["Conserve Battery","Steam"],"picked":"Defragment","floor":2},{"not_picked":["Gash","Redo"],"picked":"Coolheaded","floor":3},{"not_picked":["Gash","Ball Lightning"],"picked":"Cold Snap","floor":5},{"not_picked":["Lockon","Sunder"],"picked":"Chaos","floor":8},{"not_picked":["Reinforced Body","Conserve Battery"],"picked":"Coolheaded","floor":10},{"not_picked":["Redo+1","Echo Form"],"picked":"Coolheaded+1","floor":14},{"not_picked":["Hyperbeam","Machine Learning"],"picked":"Buffer","floor":16},{"not_picked":["Beam Cell","Heatsinks"],"picked":"Blizzard","floor":18},{"not_picked":["Reinforced Body+1","Barrage+1"],"picked":"Hologram+1","floor":19},{"not_picked":["Go for the Eyes+1","Barrage+1"],"picked":"Consume+1","floor":21},{"not_picked":["BootSequence+1","Turbo+1"],"picked":"Double Energy+1","floor":24},{"not_picked":["Amplify+1","Gash"],"picked":"Creative AI","floor":25},{"not_picked":["Force Field+1","Steam+1"],"picked":"Ball Lightning","floor":28},{"not_picked":["FTL+1","Hologram+1"],"picked":"Conserve Battery+1","floor":29},{"not_picked":["Coolheaded+1","Darkness+1"],"picked":"Double Energy+1","floor":31},{"not_picked":["Core Surge","Reboot+1"],"picked":"Seek+1","floor":33},{"not_picked":["Ball Lightning","Stack+1"],"picked":"Coolheaded+1","floor":35}],"player_experience":260843,"relics_obtained":[{"floor":8,"key":"War Paint"},{"floor":9,"key":"MawBank"},{"floor":14,"key":"Toxic Egg 2"},{"floor":25,"key":"CeramicFish"},{"floor":26,"key":"Ornamental Fan"},{"floor":28,"key":"Vajra"}],"event_choices":[{"damage_healed":0,"gold_gain":75,"player_choice":"Gold","damage_taken":11,"max_hp_gain":0,"max_hp_loss":0,"event_name":"betterThird:BetterGoop","floor":4,"gold_loss":0},{"cards_removed":["Normality"],"damage_healed":0,"gold_gain":0,"player_choice":"Offered Curse","damage_taken":0,"relics_obtained":["Spirit Poop"],"max_hp_gain":0,"max_hp_loss":0,"event_name":"Bonfire Elementals","floor":7,"gold_loss":0},{"damage_healed":0,"gold_gain":0,"player_choice":"Became a Ghost","damage_taken":0,"max_hp_gain":0,"max_hp_loss":38,"event_name":"Ghosts","floor":20,"gold_loss":0,"cards_obtained":["Ghostly","Ghostly","Ghostly","Ghostly","Ghostly"]},{"damage_healed":0,"gold_gain":0,"player_choice":"Ignored","damage_taken":0,"max_hp_gain":0,"max_hp_loss":0,"event_name":"Vampires","floor":22,"gold_loss":0},{"damage_healed":0,"gold_gain":0,"player_choice":"Max HP","damage_taken":0,"max_hp_gain":0,"max_hp_loss":2,"event_name":"Winding Halls","floor":36,"gold_loss":0}],"is_beta":false,"boss_relics":[{"not_picked":["Busted Crown","Tiny House"],"picked":"Astrolabe"},{"not_picked":["Runic Dome","Pandora\u0027s Box"],"picked":"Philosopher\u0027s Stone"}],"items_purged_floors":[37],"is_endless":false,"potions_floor_spawned":[1,2,5,10,21,24,33],"killed_by":"3 Shapes","ascension_level":4}}