{"host":"4sgoj70bvr8ov3jh","time":1609325740,"event":{"mods":["2.2 Compatiblity","AchievementEnabler","BaseMod","Chen","GifTheSpireLib","Hero for Fun","Marisa????????","Minty Spire (QoL Compilation)","Permanent Neow","Remilia_Scarlet Moed?????·?????3.3.5","StSLib","The Alterego","The Servant 0.9.4"],"gold_per_floor":[6118,2893,2863,2874,179,179,205,260,260,260,276,305,319,319,319,423,423,442,442,454,369,369,404,415,446,470,470,500,514,527,577,577,681,681,693,693,693,710,721,751,153,169,169,169,194,494,512,528,528,528],"floor_reached":51,"playtime":2154,"items_purged":[],"score":1555,"play_id":"43b428b4-d069-487b-97c3-4e70542b615e","local_time":"20201230025540","is_ascension_mode":true,"campfire_choices":[{"data":"1","floor":6.0,"key":"LIFT"},{"data":"2","floor":10.0,"key":"LIFT"},{"data":"Sadistic Nature","floor":15.0,"key":"SMITH"},{"data":"RemiliaMod:CMABianfuzhen+1","floor":32.0,"key":"SMITH"},{"data":"3","floor":44.0,"key":"LIFT"},{"data":"Bash","floor":49.0,"key":"SMITH"}],"circlet_count":0,"master_deck":["Strike_R","Strike_R","Strike_R","Strike_R+1","Strike_R","Defend_R","Defend_R+1","Defend_R+1","Defend_R","Bash+1","Wild Strike+1","Strike_R+1","Bandage Up","Sadistic Nature+1","Thinking Ahead+1","Impatience+1","Secret Weapon+1","Flash of Steel+1","Warcry+1","Rage+1","Havoc+1","Madness+1","True Grit+1","Enlightenment+1","Chrysalis+1","Blind+1","Jack Of All Trades+1","Bandage Up+1","Panache+1","Dark Shackles+1","Transmutation+1","Magnetism+1","Dark Shackles+1","Flash of Steel+1","Madness+1","Impatience+1","Trip+1","Madness+1","Havoc+1","Seek+1","BootSequence+1","PathToVictory+1","alterego_mod:STier+1","RemiliaMod:CJNLLFZ+1","BinaryStars+1","Noxious Fumes+1","Shuttle+1","Mayhem+1","MasterReality+1","SprinkleStarSeal+1","Inflame+1","alterego_mod:ChallengeComplete+1","RemiliaMod:CMABianfuzhen+2","ReachHeaven+1","JA+1","Flechettes+1","Secret Weapon+1","Barricade+1","Barricade+1","Barricade+1","alterego_mod:Birthday+1","Chen:Recuperate+1","RemiliaMod:CMPA+1","alterego_mod:HighServant+1","Loop+1"],"relics":["Burning Blood","Ancient Tea Set","Tough Bandages","Yang","Yang","Eternal Feather","ExperimentalFamiliar","Lizard Tail","Broom","Bronze Scales","Bronze Scales","Bronze Scales","Bronze Scales","Bronze Scales","Bronze Scales","Bronze Scales","Bronze Scales","Bronze Scales","WarpedTongs","WarpedTongs","WarpedTongs","WarpedTongs","WarpedTongs","WarpedTongs","WarpedTongs","WarpedTongs","Tiny Chest","Tingsha","Nloth\u0027s Gift","NeowsBlessing","NeowsBlessing","NeowsBlessing","NeowsBlessing","NeowsBlessing","NeowsBlessing","NeowsBlessing","NeowsBlessing","NeowsBlessing","NeowsBlessing","NeowsBlessing","NeowsBlessing","NeowsBlessing","The Courier","Enchiridion","MagicBroom","Magic Flower","Odd Mushroom","AmplifyWand","DollysMirror","StoneCalendar","Toy Ornithopter","TungstenRod","Eternal Feather","Question Card","Incense Burner","Blood Vial","HornCleat","Paper Frog","Boot","Blue Candle","MealTicket","Vajra","Toxic Egg 2","Molten Egg 2","FrozenCore","Frozen Egg 2","Bottled Lightning","Omamori","Lantern","Girya","Mummified Hand","Singing Bowl","Matryoshka","Champion Belt","Potion Belt","Regal Pillow","Red Skull","Happy Flower","Darkstone Periapt","Nunchaku","War Paint","Molten Egg 2","White Beast Statue","Bronze Scales","Orichalcum","Gremlin Horn","Mango","Mango","Medical Kit","CaptainsWheel","InkBottle","PrismaticShard","Letter Opener","Strawberry","Mercury Hourglass","Pear","Dream Catcher","Centennial Puzzle","Bag of Marbles","Bottled Tornado","Lizard Tail","Dead Branch","Self Forming Clay","Smiling Mask","Oddly Smooth Stone","Tiny Chest","Art of War","Magic Flower","Whetstone","Meat on the Bone","Mark of Pain","Pen Nib","Ginger","Bottled Flame","Frozen Egg 2","Shuriken","PreservedInsect","alterego_mod:FleetingLove","RampagingMagicTools","Sundial","Toxic Egg 2","Oddly Smooth Stone","Oddly Smooth Stone","Oddly Smooth Stone","Oddly Smooth Stone","Oddly Smooth Stone","Oddly Smooth Stone","Oddly Smooth Stone","Oddly Smooth Stone","Oddly Smooth Stone","Oddly Smooth Stone","Oddly Smooth Stone","Oddly Smooth Stone","Oddly Smooth Stone","Pantograph","Charon\u0027s Ashes","Toolbox","Unceasing Top","Turnip","Prayer Wheel","Old Coin"],"acts_visited":["Exordium","TheCity","TheBeyond"],"potions_floor_usage":[50],"damage_taken":[{"damage":0.0,"enemies":"2 Louse","floor":1.0,"turns":1.0},{"damage":0.0,"enemies":"Cultist","floor":4.0,"turns":1.0},{"damage":0.0,"enemies":"Gremlin Nob","floor":7.0,"turns":1.0},{"damage":0.0,"enemies":"Lagavulin Event","floor":8.0,"turns":1.0},{"damage":0.0,"enemies":"Jaw Worm","floor":11.0,"turns":1.0},{"damage":0.0,"enemies":"Lagavulin","floor":12.0,"turns":1.0},{"damage":0.0,"enemies":"Gremlin Gang","floor":13.0,"turns":1.0},{"damage":0.0,"enemies":"The Guardian","floor":16.0,"turns":1.0},{"damage":0.0,"enemies":"Chosen","floor":18.0,"turns":1.0},{"damage":0.0,"enemies":"2 Thieves","floor":20.0,"turns":1.0},{"damage":0.0,"enemies":"Book of Stabbing","floor":23.0,"turns":1.0},{"damage":2.0,"enemies":"Centurion and Healer","floor":24.0,"turns":1.0},{"damage":0.0,"enemies":"Gremlin Leader","floor":25.0,"turns":1.0},{"damage":2.0,"enemies":"Slavers","floor":28.0,"turns":1.0},{"damage":0.0,"enemies":"Sentry and Sphere","floor":29.0,"turns":1.0},{"damage":0.0,"enemies":"3 Cultists","floor":30.0,"turns":1.0},{"damage":0.0,"enemies":"Gremlin Leader","floor":31.0,"turns":2.0},{"damage":0.0,"enemies":"Collector","floor":33.0,"turns":2.0},{"damage":0.0,"enemies":"3 Shapes","floor":35.0,"turns":1.0},{"damage":0.0,"enemies":"3 Darklings","floor":38.0,"turns":1.0},{"damage":0.0,"enemies":"Transient","floor":39.0,"turns":3.0},{"damage":0.0,"enemies":"Nemesis","floor":40.0,"turns":3.0},{"damage":0.0,"enemies":"Sphere and 2 Shapes","floor":42.0,"turns":1.0},{"damage":0.0,"enemies":"Giant Head","floor":45.0,"turns":1.0},{"damage":0.0,"enemies":"Spire Growth","floor":47.0,"turns":1.0},{"damage":0.0,"enemies":"4 Shapes","floor":48.0,"turns":1.0},{"damage":0,"enemies":"Donu and Deca","floor":50,"turns":1}],"seed_played":"-8663280201830103113","potions_obtained":[{"floor":1.0,"key":"Explosive Potion"},{"floor":4.0,"key":"ColorlessPotion"},{"floor":7.0,"key":"Fire Potion"},{"floor":16.0,"key":"SneckoOil"},{"floor":18.0,"key":"Fruit Juice"},{"floor":20.0,"key":"Energy Potion"},{"floor":23.0,"key":"SteroidPotion"},{"floor":24.0,"key":"Explosive Potion"},{"floor":25.0,"key":"Explosive Potion"},{"floor":28.0,"key":"GamblersBrew"},{"floor":38.0,"key":"Regen Potion"}],"is_trial":false,"path_per_floor":["M","$","?","M","$","R","E","?","T","R","M","E","M","T","R","B",null,"M","?","M","?","T","E","M","E","T","?","E","M","M","E","R","B",null,"M","?","T","M","M","E","$","M","T","R","E","T","M","M","R","B",null],"character_chosen":"IRONCLAD","items_purchased":["DollysMirror","Bandage Up","Sadistic Nature","StoneCalendar","Toy Ornithopter","TungstenRod","Eternal Feather","Question Card","Incense Burner","Blood Vial","HornCleat","Paper Frog","Boot","Blue Candle","MealTicket","Vajra","Thinking Ahead","Impatience","Secret Weapon+1","Flash of Steel+1","Warcry","Rage","Havoc+1","Madness+1","Bottled Lightning","Omamori","Lantern","Girya","True Grit+1","Enlightenment+1","Mummified Hand","Singing Bowl","Matryoshka","Champion Belt","Chrysalis+1","Potion Belt","Blind+1","Regal Pillow","Jack Of All Trades+1","Red Skull","Happy Flower","Bandage Up+1","Darkstone Periapt","Nunchaku","War Paint","Molten Egg 2","White Beast Statue","Bronze Scales","Orichalcum","Gremlin Horn","Mango","Panache+1","CaptainsWheel","Dark Shackles+1","Transmutation+1","InkBottle","DistilledChaos","Dexterity Potion","Magnetism+1","Dark Shackles+1","PrismaticShard","Letter Opener","Strawberry","Mercury Hourglass","Pear","Dream Catcher","Flash of Steel+1","Madness+1","Centennial Puzzle","Bag of Marbles","Bottled Tornado","Lizard Tail","Dead Branch","Self Forming Clay","Impatience+1","Trip+1","Madness+1","Havoc+1","Toolbox","Unceasing Top","Turnip"],"campfire_rested":0,"item_purchase_floors":[2,2,2,2,2,2,2,2,2,2,2,2,2,2,2,2,2,2,2,2,2,2,2,2,2,2,2,2,2,2,2,2,2,2,2,2,2,2,2,2,2,2,2,2,2,2,2,2,2,2,2,2,2,2,2,2,2,2,5,5,5,5,5,5,5,5,5,5,5,5,5,5,5,5,5,5,5,5,41,41,41],"current_hp_per_floor":[80,108,108,110,127,127,127,127,127,127,127,127,127,127,127,127,127,132,132,132,132,132,132,134,136,136,136,136,136,136,136,136,136,136,138,138,138,138,138,140,140,142,142,142,142,142,144,146,146,146],"gold":528,"neow_bonus":"RANDOM_COMMON_RELIC","is_daily":false,"chose_seed":false,"campfire_upgraded":3,"win_rate":0.0,"timestamp":1609325740,"path_taken":["M","$","?","?","$","R","E","?","T","R","M","E","M","?","R","BOSS","M","?","?","?","?","E","?","E","T","?","E","M","M","E","R","BOSS","M","?","?","M","?","E","?","?","T","R","E","?","M","M","R","BOSS"],"items_purchased_type":["Relic","Card","Card","Relic","Relic","Relic","Relic","Relic","Relic","Relic","Relic","Relic","Relic","Relic","Relic","Relic","Card","Card","Card","Card","Card","Card","Card","Card","Relic","Relic","Relic","Relic","Card","Card","Relic","Relic","Relic","Relic","Card","Relic","Card","Relic","Card","Relic","Relic","Card","Relic","Relic","Relic","Relic","Relic","Relic","Relic","Relic","Relic","Card","Relic","Card","Card","Relic","Potion","Potion","Card","Card","Relic","Relic","Relic","Relic","Relic","Relic","Card","Card","Relic","Relic","Relic","Relic","Relic","Relic","Card","Card","Card","Card","Relic","Relic","Relic"],"build_version":"2020-12-22","purchased_purges":0,"victory":true,"max_hp_per_floor":[80,108,108,110,127,127,127,127,127,127,127,127,127,127,127,127,127,132,132,132,132,132,132,134,136,136,136,136,136,136,136,136,136,136,138,138,138,138,138,140,140,142,142,142,142,142,144,146,146,146],"card_choices":[{"not_picked":["Reaper","Headbutt"],"picked":"Wild Strike","floor":1.0},{"not_picked":["Immolate+1","Wild Strike+1","Shrug It Off+1","Havoc+1"],"picked":"Singing Bowl","floor":4.0},{"not_picked":["alterego_mod:Complex+1","Coolheaded+1","Chen:RecklessLeap+1"],"picked":"Seek+1","floor":7.0},{"not_picked":["TimeWarp+1","Chen:Panic+1","ManaConvection+1"],"picked":"BootSequence+1","floor":8.0},{"not_picked":["Dodge and Roll+1","alterego_mod:Punishment+1","Chen:Adaptability+1"],"picked":"PathToVictory+1","floor":11.0},{"not_picked":["Chen:DazzleFlash+1","Cold Snap+1","Lockon+1"],"picked":"alterego_mod:STier+1","floor":12.0},{"not_picked":["Shrug It Off+1","Rip and Tear+1","alterego_mod:BoobPocket+1"],"picked":"RemiliaMod:CJNLLFZ+1","floor":13.0},{"not_picked":["Solidify+1","Scrawl+1","LessonLearned+1"],"picked":"BinaryStars+1","floor":16.0},{"not_picked":["Chen:Unpredictable+1","ChargingUp+1","Quick Slash+1"],"picked":"Noxious Fumes+1","floor":18.0},{"not_picked":["Leg Sweep+1","Chen:PentagramFlight+1","Chen:Adaptability+1"],"picked":"Shuttle+1","floor":20.0},{"not_picked":["alterego_mod:Undulate+1","Chen:Adaptability+1","Chen:Copycat+1"],"picked":"Mayhem+1","floor":23.0},{"not_picked":["alterego_mod:Cycle+1","AsteroidBelt+1","True Grit+1","ClearTheMind+1"],"picked":"Singing Bowl","floor":24.0},{"not_picked":["Scrawl+1","EarthLightRay+1","Chen:PhoenixEgg+1","DragonMeteor+1"],"picked":"Singing Bowl","floor":25.0},{"not_picked":["RemiliaMod:CMODSq+1","Chen:Impale+1","FlawlessForm+1"],"picked":"SprinkleStarSeal+1","floor":28.0},{"not_picked":["RemiliaMod:CFPLL+1","RemiliaMod:CJNMJFZ+1","Dramatic Entrance+1"],"picked":"Inflame+1","floor":29.0},{"not_picked":["WheelKick+1","Gash+1","Intimidate+1"],"picked":"alterego_mod:ChallengeComplete+1","floor":30.0},{"not_picked":["Rage+1","alterego_mod:Smother+1","Cold Snap+1"],"picked":"RemiliaMod:CMABianfuzhen+1","floor":31.0},{"not_picked":["alterego_mod:RingBreak+1","Chen:WhateverWorks+1","Night Terror+1"],"picked":"Secret Weapon+1","floor":33.0},{"not_picked":["RemiliaMod:CJNMJFZ+1","EmptyBody+1","Ignore+1","Ricochet+1"],"picked":"Singing Bowl","floor":35.0},{"not_picked":["alterego_mod:1TonWallop+1","Ricochet+1","alterego_mod:AlterEgo+1"],"picked":"alterego_mod:Birthday+1","floor":38.0},{"not_picked":["Chill+1","Chen:CatPunch+1","DoubleEdge+1"],"picked":"Chen:Recuperate+1","floor":39.0},{"not_picked":["Thinking Ahead+1","FlurryOfBlows+1","Flex+1","WindmillStrike+1"],"picked":"Singing Bowl","floor":40.0},{"not_picked":["Sever Soul+1","Flex+1","Hemokinesis+1","Clash+1"],"picked":"Singing Bowl","floor":42.0},{"not_picked":["RemiliaMod:CJNWYXD3+1","Hello World+1","IllusionStar+1"],"picked":"RemiliaMod:CMPA+1","floor":45.0},{"not_picked":["RemiliaMod:CMODSq+1","Go for the Eyes+1","Melter+1"],"picked":"alterego_mod:HighServant+1","floor":47.0},{"not_picked":["DragonMeteor+1","Melter+1","Chen:Catseye+1","Yawn+1"],"picked":"Singing Bowl","floor":47.0},{"not_picked":["FastForward+1","Grand Finale+1","Static Discharge+1"],"picked":"Loop+1","floor":48.0},{"not_picked":["alterego_mod:DiscoLights+1","FlyingSleeves+1","Chen:PhoenixWings+1","Rewind+1"],"picked":"Singing Bowl","floor":48.0}],"player_experience":179402,"relics_obtained":[{"floor":7.0,"key":"Smiling Mask"},{"floor":8.0,"key":"Oddly Smooth Stone"},{"floor":9.0,"key":"Tiny Chest"},{"floor":9.0,"key":"Art of War"},{"floor":12.0,"key":"Magic Flower"},{"floor":14.0,"key":"Whetstone"},{"floor":14.0,"key":"Meat on the Bone"},{"floor":22.0,"key":"Bottled Flame"},{"floor":23.0,"key":"Frozen Egg 2"},{"floor":25.0,"key":"Shuriken"},{"floor":26.0,"key":"PreservedInsect"},{"floor":28.0,"key":"Sundial"},{"floor":31.0,"key":"Toxic Egg 2"},{"floor":37.0,"key":"Pantograph"},{"floor":40.0,"key":"Charon\u0027s Ashes"},{"floor":45.0,"key":"Prayer Wheel"},{"floor":46.0,"key":"Old Coin"}],"event_choices":[{"damage_healed":0.0,"max_hp_gain":0.0,"max_hp_loss":0.0,"gold_gain":0.0,"event_name":"The Woman in Blue","player_choice":"Bought 2 Potions","floor":3.0,"gold_loss":0.0,"damage_taken":0.0},{"damage_healed":0.0,"max_hp_gain":0.0,"max_hp_loss":0.0,"gold_gain":0.0,"event_name":"Dead Adventurer","player_choice":"Searched \u00272\u0027 times","floor":8.0,"gold_loss":0.0,"damage_taken":0.0},{"damage_healed":0.0,"max_hp_gain":0.0,"max_hp_loss":0.0,"gold_gain":0.0,"event_name":"WeMeetAgain","player_choice":"Gave Potion","floor":19.0,"gold_loss":0.0,"damage_taken":0.0,"relics_obtained":["Pen Nib"]},{"damage_healed":0.0,"max_hp_gain":0.0,"max_hp_loss":0.0,"gold_gain":0.0,"event_name":"Addict","player_choice":"Obtained Relic","floor":21.0,"gold_loss":85.0,"damage_taken":0.0,"relics_obtained":["Ginger"]},{"damage_healed":0.0,"max_hp_gain":0.0,"max_hp_loss":0.0,"gold_gain":0.0,"event_name":"Secret Garden","player_choice":"Choice 1","floor":27.0,"gold_loss":0.0,"damage_taken":0.0,"relics_obtained":["alterego_mod:FleetingLove"]},{"damage_healed":0.0,"max_hp_gain":0.0,"max_hp_loss":0.0,"gold_gain":0.0,"event_name":"SecretPortal","player_choice":"Ignored","floor":36.0,"gold_loss":0.0,"damage_taken":0.0}],"is_beta":false,"boss_relics":[{"not_picked":["Cursed Key","Runic Cube"],"picked":"Mark of Pain"},{"not_picked":["Philosopher\u0027s Stone","Velvet Choker","Snecko Eye"]}],"items_purged_floors":[],"is_endless":false,"potions_floor_spawned":[1,4,7,8,11,12,13,16,18,20,23,24,25,28,29,30,31,33,35,38,39,40,42,45,47,48],"ascension_level":1}}