{"host":"g7trc0x2teqyd8ye","time":1609326564,"event":{"mods":["BaseMod","Key Reminder","Minty Spire (QoL Compilation)","Relic Stats"],"gold_per_floor":[119,130,130,55,55,85,98,130,130,142,162,193,14,14,14,88,88,106,106,124,124,134,134,134],"floor_reached":23,"playtime":5368,"items_purged":["Pain"],"score":448,"play_id":"5e8a3643-4fd8-4e44-8819-e1660d49e36e","local_time":"20201230120924","is_ascension_mode":true,"campfire_choices":[{"data":"Body Slam","floor":15,"key":"SMITH"}],"circlet_count":0,"master_deck":["AscendersBane","Strike_R","Strike_R","Strike_R","Strike_R","Defend_R","Defend_R","Defend_R","Defend_R","Bash","Dropkick","Metallicize","Reckless Charge","Rage","Blood for Blood","True Grit","Clothesline","Iron Wave","Twin Strike","Metallicize","Ghostly Armor","Body Slam+1","Corruption","Double Tap"],"relics":["Burning Blood","NeowsBlessing","WarpedTongs","Shuriken","MealTicket","Pear","Singing Bowl","CaptainsWheel","Philosopher\u0027s Stone","CultistMask"],"acts_visited":["Exordium","TheCity"],"potions_floor_usage":[11,12,22,23,23],"damage_taken":[{"damage":0,"enemies":"2 Louse","floor":1,"turns":1},{"damage":0,"enemies":"Jaw Worm","floor":2,"turns":1},{"damage":0,"enemies":"Gremlin Nob","floor":6,"turns":1},{"damage":0,"enemies":"Cultist","floor":7,"turns":3},{"damage":12,"enemies":"Lagavulin","floor":8,"turns":7},{"damage":10,"enemies":"3 Louse","floor":10,"turns":6},{"damage":0,"enemies":"Blue Slaver","floor":11,"turns":3},{"damage":20,"enemies":"3 Sentries","floor":12,"turns":8},{"damage":18,"enemies":"Hexaghost","floor":16,"turns":9},{"damage":32,"enemies":"3 Byrds","floor":18,"turns":7},{"damage":6,"enemies":"Shell Parasite","floor":20,"turns":7},{"damage":20,"enemies":"Snecko","floor":22,"turns":7},{"damage":19,"enemies":"Gremlin Leader","floor":23,"turns":4}],"seed_played":"8655574163922853874","potions_obtained":[{"floor":1,"key":"Block Potion"},{"floor":2,"key":"LiquidBronze"},{"floor":16,"key":"Weak Potion"},{"floor":20,"key":"GamblersBrew"},{"floor":22,"key":"AttackPotion"}],"is_trial":false,"path_per_floor":["M","M","?","$","?","E","M","E","T","M","M","E","$","?","R","B",null,"M","?","M","?","M","E"],"character_chosen":"IRONCLAD","items_purchased":["Rage","Ghostly Armor","Body Slam"],"campfire_rested":0,"item_purchase_floors":[4,13,13],"current_hp_per_floor":[74,75,75,75,75,75,75,69,79,75,81,67,82,56,56,44,75,51,26,28,28,14,0,0],"gold":134,"neow_bonus":"THREE_ENEMY_KILL","is_daily":false,"chose_seed":false,"campfire_upgraded":1,"win_rate":0.0,"timestamp":1609326564,"path_taken":["M","M","?","$","?","E","?","E","T","M","M","E","$","?","R","BOSS","M","?","M","?","M","E"],"items_purchased_type":["Card","Card","Card"],"build_version":"2020-12-22","purchased_purges":1,"victory":false,"max_hp_per_floor":[75,75,75,75,75,75,75,75,85,85,85,85,85,85,85,85,85,87,92,94,94,94,94,94],"relic_stats":{"Singing Bowl":4,"counters":[13,64],"Shuriken":[17],"MealTicket":15,"obtain_stats":[{"CaptainsWheel":14,"Pear":9,"NeowsBlessing":0,"Singing Bowl":12,"Shuriken":6,"MealTicket":8,"Philosopher\u0027s Stone":17,"CultistMask":21,"Burning Blood":0,"WarpedTongs":5},{"CaptainsWheel":8,"Pear":5,"NeowsBlessing":0,"Singing Bowl":8,"Shuriken":3,"MealTicket":5,"Philosopher\u0027s Stone":9,"CultistMask":11,"Burning Blood":0,"WarpedTongs":2},{"CaptainsWheel":30,"Pear":13,"NeowsBlessing":0,"Singing Bowl":30,"Shuriken":3,"MealTicket":13,"Philosopher\u0027s Stone":39,"CultistMask":53,"Burning Blood":0,"WarpedTongs":2}],"Burning Blood":55,"WarpedTongs":[62]},"card_choices":[{"not_picked":["Havoc","Uppercut"],"picked":"Dropkick","floor":1},{"not_picked":["Evolve","Twin Strike"],"picked":"Metallicize","floor":2},{"not_picked":["Sword Boomerang","Second Wind"],"picked":"Blood for Blood","floor":6},{"not_picked":["Headbutt","Sword Boomerang"],"picked":"True Grit","floor":7},{"not_picked":["Perfected Strike","Sever Soul"],"picked":"Clothesline","floor":8},{"not_picked":["Sentinel","Evolve"],"picked":"Iron Wave","floor":10},{"not_picked":["Power Through","Sword Boomerang"],"picked":"Twin Strike","floor":11},{"not_picked":["Impervious","Headbutt"],"picked":"Metallicize","floor":12},{"not_picked":["Bludgeon","Exhume"],"picked":"Corruption","floor":16},{"not_picked":["Cleave","Twin Strike","Havoc"],"picked":"Singing Bowl","floor":18},{"not_picked":["Perfected Strike","Burning Pact","Cleave"],"picked":"Singing Bowl","floor":20},{"not_picked":["Body Slam","Headbutt"],"picked":"Double Tap","floor":22}],"player_experience":816814,"relics_obtained":[{"floor":6,"key":"Shuriken"},{"floor":8,"key":"MealTicket"},{"floor":9,"key":"Pear"},{"floor":12,"key":"Singing Bowl"}],"event_choices":[{"damage_healed":0,"gold_gain":0,"cards_transformed":["Strike_R"],"player_choice":"Change","damage_taken":0,"max_hp_gain":0,"max_hp_loss":0,"event_name":"Living Wall","floor":3,"gold_loss":0,"cards_obtained":["Reckless Charge"]},{"damage_healed":0,"gold_gain":0,"player_choice":"Rummage","damage_taken":0,"relics_obtained":["WarpedTongs"],"max_hp_gain":0,"max_hp_loss":0,"event_name":"Accursed Blacksmith","floor":5,"gold_loss":0,"cards_obtained":["Pain"]},{"damage_healed":0,"gold_gain":0,"player_choice":"Success","damage_taken":26,"relics_obtained":["CaptainsWheel"],"max_hp_gain":0,"max_hp_loss":0,"event_name":"Scrap Ooze","floor":14,"gold_loss":0},{"damage_healed":0,"gold_gain":0,"player_choice":"Shed Blood","damage_taken":30,"max_hp_gain":5,"max_hp_loss":0,"event_name":"Forgotten Altar","floor":19,"gold_loss":0},{"damage_healed":0,"gold_gain":0,"player_choice":"Trade","damage_taken":0,"relics_obtained":["CultistMask"],"max_hp_gain":0,"max_hp_loss":0,"event_name":"FaceTrader","floor":21,"gold_loss":0}],"is_beta":false,"boss_relics":[{"not_picked":["Mark of Pain","Busted Crown"],"picked":"Philosopher\u0027s Stone"}],"items_purged_floors":[13],"is_endless":false,"potions_floor_spawned":[1,2,7,10,16,20,22],"killed_by":"Gremlin Leader","ascension_level":18}}