{"host":"sc0o2qwpf9j16a4i","time":1609329919,"event":{"mods":["AchievementEnabler","BaseMod","BetterRewards","Block Reminder","Colored Map","Colored Powertips","Custom Start","Highlight Path","Minty Spire (QoL Compilation)","Relic Stats"],"gold_per_floor":[116,135,135,155,171,171,184,184,184,211,18,64,36,54,54,54,54],"floor_reached":16,"playtime":400,"items_purged":["Strike_G"],"score":184,"play_id":"acc761f0-397d-4b86-a07b-203f4bb6d027","local_time":"20201230140519","is_ascension_mode":true,"campfire_choices":[{"data":"Neutralize","floor":6,"key":"SMITH"},{"floor":8,"key":"REST"},{"data":"Choke","floor":15,"key":"SMITH"}],"circlet_count":0,"master_deck":["AscendersBane","Strike_G","Strike_G","Strike_G","Strike_G","Defend_G","Defend_G","Defend_G","Defend_G","Defend_G","Survivor","Neutralize+1","Distraction","Dagger Spray","Expertise+1","Choke+1","Crippling Poison+1","Blade Dance+1"],"relics":["Busted Crown","Toxic Egg 2","Odd Mushroom","Tiny Chest"],"acts_visited":["Exordium"],"potions_floor_usage":[16],"damage_taken":[{"damage":4,"enemies":"Jaw Worm","floor":1,"turns":5},{"damage":8,"enemies":"Small Slimes","floor":2,"turns":4},{"damage":1,"enemies":"Cultist","floor":4,"turns":4},{"damage":1,"enemies":"Looter","floor":5,"turns":4},{"damage":13,"enemies":"Large Slime","floor":7,"turns":6},{"damage":8,"enemies":"The Mushroom Lair","floor":10,"turns":5},{"damage":5,"enemies":"Red Slaver","floor":14,"turns":3},{"damage":55,"enemies":"Hexaghost","floor":16,"turns":11}],"seed_played":"-8020357498013621850","potions_obtained":[{"floor":4,"key":"Ancient Potion"},{"floor":10,"key":"Energy Potion"},{"floor":14,"key":"Regen Potion"}],"is_trial":false,"path_per_floor":["M","M","?","M","M","R","M","R","T","?","$","T","$","M","R","B"],"character_chosen":"THE_SILENT","items_purchased":["Choke","Crippling Poison+1","Blade Dance+1"],"campfire_rested":1,"item_purchase_floors":[11,11,13],"current_hp_per_floor":[55,47,47,46,45,45,32,51,51,43,43,43,43,38,38,0,0],"gold":54,"neow_bonus":"BOSS_RELIC","is_daily":false,"chose_seed":false,"campfire_upgraded":2,"win_rate":0.0,"timestamp":1609329919,"path_taken":["M","M","?","M","M","R","M","R","T","?","$","?","$","M","R","BOSS"],"items_purchased_type":["Card","Card","Card"],"build_version":"2020-12-22","purchased_purges":1,"victory":false,"max_hp_per_floor":[66,66,66,66,66,66,66,66,66,66,66,66,66,66,66,66,66],"relic_stats":{"Busted Crown":14,"counters":[8,42],"Tiny Chest":0,"obtain_stats":[{"Busted Crown":0,"Tiny Chest":12,"Toxic Egg 2":9,"Odd Mushroom":10,"Ring of the Snake":0},{"Busted Crown":0,"Tiny Chest":6,"Toxic Egg 2":5,"Odd Mushroom":6,"Ring of the Snake":0},{"Busted Crown":0,"Tiny Chest":28,"Toxic Egg 2":23,"Odd Mushroom":28,"Ring of the Snake":0}]},"card_choices":[{"not_picked":["Cloak And Dagger"],"picked":"SKIP","floor":1},{"not_picked":["Outmaneuver"],"picked":"SKIP","floor":2},{"not_picked":["Slice"],"picked":"SKIP","floor":4},{"not_picked":[],"picked":"Distraction","floor":5},{"not_picked":[],"picked":"Dagger Spray","floor":7},{"not_picked":[],"picked":"Expertise+1","floor":10},{"not_picked":["Flying Knee"],"picked":"SKIP","floor":14}],"player_experience":439961,"relics_obtained":[{"floor":9,"key":"Toxic Egg 2"},{"floor":10,"key":"Odd Mushroom"},{"floor":12,"key":"Tiny Chest"}],"event_choices":[{"damage_healed":0,"gold_gain":0,"player_choice":"Leave","damage_taken":0,"max_hp_gain":0,"max_hp_loss":0,"event_name":"The Cleric","floor":3,"gold_loss":0},{"damage_healed":0,"gold_gain":0,"player_choice":"Fought Mushrooms","damage_taken":0,"max_hp_gain":0,"max_hp_loss":0,"event_name":"Mushrooms","floor":10,"gold_loss":0}],"is_beta":false,"boss_relics":[],"items_purged_floors":[11],"is_endless":false,"potions_floor_spawned":[4,10,14],"killed_by":"Hexaghost","ascension_level":20}}