{"host":"os7ajuuouznx3pj7","time":1609296437,"event":{"mods":["AchievementEnabler","BaseMod","Bestiary","Block Reminder","Colored Map","Colored Powertips","Keyboard Shortcuts","Minty Spire (QoL Compilation)","Quick Restart","Relic Stats","SuperFastMode"],"gold_per_floor":[112,61,79,93,93,93,93,108,108,142,142,13,13,25,25,101,101,119,136,136,151,17,17,17,17],"floor_reached":24,"playtime":2004,"items_purged":["Strike_R"],"score":372,"play_id":"c424e6c6-0fb5-4f22-93cf-06bc077b97c0","local_time":"20201230004717","is_ascension_mode":true,"campfire_choices":[{"floor":6.0,"key":"REST"},{"floor":11.0,"key":"REST"},{"floor":13.0,"key":"REST"},{"data":"Shockwave","floor":15.0,"key":"SMITH"},{"floor":23,"key":"REST"}],"circlet_count":0,"master_deck":["AscendersBane","Strike_R","Strike_R","Strike_R+1","Strike_R+1","Defend_R","Defend_R","Defend_R","Bash","Pommel Strike","Shockwave+1","Immolate","Shrug It Off","Fiend Fire","Ghostly Armor"],"relics":["SacredBark","Strawberry","White Beast Statue","Boot","Black Star"],"acts_visited":["Exordium","TheCity"],"potions_floor_usage":[18,21,24],"damage_taken":[{"damage":9.0,"enemies":"Jaw Worm","floor":1.0,"turns":3.0},{"damage":7.0,"enemies":"Cultist","floor":3.0,"turns":4.0},{"damage":4.0,"enemies":"Small Slimes","floor":4.0,"turns":4.0},{"damage":9.0,"enemies":"3 Louse","floor":8.0,"turns":2.0},{"damage":25.0,"enemies":"Lagavulin","floor":10.0,"turns":5.0},{"damage":4.0,"enemies":"Red Slaver","floor":14.0,"turns":3.0},{"damage":32.0,"enemies":"The Guardian","floor":16.0,"turns":6.0},{"damage":18,"enemies":"Chosen","floor":18,"turns":4},{"damage":33,"enemies":"Spheric Guardian","floor":19,"turns":4},{"damage":26,"enemies":"Snake Plant","floor":21,"turns":5},{"damage":33,"enemies":"Gremlin Leader","floor":24,"turns":6}],"seed_played":"7707087859533656035","potions_obtained":[{"floor":3.0,"key":"DuplicationPotion"},{"floor":4.0,"key":"Energy Potion"},{"floor":10.0,"key":"SpeedPotion"},{"floor":14.0,"key":"AttackPotion"},{"floor":16.0,"key":"Explosive Potion"},{"floor":18,"key":"ElixirPotion"},{"floor":19,"key":"Weak Potion"},{"floor":21,"key":"ElixirPotion"}],"is_trial":false,"path_per_floor":["M","?","M","M","?","R","?","M","T","E","R","$","R","M","R","B",null,"M","M","?","M","$","R","E"],"character_chosen":"IRONCLAD","items_purchased":["AttackPotion","Ghostly Armor","AttackPotion"],"campfire_rested":4,"item_purchase_floors":[12,22,22],"current_hp_per_floor":[59,66,59,55,30,54,54,45,45,20,44,44,68,64,64,32,70,52,19,35,9,9,33,0,0],"gold":17,"neow_bonus":"BOSS_RELIC","is_daily":false,"chose_seed":false,"campfire_upgraded":1,"win_rate":0.0,"timestamp":1609296437,"path_taken":["M","?","M","?","?","R","?","?","T","E","R","$","R","M","R","BOSS","M","M","?","M","$","R","E"],"items_purchased_type":["Potion","Card","Potion"],"build_version":"2020-12-22","purchased_purges":1,"victory":false,"max_hp_per_floor":[75,82,82,82,82,82,82,82,82,82,82,82,82,82,82,82,82,82,82,82,82,82,82,82,82],"relic_stats":{"counters":[11,46],"Black Star":0,"Boot":[8],"obtain_stats":[{"SacredBark":0,"Strawberry":2,"Black Star":17,"Boot":10,"Burning Blood":0,"White Beast Statue":9},{"SacredBark":0,"Strawberry":1,"Black Star":7,"Boot":5,"Burning Blood":0,"White Beast Statue":4},{"SacredBark":0,"Strawberry":3,"Black Star":27,"Boot":18,"Burning Blood":0,"White Beast Statue":13}]},"card_choices":[{"not_picked":["Clothesline","Warcry","Flex"],"picked":"SKIP","floor":1.0},{"not_picked":["Anger","Armaments","Entrench"],"picked":"SKIP","floor":3.0},{"not_picked":["Sentinel","Bloodletting"],"picked":"Pommel Strike","floor":4.0},{"not_picked":["Metallicize","Uppercut"],"picked":"Shockwave","floor":8.0},{"not_picked":["Cleave","Anger","Twin Strike"],"picked":"SKIP","floor":10.0},{"not_picked":["Clothesline","Cleave","Body Slam"],"picked":"SKIP","floor":14.0},{"not_picked":["Fiend Fire","Offering"],"picked":"Immolate","floor":16.0},{"not_picked":["Blood for Blood+1","Heavy Blade","Flex"],"picked":"SKIP","floor":18},{"not_picked":["Ghostly Armor","Pummel"],"picked":"Shrug It Off","floor":19},{"not_picked":["Second Wind+1","Twin Strike"],"picked":"Fiend Fire","floor":21}],"player_experience":693142,"relics_obtained":[{"floor":9.0,"key":"White Beast Statue"},{"floor":10.0,"key":"Boot"}],"event_choices":[{"damage_healed":0.0,"max_hp_gain":0.0,"max_hp_loss":0.0,"gold_gain":0.0,"event_name":"WeMeetAgain","player_choice":"Paid Gold","floor":2.0,"gold_loss":51.0,"damage_taken":0.0,"relics_obtained":["Strawberry"]},{"damage_healed":0.0,"max_hp_gain":0.0,"max_hp_loss":0.0,"gold_gain":0.0,"event_name":"Shining Light","player_choice":"Entered Light","floor":5.0,"gold_loss":0.0,"damage_taken":25.0,"cards_upgraded":["Strike_R","Strike_R"]},{"cards_removed":["Defend_R"],"damage_healed":0.0,"max_hp_gain":0.0,"max_hp_loss":0.0,"gold_gain":0.0,"event_name":"Purifier","player_choice":"Purged","floor":7.0,"gold_loss":0.0,"damage_taken":0.0},{"damage_healed":16,"gold_gain":0,"player_choice":"Heal","damage_taken":0,"max_hp_gain":0,"max_hp_loss":0,"event_name":"The Library","floor":20,"gold_loss":0}],"is_beta":false,"boss_relics":[{"not_picked":["Calling Bell","Tiny House"],"picked":"Black Star"}],"items_purged_floors":[12],"is_endless":false,"potions_floor_spawned":[3,4,10,14,16,18,19,21],"killed_by":"Gremlin Leader","ascension_level":18}}