{"host":"7r6bd5ce6zscnmwq","time":1609359680,"event":{"mods":["BaseMod","Better Altar","Better Match","Better Note","Better Sensory Stone","Better Skull","Better Third Choice","Better Vampires","Block Reminder","Colored Powertips","Displayed Cursed Tome","Minty Spire (QoL Compilation)","Permanent Neow","Quick Restart","Shop Mod","Spicy Shops","StSLib","The Marked"],"gold_per_floor":[20,20,40,51,71,101,101,131,131,131,145,145,159,14,14,113,113,128,128,53,103,25,25,42,42,42,54,73,73,172,185,185,289,289,301,301,319,371,388,388,423,423,477,505,97,97,108,121,121,121,121,121,27,53,53,53],"floor_reached":55,"playtime":4637,"items_purged":["theMarked:Defend","Writhe"],"score":866,"play_id":"eb91a807-b629-4411-b2fc-30fe6218ccf1","local_time":"20201231052120","is_ascension_mode":true,"campfire_choices":[{"floor":7.0,"key":"REST"},{"data":"1","floor":10.0,"key":"LIFT"},{"data":"2","floor":15.0,"key":"LIFT"},{"data":"3","floor":23,"key":"LIFT"},{"data":"theMarked:Strike","floor":25,"key":"PURGE"},{"floor":29,"key":"REST"},{"data":"theMarked:Defend","floor":32,"key":"PURGE"},{"floor":40,"key":"REST"},{"floor":42,"key":"REST"},{"data":"theMarked:Strike","floor":46,"key":"PURGE"},{"floor":49,"key":"RECALL"},{"data":"theMarked:Strike","floor":52,"key":"PURGE"}],"circlet_count":0,"master_deck":["theMarked:Strike","theMarked:Defend","theMarked:Defend","theMarked:SoldierOfQuellstein+1","theMarked:WastefulAttack","theMarked:Snap","theMarked:HeightenedSenses","theMarked:Reabsorb","theMarked:ChainLightning","theMarked:ParalyzingBlade","theMarked:ReduceFriction","theMarked:EnhanceMovement","theMarked:SummonStrength","theMarked:Snap","theMarked:GodGivenPower","theMarked:EnhanceMovement","theMarked:Polarize+1","Clumsy","theMarked:SelfDefenseTraining+1","theMarked:Overthink+1","Panacea"],"relics":["theMarked:ArtifactOfAir","Girya","Bottled Lightning","Peace Pipe","Busted Crown","FossilizedHelix","DollysMirror","Strawberry","Cursed Key","Thread and Needle","Singing Bowl","CaptainsWheel","Medical Kit","HornCleat","Nunchaku"],"acts_visited":["Exordium","TheCity","TheBeyond","TheEnding"],"potions_floor_usage":[28,33,33,50,55],"damage_taken":[{"damage":1.0,"enemies":"Cultist","floor":1.0,"turns":3.0},{"damage":2.0,"enemies":"Jaw Worm","floor":3.0,"turns":3.0},{"damage":0.0,"enemies":"Small Slimes","floor":4.0,"turns":2.0},{"damage":15.0,"enemies":"2 Fungi Beasts","floor":5.0,"turns":3.0},{"damage":26.0,"enemies":"Lagavulin","floor":6.0,"turns":4.0},{"damage":13.0,"enemies":"3 Sentries","floor":8.0,"turns":5.0},{"damage":7.0,"enemies":"Looter","floor":11.0,"turns":3.0},{"damage":0.0,"enemies":"Red Slaver","floor":13.0,"turns":1.0},{"damage":0.0,"enemies":"Slime Boss","floor":16.0,"turns":4.0},{"damage":12.0,"enemies":"2 Thieves","floor":18.0,"turns":2.0},{"damage":25,"enemies":"3 Byrds","floor":24,"turns":5},{"damage":0,"enemies":"Cultist and Chosen","floor":27,"turns":3},{"damage":27,"enemies":"Snake Plant","floor":28,"turns":3},{"damage":0,"enemies":"Snecko","floor":31,"turns":3},{"damage":6,"enemies":"Automaton","floor":33,"turns":6},{"damage":0,"enemies":"Orb Walker","floor":35,"turns":2},{"damage":20,"enemies":"3 Shapes","floor":37,"turns":4},{"damage":14,"enemies":"2 Orb Walkers","floor":38,"turns":3},{"damage":0,"enemies":"Maw","floor":39,"turns":6},{"damage":33,"enemies":"Reptomancer","floor":41,"turns":6},{"damage":0,"enemies":"Giant Head","floor":44,"turns":6},{"damage":0,"enemies":"Transient","floor":47,"turns":5},{"damage":0,"enemies":"Spire Growth","floor":48,"turns":3},{"damage":3,"enemies":"Awakened One","floor":50,"turns":14},{"damage":59,"enemies":"Shield and Spear","floor":54,"turns":5},{"damage":73,"enemies":"The Heart","floor":55,"turns":5}],"seed_played":"-7191062176044435450","potions_obtained":[{"floor":3.0,"key":"Strength Potion"},{"floor":8.0,"key":"FairyPotion"},{"floor":11.0,"key":"Energy Potion"},{"floor":13.0,"key":"Energy Potion"},{"floor":27,"key":"Regen Potion"},{"floor":28,"key":"DuplicationPotion"},{"floor":37,"key":"Dexterity Potion"},{"floor":41,"key":"LiquidBronze"}],"is_trial":false,"path_per_floor":["M","?","M","M","M","E","R","E","T","R","M","?","M","$","R","B",null,"M","?","?","?","$","R","M","R","T","M","M","R","?","M","R","B",null,"M","?","M","?","M","R","E","R","T","E","$","R","M","M","R","B",null,"R","$","E","B"],"character_chosen":"THE_DEFAULT","items_purchased":["theMarked:EnhanceMovement","DollysMirror","Medical Kit","HornCleat","Panacea"],"campfire_rested":4,"item_purchase_floors":[14,22,45,45,53],"current_hp_per_floor":[69,69,67,67,52,26,47,34,34,34,27,27,27,27,27,27,70,58,58,58,58,58,58,33,33,40,40,22,45,45,45,45,39,77,77,77,57,43,43,66,35,58,58,60,60,60,60,60,60,57,81,81,81,24,0,0],"gold":53,"neow_bonus":"ONE_RARE_RELIC","is_daily":false,"chose_seed":false,"campfire_upgraded":0,"win_rate":0.0,"timestamp":1609359680,"path_taken":["M","?","M","M","M","E","R","E","T","R","?","?","M","?","R","BOSS","M","?","?","?","$","R","?","R","T","M","?","R","?","M","R","BOSS","M","?","M","?","M","R","E","R","T","E","$","R","?","M","R","BOSS","R","$","E","BOSS"],"items_purchased_type":["Card","Relic","Relic","Relic","Card"],"build_version":"2020-12-22","purchased_purges":2,"victory":false,"max_hp_per_floor":[70,70,70,70,70,70,70,70,70,70,70,70,70,70,70,70,70,70,70,70,70,70,70,70,70,77,77,77,77,77,77,77,77,77,77,77,77,77,77,77,79,79,79,81,81,81,81,81,81,81,81,81,81,83,83,83],"card_choices":[{"not_picked":["theMarked:Parkour","theMarked:SwordAndMagic"],"picked":"theMarked:WastefulAttack","floor":1.0},{"not_picked":["theMarked:PowerFlow","theMarked:ElectricStrings"],"picked":"theMarked:HeightenedSenses","floor":3.0},{"not_picked":["theMarked:HeightenedSenses","theMarked:StartUp"],"picked":"theMarked:Reabsorb","floor":4.0},{"not_picked":["theMarked:WastefulAttack","theMarked:TwofoldDefense"],"picked":"theMarked:ChainLightning","floor":5.0},{"not_picked":["theMarked:WastefulAttack","theMarked:Panic","theMarked:EternalStudent"],"picked":"SKIP","floor":6.0},{"not_picked":["theMarked:Opportunist","theMarked:Aftermath","theMarked:ElectricStrings"],"picked":"SKIP","floor":8.0},{"not_picked":["theMarked:SwordAndMagic","theMarked:Overcharge"],"picked":"theMarked:ParalyzingBlade","floor":11.0},{"not_picked":["theMarked:MaelstromOfLightning","theMarked:TwofoldDefense"],"picked":"theMarked:ReduceFriction","floor":13.0},{"not_picked":["theMarked:Levitate","theMarked:Snap"],"picked":"theMarked:SummonStrength","floor":16.0},{"not_picked":["theMarked:Improvise"],"picked":"SKIP","floor":18.0},{"not_picked":["theMarked:LightningStrikesTwice"],"picked":"SKIP","floor":24},{"not_picked":["theMarked:Seal"],"picked":"SKIP","floor":27},{"not_picked":["theMarked:Aftermath+1"],"picked":"SKIP","floor":28},{"not_picked":[],"picked":"theMarked:GodGivenPower","floor":31},{"not_picked":[],"picked":"theMarked:EnhanceMovement","floor":35},{"not_picked":[],"picked":"theMarked:Polarize+1","floor":37},{"not_picked":["theMarked:BanishingStrike+1"],"picked":"SKIP","floor":39},{"not_picked":["theMarked:SelfDefenseTraining"],"picked":"Singing Bowl","floor":41},{"not_picked":["theMarked:Frustration"],"picked":"Singing Bowl","floor":44},{"not_picked":[],"picked":"theMarked:SelfDefenseTraining+1","floor":47},{"not_picked":[],"picked":"theMarked:Overthink+1","floor":48},{"not_picked":["theMarked:Frustration"],"picked":"Singing Bowl","floor":54}],"player_experience":612817,"relics_obtained":[{"floor":6.0,"key":"Bottled Lightning"},{"floor":9.0,"key":"Peace Pipe"},{"floor":26,"key":"Strawberry"},{"floor":38,"key":"Thread and Needle"},{"floor":41,"key":"Singing Bowl"},{"floor":44,"key":"CaptainsWheel"},{"floor":54,"key":"Nunchaku"}],"event_choices":[{"damage_healed":0.0,"max_hp_gain":0.0,"max_hp_loss":0.0,"gold_gain":0.0,"cards_transformed":["theMarked:Strike"],"event_name":"Transmorgrifier","player_choice":"Transformed","floor":2.0,"gold_loss":0.0,"damage_taken":0.0,"cards_obtained":["theMarked:Snap"]},{"damage_healed":0.0,"max_hp_gain":0.0,"max_hp_loss":0.0,"gold_gain":0.0,"event_name":"Accursed Blacksmith","player_choice":"Forge","floor":12.0,"gold_loss":0.0,"damage_taken":0.0,"cards_upgraded":["theMarked:SoldierOfQuellstein"]},{"damage_healed":0.0,"max_hp_gain":0.0,"max_hp_loss":0.0,"gold_gain":0.0,"event_name":"The Mausoleum","player_choice":"Opened","floor":19.0,"gold_loss":0.0,"damage_taken":0.0,"relics_obtained":["FossilizedHelix"],"cards_obtained":["Writhe"]},{"cards_removed":["Writhe"],"damage_healed":0.0,"max_hp_gain":0.0,"max_hp_loss":0.0,"gold_gain":0.0,"event_name":"Beggar","player_choice":"Gave Gold","floor":20.0,"gold_loss":75.0,"damage_taken":0.0},{"damage_healed":0,"gold_gain":100,"player_choice":"Bet on Murderer","damage_taken":0,"max_hp_gain":0,"max_hp_loss":0,"event_name":"The Joust","floor":21,"gold_loss":50},{"damage_healed":0,"gold_gain":99,"player_choice":"Steal","damage_taken":0,"max_hp_gain":0,"max_hp_loss":0,"event_name":"betterThird:BetterNest","floor":30,"gold_loss":0},{"damage_healed":0,"gold_gain":0,"player_choice":"Ignored","damage_taken":0,"max_hp_gain":0,"max_hp_loss":0,"event_name":"Tomb of Lord Red Mask","floor":36,"gold_loss":0},{"damage_healed":0,"gold_gain":0,"player_choice":"Fight","damage_taken":0,"max_hp_gain":0,"max_hp_loss":0,"event_name":"Mysterious Sphere","floor":38,"gold_loss":0}],"is_beta":false,"boss_relics":[{"not_picked":["Ectoplasm","Tiny House"],"picked":"Busted Crown"},{"not_picked":["SlaversCollar","Sozu"],"picked":"Cursed Key"}],"items_purged_floors":[14,45],"is_endless":false,"potions_floor_spawned":[3,8,11,13,27,28,37,41,44,48],"killed_by":"The Heart","ascension_level":2}}