{"host":"c936que3p8rnl5ii","time":1609317329,"event":{"mods":["AchievementEnabler","BaseMod","Block Reminder","Colored Powertips","DeckTracker","Minty Spire (QoL Compilation)","Quick Restart","StSLib"],"gold_per_floor":[17,17,17,35,49,59,59,23,23,23,36,36,36,49,49,173,173,189,189,189,204,204,204,204,204,204,220,220,220],"floor_reached":28,"playtime":1306,"items_purged":[],"score":208,"play_id":"b3e861d9-5dc0-43c9-8a95-a18faed74a03","local_time":"20201230033529","is_ascension_mode":false,"campfire_choices":[{"data":"Creative AI","floor":7,"key":"SMITH"},{"data":"Fusion","floor":12,"key":"SMITH"},{"floor":15,"key":"REST"},{"floor":23,"key":"REST"}],"circlet_count":0,"master_deck":["Strike_B","Strike_B","Strike_B","Strike_B","Defend_B","Defend_B","Defend_B","Defend_B","Zap","Dualcast","Creative AI+1","Force Field","Sweeping Beam","Aggregate","Beam Cell","Fusion+1","Steam","Thunder Strike","Steam","Clumsy","Normality","Buffer"],"relics":["Cracked Core","Bag of Preparation","Golden Idol","Cursed Key","MutagenicStrength","Nloth\u0027s Gift","Question Card"],"acts_visited":["Exordium","TheCity"],"potions_floor_usage":[4,6,14,14,16],"damage_taken":[{"damage":4,"enemies":"Cultist","floor":1,"turns":4},{"damage":0,"enemies":"Small Slimes","floor":4,"turns":2},{"damage":8,"enemies":"Jaw Worm","floor":5,"turns":5},{"damage":9,"enemies":"Blue Slaver","floor":6,"turns":7},{"damage":1,"enemies":"Exordium Thugs","floor":11,"turns":4},{"damage":5,"enemies":"Gremlin Gang","floor":14,"turns":3},{"damage":52,"enemies":"The Guardian","floor":16,"turns":10},{"damage":38,"enemies":"Chosen","floor":18,"turns":7},{"damage":6,"enemies":"Shell Parasite","floor":21,"turns":8},{"damage":33,"enemies":"Centurion and Healer","floor":27,"turns":6},{"damage":21,"enemies":"3 Cultists","floor":28,"turns":3}],"seed_played":"-819279816519591637","potions_obtained":[{"floor":2,"key":"Regen Potion"},{"floor":2,"key":"ColorlessPotion"},{"floor":2,"key":"FocusPotion"},{"floor":6,"key":"Fruit Juice"},{"floor":11,"key":"Fire Potion"},{"floor":16,"key":"FearPotion"},{"floor":18,"key":"CultistPotion"}],"is_trial":false,"path_per_floor":["M","?","$","M","M","M","R","$","T","$","M","R","?","M","R","B",null,"M","?","?","M","T","R","?","?","T","M","M"],"character_chosen":"DEFECT","items_purchased":["Fusion"],"campfire_rested":2,"item_purchase_floors":[8],"current_hp_per_floor":[71,71,71,71,63,59,59,59,59,59,58,58,58,62,74,22,74,36,36,36,30,30,52,52,52,52,19,0,0],"gold":220,"neow_bonus":"THREE_RARE_CARDS","is_daily":false,"chose_seed":false,"campfire_upgraded":2,"win_rate":0.0,"timestamp":1609317329,"path_taken":["M","?","$","M","?","M","R","$","T","?","?","R","?","M","R","BOSS","M","?","?","M","?","R","?","?","T","M","M"],"items_purchased_type":["Card"],"build_version":"2020-12-22","purchased_purges":0,"victory":false,"max_hp_per_floor":[75,75,75,75,75,80,80,80,80,80,80,80,74,74,74,74,74,74,74,74,74,74,74,74,74,74,74,74,74],"card_choices":[{"not_picked":["Fission","Rainbow"],"picked":"Creative AI","floor":0},{"not_picked":["Ball Lightning","Coolheaded"],"picked":"Force Field","floor":1},{"not_picked":["Blizzard","Force Field"],"picked":"Sweeping Beam","floor":4},{"not_picked":["Coolheaded","Sweeping Beam"],"picked":"Aggregate","floor":5},{"not_picked":["Compile Driver","Reprogram"],"picked":"Beam Cell","floor":6},{"not_picked":["Gash","Beam Cell","Redo"],"picked":"SKIP","floor":11},{"not_picked":["Streamline","Creative AI"],"picked":"Steam","floor":14},{"not_picked":["Machine Learning","Buffer"],"picked":"Thunder Strike","floor":16},{"not_picked":["Static Discharge","Sweeping Beam","Turbo"],"picked":"SKIP","floor":18},{"not_picked":["Rip and Tear+1","Coolheaded+1"],"picked":"Steam","floor":21},{"not_picked":["Sunder+1","Defragment","Sweeping Beam+1"],"picked":"Buffer","floor":27}],"player_experience":98728,"relics_obtained":[{"floor":9,"key":"Bag of Preparation"},{"floor":22,"key":"Juzu Bracelet"},{"floor":26,"key":"Question Card"}],"event_choices":[{"damage_healed":0,"gold_gain":0,"player_choice":"Got Potions","damage_taken":0,"max_hp_gain":0,"max_hp_loss":0,"event_name":"Lab","floor":2,"gold_loss":0},{"damage_healed":0,"gold_gain":0,"player_choice":"Lose Max HP","damage_taken":0,"relics_obtained":["Golden Idol"],"max_hp_gain":0,"max_hp_loss":6,"event_name":"Golden Idol","floor":13,"gold_loss":0},{"damage_healed":0,"gold_gain":0,"player_choice":"Ignored","damage_taken":0,"max_hp_gain":0,"max_hp_loss":0,"event_name":"Beggar","floor":19,"gold_loss":0},{"damage_healed":0,"gold_gain":0,"player_choice":"Inject Mutagens","damage_taken":0,"relics_obtained":["MutagenicStrength"],"max_hp_gain":0,"max_hp_loss":0,"event_name":"Drug Dealer","floor":20,"gold_loss":0},{"damage_healed":0,"gold_gain":0,"player_choice":"Ignored","damage_taken":0,"max_hp_gain":0,"max_hp_loss":0,"event_name":"Ghosts","floor":24,"gold_loss":0},{"damage_healed":0,"gold_gain":0,"player_choice":"Traded Relic","damage_taken":0,"relics_obtained":["Nloth\u0027s Gift"],"max_hp_gain":0,"max_hp_loss":0,"event_name":"N\u0027loth","floor":25,"relics_lost":["Juzu Bracelet"],"gold_loss":0}],"is_beta":false,"boss_relics":[{"not_picked":["Coffee Dripper","Busted Crown"],"picked":"Cursed Key"}],"items_purged_floors":[],"is_endless":false,"potions_floor_spawned":[6,11,16,18],"killed_by":"3 Cultists","ascension_level":0}}