{"host":"sxnl403xm2xmiyj1","time":1609341941,"event":{"mods":["AchievementEnabler","BaseMod","Colored Map","Keyboard Shortcuts","Minty Spire (QoL Compilation)","Quick Restart","StSLib","SuperFastMode"],"gold_per_floor":[117,131,47,47,57,92,92,102,102,102,2,79,99,110,110,186,186,200,219,219,238,249,249,249],"floor_reached":23,"playtime":645,"items_purged":[],"score":380,"play_id":"e361f940-35f1-4ac5-b83e-ca5a8c9a2216","local_time":"20201231002541","is_ascension_mode":true,"campfire_choices":[{"data":"Hologram","floor":7.0,"key":"SMITH"},{"data":"Strike_B","floor":10.0,"key":"PURGE"},{"data":"Defragment","floor":15.0,"key":"SMITH"}],"circlet_count":0,"master_deck":["AscendersBane","Defend_B","Defend_B","Defend_B","Defend_B","Zap","Dualcast","Reinforced Body","Chill","Streamline","Sweeping Beam","Machine Learning","Hologram+1","Coolheaded","Compile Driver","Defragment+1","Barrage","Conserve Battery","Coolheaded","Machine Learning","Stack+1","Auto Shields+1","Loop+1","Gash+1","Barrage","Compile Driver+1","Conserve Battery"],"relics":["Cracked Core","Peace Pipe","Art of War","Astrolabe"],"acts_visited":["Exordium","TheCity"],"potions_floor_usage":[23],"damage_taken":[{"damage":0.0,"enemies":"Small Slimes","floor":1.0,"turns":2.0},{"damage":0.0,"enemies":"Cultist","floor":2.0,"turns":4.0},{"damage":0.0,"enemies":"Jaw Worm","floor":5.0,"turns":3.0},{"damage":16.0,"enemies":"Lagavulin","floor":6.0,"turns":7.0},{"damage":11.0,"enemies":"3 Louse","floor":8.0,"turns":4.0},{"damage":0.0,"enemies":"2 Fungi Beasts","floor":13.0,"turns":3.0},{"damage":0.0,"enemies":"Exordium Wildlife","floor":14.0,"turns":5.0},{"damage":12.0,"enemies":"Slime Boss","floor":16.0,"turns":14.0},{"damage":6.0,"enemies":"Chosen","floor":18.0,"turns":6.0},{"damage":10.0,"enemies":"Spheric Guardian","floor":19.0,"turns":6.0},{"damage":3.0,"enemies":"Snecko","floor":21.0,"turns":7.0},{"damage":17.0,"enemies":"Shelled Parasite and Fungi","floor":22.0,"turns":7.0},{"damage":17,"enemies":"Slavers","floor":23,"turns":3}],"seed_played":"7955736871980383705","potions_obtained":[{"floor":2.0,"key":"Weak Potion"},{"floor":5.0,"key":"FearPotion"},{"floor":14.0,"key":"DistilledChaos"},{"floor":18.0,"key":"Explosive Potion"},{"floor":21.0,"key":"BlessingOfTheForge"}],"is_trial":false,"path_per_floor":["M","M","$","?","M","E","R","M","T","R","$","?","M","M","R","B",null,"M","M","?","M","M","E"],"character_chosen":"DEFECT","items_purchased":["Streamline","Sweeping Beam","Defragment","Barrage"],"campfire_rested":0,"item_purchase_floors":[3,3,11,11],"current_hp_per_floor":[46,46,46,46,46,30,30,19,19,19,19,19,19,19,19,7,55,49,39,39,36,19,2,2],"gold":249,"neow_bonus":"ONE_RARE_RELIC","is_daily":false,"chose_seed":false,"campfire_upgraded":2,"win_rate":0.0,"timestamp":1609341941,"path_taken":["M","M","$","?","M","E","R","?","T","R","$","?","M","M","R","BOSS","M","M","?","M","M","E"],"items_purchased_type":["Card","Card","Card","Card"],"build_version":"2020-12-22","purchased_purges":0,"victory":false,"max_hp_per_floor":[71,71,71,71,71,71,71,71,71,71,71,71,71,71,71,71,71,71,71,71,71,71,71,71],"card_choices":[{"not_picked":["Compile Driver","White Noise"],"picked":"Reinforced Body","floor":1.0},{"not_picked":["Double Energy","Scrape"],"picked":"Chill","floor":2.0},{"not_picked":["Recycle","Go for the Eyes"],"picked":"Hologram","floor":5.0},{"not_picked":["Beam Cell","Storm"],"picked":"Coolheaded","floor":6.0},{"not_picked":["White Noise","Double Energy"],"picked":"Compile Driver","floor":8.0},{"not_picked":["Melter","White Noise"],"picked":"Conserve Battery","floor":13.0},{"not_picked":["Leap","Gash"],"picked":"Coolheaded","floor":14.0},{"not_picked":["Core Surge","Creative AI"],"picked":"Machine Learning","floor":16.0},{"not_picked":["Streamline","Stack"],"picked":"Gash+1","floor":18.0},{"not_picked":["Redo","BootSequence"],"picked":"Barrage","floor":19.0},{"not_picked":["Loop","Sweeping Beam"],"picked":"Compile Driver+1","floor":21.0},{"not_picked":["Force Field","Darkness"],"picked":"Conserve Battery","floor":22.0}],"player_experience":138631,"relics_obtained":[{"floor":6.0,"key":"Art of War"}],"event_choices":[{"damage_healed":0.0,"max_hp_gain":0.0,"max_hp_loss":0.0,"gold_gain":0.0,"event_name":"Match and Keep!","player_choice":"2 cards matched","floor":4.0,"gold_loss":0.0,"damage_taken":0.0,"cards_obtained":["Streamline","Machine Learning"]},{"damage_healed":0.0,"max_hp_gain":0.0,"max_hp_loss":0.0,"gold_gain":77.0,"event_name":"Golden Wing","player_choice":"Gained Gold","floor":12.0,"gold_loss":0.0,"damage_taken":0.0},{"cards_removed":["Strike_B"],"damage_healed":0.0,"max_hp_gain":0.0,"max_hp_loss":0.0,"gold_gain":0.0,"event_name":"Back to Basics","player_choice":"Elegance","floor":20.0,"gold_loss":0.0,"damage_taken":0.0}],"is_beta":false,"boss_relics":[{"not_picked":["SacredBark","Nuclear Battery"],"picked":"Astrolabe"}],"items_purged_floors":[],"is_endless":false,"potions_floor_spawned":[2,5,14,18,21],"killed_by":"Slavers","ascension_level":19}}