{"host":"474oh00kq6ni8dn3","time":1609319720,"event":{"mods":["AchievementEnabler","Aspiration","BaseMod","Colored Map","Colored Powertips","Conspire","Custom Start","Downfall","Googly Eyes","Hubris","Infinite Spire","Lobotomy","Minty Spire (QoL Compilation)","Permanent Neow","Quick Restart","Replay The Spire","Shop Mod","StSLib","The Bug Knight","The Construct","The Jungle"],"gold_per_floor":[109,62,12,29,29,72,72,90,90,118,143,143,163,188,188],"floor_reached":14,"playtime":584,"items_purged":[],"score":105,"play_id":"313290c0-bae8-44cd-9687-ffb42bb4976c","local_time":"20201230091520","is_ascension_mode":true,"campfire_choices":[{"floor":7.0,"key":"REST"},{"data":"Heavy Blade","floor":12,"key":"SMITH"}],"circlet_count":0,"master_deck":["Strike_R","Strike_R","Strike_R","Strike_R","Strike_R","Defend_R","Defend_R","Defend_R","Defend_R","Bash","Whirlwind","Flex","conspire:SpireCoStock","Spot Weakness","Heavy Blade+1","Flex"],"relics":["Burning Blood","aspiration:Nostalgia","m_SlimeRing","GremlinMask","Magic Flower","Self Forming Clay","hubris:OldNail"],"acts_visited":["Exordium"],"potions_floor_usage":[],"damage_taken":[{"damage":4.0,"enemies":"Small Slimes","floor":1.0,"turns":4.0},{"damage":1.0,"enemies":"Cultist","floor":4.0,"turns":3.0},{"damage":62.0,"enemies":"Lagavulin","floor":6.0,"turns":9.0},{"damage":6.0,"enemies":"2 Louse","floor":8.0,"turns":2.0},{"damage":11.0,"enemies":"3 Sentries","floor":10.0,"turns":6.0},{"damage":7,"enemies":"Gremlin Gang","floor":11,"turns":6},{"damage":15,"enemies":"Exordium Thugs","floor":13,"turns":4},{"damage":32,"enemies":"Gremlin Nob","floor":14,"turns":5}],"seed_played":"2587996779685575468","potions_obtained":[{"floor":4.0,"key":"DistilledChaos"},{"floor":8.0,"key":"Energy Potion"}],"is_trial":false,"path_per_floor":["M","$","?","M","?","E","R","M","T","E","M","R","M","E"],"character_chosen":"IRONCLAD","items_purchased":["Flex"],"campfire_rested":1,"item_purchase_floors":[2],"current_hp_per_floor":[80,80,80,80,80,24,48,51,51,49,51,51,45,13,13],"gold":188,"neow_bonus":"NOSTALGIA","is_daily":false,"chose_seed":false,"campfire_upgraded":1,"win_rate":0.0,"timestamp":1609319720,"path_taken":["M","$","?","M","?","E","R","?","T","E","M","R","?","E"],"items_purchased_type":["Card"],"build_version":"2020-12-22","purchased_purges":0,"victory":false,"max_hp_per_floor":[80,80,80,80,80,80,80,80,80,80,80,80,80,80,80],"card_choices":[{"not_picked":["Sword Boomerang","Cleave"],"picked":"Whirlwind","floor":1.0},{"not_picked":["Shrug It Off","Perfected Strike"],"picked":"Spot Weakness","floor":4.0},{"not_picked":["Cleave","ReplayTheSpireMod:Corrosion Curse","Warcry"],"picked":"SKIP","floor":6.0},{"not_picked":["Clash","Thunderclap"],"picked":"Heavy Blade","floor":8.0},{"not_picked":["Clash","Run Through","Pommel Strike"],"picked":"SKIP","floor":10.0},{"not_picked":["hubris:CleavingFinish","Shrug It Off"],"picked":"Flex","floor":11},{"not_picked":["Iron Wave","conspire:HitWhereItHurts","Metallicize"],"picked":"SKIP","floor":13}],"player_experience":51057,"relics_obtained":[{"floor":6.0,"key":"Magic Flower"},{"floor":9.0,"key":"Self Forming Clay"},{"floor":10.0,"key":"hubris:OldNail"}],"event_choices":[{"damage_healed":0.0,"max_hp_gain":0.0,"max_hp_loss":0.0,"gold_gain":0.0,"event_name":"conspire:Investor","player_choice":"Invest 1","floor":3.0,"gold_loss":0.0,"damage_taken":0.0},{"damage_healed":0.0,"max_hp_gain":0.0,"max_hp_loss":0.0,"gold_gain":0.0,"event_name":"FaceTrader","player_choice":"Trade","floor":5.0,"gold_loss":0.0,"damage_taken":0.0,"relics_obtained":["GremlinMask"]}],"is_beta":false,"boss_relics":[],"items_purged_floors":[],"is_endless":false,"potions_floor_spawned":[4,8],"killed_by":"Gremlin Nob","ascension_level":1}}