{"host":"q8niu1x2pgv94o1d","time":1609367887,"event":{"mods":["AchievementEnabler","BaseMod","Colored Map","Colored Powertips","Minty Spire (QoL Compilation)","StSLib"],"gold_per_floor":[119,194,206,206,206,206,235,252,252,252,263,278,14,14,14,107,107,148,73,73,73,114,114,139,139],"floor_reached":24,"playtime":1889,"items_purged":["Strike_G"],"score":438,"play_id":"3475567d-6392-4f3c-9bb8-9929d5bb26a6","local_time":"20201230233807","is_ascension_mode":true,"campfire_choices":[{"floor":6.0,"key":"REST"},{"data":"HandOfGreed","floor":15.0,"key":"SMITH"},{"data":"Phantasmal Killer","floor":23,"key":"SMITH"}],"circlet_count":0,"master_deck":["AscendersBane","Defend_G","Defend_G","Defend_G","Survivor","Neutralize","Dagger Throw+1","Terror+1","Quick Slash","Backflip","Dash","Outmaneuver","Glass Knife","HandOfGreed+1","Phantasmal Killer+1","PiercingWail","Blur"],"relics":["Ring of the Snake","Bottled Lightning","Mercury Hourglass","Question Card","Golden Idol","Empty Cage","MutagenicStrength"],"acts_visited":["Exordium","TheCity"],"potions_floor_usage":[22,24],"damage_taken":[{"damage":0.0,"enemies":"2 Louse","floor":1.0,"turns":3.0},{"damage":8.0,"enemies":"Small Slimes","floor":3.0,"turns":3.0},{"damage":0.0,"enemies":"Gremlin Nob","floor":7.0,"turns":3.0},{"damage":0.0,"enemies":"Cultist","floor":8.0,"turns":2.0},{"damage":0.0,"enemies":"Lots of Slimes","floor":11.0,"turns":3.0},{"damage":0.0,"enemies":"Exordium Wildlife","floor":12.0,"turns":5.0},{"damage":10.0,"enemies":"Slime Boss","floor":16.0,"turns":6.0},{"damage":0.0,"enemies":"Chosen","floor":18.0,"turns":3.0},{"damage":12,"enemies":"Shell Parasite","floor":22,"turns":4},{"damage":38,"enemies":"Slavers","floor":24,"turns":4}],"seed_played":"-2816505498407291110","potions_obtained":[{"floor":1.0,"key":"Dexterity Potion"},{"floor":3.0,"key":"Weak Potion"},{"floor":12.0,"key":"SmokeBomb"},{"floor":18.0,"key":"SkillPotion"}],"is_trial":false,"path_per_floor":["M","?","M","?","?","R","E","M","T","T","M","M","$","?","R","B",null,"M","?","?","?","M","R","E"],"character_chosen":"THE_SILENT","items_purchased":["HandOfGreed"],"campfire_rested":1,"item_purchase_floors":[13],"current_hp_per_floor":[59,48,40,33,15,33,33,33,33,33,33,33,33,33,33,23,46,46,46,46,46,34,34,0,0],"gold":139,"neow_bonus":"TRANSFORM_TWO_CARDS","is_daily":false,"chose_seed":false,"campfire_upgraded":2,"win_rate":0.0,"timestamp":1609367887,"path_taken":["M","?","M","?","?","R","E","M","T","?","M","?","?","?","R","BOSS","M","?","?","?","?","R","E"],"items_purchased_type":["Card"],"build_version":"2020-12-22","purchased_purges":1,"victory":false,"max_hp_per_floor":[60,60,60,60,60,60,60,60,60,60,60,60,60,54,54,54,54,54,54,54,54,54,54,54,54],"card_choices":[{"not_picked":["Escape Plan","Riddle With Holes"],"picked":"Quick Slash","floor":1.0},{"not_picked":["Dagger Throw","Infinite Blades"],"picked":"Backflip","floor":3.0},{"not_picked":["Accuracy","Heel Hook","Quick Slash"],"picked":"SKIP","floor":7.0},{"not_picked":["Dodge and Roll","Bane"],"picked":"Dash","floor":8.0},{"not_picked":["Finisher","Skewer","Slice"],"picked":"Outmaneuver","floor":11.0},{"not_picked":["Outmaneuver","Slice","Prepared"],"picked":"Glass Knife","floor":12.0},{"not_picked":["Die Die Die","A Thousand Cuts","Bullet Time"],"picked":"Phantasmal Killer","floor":16.0},{"not_picked":["Deflect","Expertise","Infinite Blades","Dodge and Roll"],"picked":"SKIP","floor":18.0},{"not_picked":["Prepared","Flying Knee","Dodge and Roll"],"picked":"Blur","floor":22}],"player_experience":1709302,"relics_obtained":[{"floor":7.0,"key":"Bottled Lightning"},{"floor":9.0,"key":"Mercury Hourglass"},{"floor":10.0,"key":"Question Card"}],"event_choices":[{"damage_healed":0.0,"max_hp_gain":0.0,"max_hp_loss":0.0,"gold_gain":75.0,"event_name":"World of Goop","player_choice":"Gather Gold","floor":2.0,"gold_loss":0.0,"damage_taken":11.0},{"cards_removed":["Strike_G"],"damage_healed":0.0,"max_hp_gain":0.0,"max_hp_loss":0.0,"gold_gain":0.0,"event_name":"Golden Wing","player_choice":"Card Removal","floor":4.0,"gold_loss":0.0,"damage_taken":7.0},{"damage_healed":0.0,"max_hp_gain":0.0,"max_hp_loss":0.0,"gold_gain":0.0,"event_name":"Shining Light","player_choice":"Entered Light","floor":5.0,"gold_loss":0.0,"damage_taken":18.0,"cards_upgraded":["Dagger Throw","Terror"]},{"damage_healed":0.0,"max_hp_gain":0.0,"max_hp_loss":6.0,"gold_gain":0.0,"event_name":"Golden Idol","player_choice":"Lose Max HP","floor":14.0,"gold_loss":0.0,"damage_taken":0.0,"relics_obtained":["Golden Idol"]},{"cards_removed":["Strike_G"],"damage_healed":0.0,"max_hp_gain":0.0,"max_hp_loss":0.0,"gold_gain":0.0,"event_name":"Beggar","player_choice":"Gave Gold","floor":19.0,"gold_loss":75.0,"damage_taken":0.0},{"damage_healed":0,"gold_gain":0,"player_choice":"Inject Mutagens","damage_taken":0,"relics_obtained":["MutagenicStrength"],"max_hp_gain":0,"max_hp_loss":0,"event_name":"Drug Dealer","floor":20,"gold_loss":0},{"damage_healed":0,"gold_gain":0,"player_choice":"Read","damage_taken":0,"max_hp_gain":0,"max_hp_loss":0,"event_name":"The Library","floor":21,"gold_loss":0,"cards_obtained":["PiercingWail"]}],"is_beta":false,"boss_relics":[{"not_picked":["Runic Dome","Calling Bell"],"picked":"Empty Cage"}],"items_purged_floors":[13],"is_endless":false,"potions_floor_spawned":[1,3,12,18],"killed_by":"Slavers","ascension_level":20}}