{"host":"fbnuysr7liutbh5n","time":1609312959,"event":{"mods":["2.2 Compatiblity","Arknights The Spire","Astrologer","Bard","BaseMod","Beaked The Cultist","Better Match","Block Reminder","Booster Modes","CCEM","CapriCore","ChefMod","Colored Map","Conspire","Custom Start","Dio Mod","Dota2Spire","Downfall","Fireblade Mod","GifTheSpireLib","GungeonMod","Hermit","Hero for Fun","Highlight Path","Hyrulean Relics","Infinite Spire","Key Reminder","KomeijiMod","Kratos Character Expansion","Luminous","Magitek Elite","Mathematician","Melee Mod","Mimic Mod","Minty Spire (QoL Compilation)","Potion Indicator Mod","QueenMod","Random Character Button","RatMod","Relic Stats","Replay The Spire","Robot Space Explorer","Small Relic Pack","StSLib","Swap Starting Deck Mod","The Administrix","The Animator","The Blackbeard","The Bladedancer","The Blue Laboratory","The Bug Knight","The Disciple","The Dragon Tamer","The Elementalist","The Exalted","The Florist","The Forsaken","The Hayseed","The Hierophant","The Judge","The Kombatant","The Mystic","The Necromancer","The Poker Player","The Problem Sleuth","The Runesmith","The Saiyan","The Trickster","The Wild Card","TheBandit","TheHero","TheLocksmith","Trackpad","thorton","vexMod","??????REMEMod"],"gold_per_floor":[19,19,19,19,39,39,71,89,89,99,99,114,114,124,124,225,225,244,244,274,285,285,317,317,232,262,288,308,326,353,8,8,110,110,110],"floor_reached":34,"playtime":1105,"items_purged":["elementalist:Tsunami"],"score":685,"play_id":"4ba4e6bd-5077-4b73-b520-94cd13a7642f","local_time":"20201230012239","is_ascension_mode":false,"campfire_choices":[{"floor":6,"key":"RECALL"},{"data":"Do_Nothing","floor":15,"key":"SMITH"},{"data":"VanishingEverything+1","floor":24,"key":"SWEEP"},{"data":"relicPack:TruthCard","floor":32,"key":"SMITH"}],"circlet_count":0,"master_deck":["Strike_Y","Strike_Y","Strike_Y","Strike_Y","Defend_Y","Get_Hopes_Up","theWildCard:Thanatos","Slap","Do_Nothing+1","Ignore","relicPack:TruthCard","hexamod:GhostflameInferno","hermit:HeroicBravado","Get_Hopes_Up","Hip_Strike","Yawn","Wear_Disguise","Toss_Stone+1","Terrifying_Presence","Side_Hop","VanishingEverything+1","Slap","Yawn+1","Ignore+1","Toss_Stone","Do_Nothing","Serious_Punch","Get_Hopes_Up","Slap","Terrifying_Presence"],"relics":["Cape","REME_ComplimentaryCards","Dota2Spire:Butterfly","DemoMod:GlassGuonStoneRelic","ats:Originium","vexMod:RetaliationKit","relicPack:EdsArm","conspire:RunicOctahedron","DemoMod:MeltedRock","relicPack:DSword","InkBottle","HornCleat","trackpad:DisasterInABottle","CCEMRelics:TechnogenicHelmet","Dota2Spire:MaskOfMadness","Sozu"],"acts_visited":["Exordium","TheCity","TheBeyond"],"potions_floor_usage":[],"damage_taken":[{"damage":0,"enemies":"2 Louse","floor":1,"turns":2},{"damage":0,"enemies":"Small Slimes","floor":5,"turns":1},{"damage":0,"enemies":"Lagavulin","floor":7,"turns":1},{"damage":0,"enemies":"Cultist","floor":8,"turns":1},{"damage":0,"enemies":"3 Louse","floor":10,"turns":1},{"damage":0,"enemies":"Looter","floor":12,"turns":1},{"damage":0,"enemies":"Blue Slaver","floor":14,"turns":1},{"damage":0,"enemies":"Slime Boss","floor":16,"turns":1},{"damage":0,"enemies":"2 Thieves","floor":18,"turns":1},{"damage":0,"enemies":"Chosen","floor":20,"turns":2},{"damage":0,"enemies":"Chosen","floor":21,"turns":1},{"damage":0,"enemies":"Slavers","floor":23,"turns":2},{"damage":0,"enemies":"3 Cultists","floor":26,"turns":2},{"damage":0,"enemies":"Book of Stabbing","floor":27,"turns":1},{"damage":0,"enemies":"3 Cultists","floor":28,"turns":3},{"damage":0,"enemies":"Snake Plant","floor":29,"turns":1},{"damage":0,"enemies":"Gremlin Leader","floor":30,"turns":1},{"damage":0,"enemies":"StardustCrusaders","floor":33,"turns":2}],"seed_played":"-7056289398791893946","potions_obtained":[{"floor":10,"key":"Ancient Potion"},{"floor":12,"key":"SteroidPotion"},{"floor":14,"key":"CalmPotion"},{"floor":18,"key":"sneckomod:MuddlingPotion"},{"floor":30,"key":"Guardian:BlockOnCardUsePotion"}],"is_trial":false,"path_per_floor":["M","?","?","?","M","R","E","M","T","M","?","M","?","M","R","B",null,"M","?","MIM","M","?","E","R","?","MIM","E","M","M","E","$","R","B",null],"character_chosen":"OPM","items_purchased":["Serious_Punch","Get_Hopes_Up","Slap"],"campfire_rested":0,"item_purchase_floors":[31,31,31],"current_hp_per_floor":[1098,1098,1098,1098,1098,1098,1104,1104,1104,1104,1104,1104,1099,1099,1099,1099,1099,1099,1099,1099,1099,1099,1099,1099,1099,1099,1099,1099,1099,1099,1099,1099,1099,1099,1099],"gold":110,"neow_bonus":"TEN_PERCENT_HP_BONUS","is_daily":false,"chose_seed":false,"campfire_upgraded":2,"win_rate":0.0,"timestamp":1609312959,"path_taken":["M","?","?","?","M","R","E","?","T","M","?","M","?","M","R","BOSS","M","?","?","M","?","E","R","?","MIM","E","M","?","E","$","R","BOSS"],"items_purchased_type":["Card","Card","Card"],"build_version":"2020-12-22","purchased_purges":1,"victory":false,"max_hp_per_floor":[1098,1098,1098,1098,1098,1098,1104,1104,1104,1104,1104,1104,1099,1099,1099,1099,1099,1099,1099,1099,1099,1099,1099,1099,1099,1099,1099,1099,1099,1099,1099,1099,1099,1099,1099],"relic_stats":{"Sozu":0,"counters":[18,25],"obtain_stats":[{"Dota2Spire:MaskOfMadness":30,"relicPack:DSword":22,"vexMod:BerryBomb":7,"conspire:RunicOctahedron":17,"DemoMod:GlassGuonStoneRelic":7,"CCEMRelics:TechnogenicHelmet":27,"Cape":0,"trackpad:DisasterInABottle":26,"keyreminder:keyreminder":6,"relicPack:EdsArm":13,"Sozu":34,"Dota2Spire:Butterfly":3,"HornCleat":25,"ats:Originium":7,"DemoMod:MeltedRock":20,"vexMod:RetaliationKit":11,"InkBottle":23,"REME_ComplimentaryCards":0},{"Dota2Spire:MaskOfMadness":17,"relicPack:DSword":11,"vexMod:BerryBomb":3,"conspire:RunicOctahedron":8,"DemoMod:GlassGuonStoneRelic":3,"CCEMRelics:TechnogenicHelmet":14,"Cape":0,"trackpad:DisasterInABottle":13,"keyreminder:keyreminder":2,"relicPack:EdsArm":6,"Sozu":18,"Dota2Spire:Butterfly":1,"HornCleat":12,"ats:Originium":3,"DemoMod:MeltedRock":10,"vexMod:RetaliationKit":5,"InkBottle":12,"REME_ComplimentaryCards":0},{"Dota2Spire:MaskOfMadness":23,"relicPack:DSword":13,"vexMod:BerryBomb":4,"conspire:RunicOctahedron":9,"DemoMod:GlassGuonStoneRelic":4,"CCEMRelics:TechnogenicHelmet":18,"Cape":0,"trackpad:DisasterInABottle":17,"keyreminder:keyreminder":3,"relicPack:EdsArm":7,"Sozu":25,"Dota2Spire:Butterfly":2,"HornCleat":15,"ats:Originium":4,"DemoMod:MeltedRock":12,"vexMod:RetaliationKit":6,"InkBottle":15,"REME_ComplimentaryCards":0}],"InkBottle":[2]},"card_choices":[{"not_picked":["Yawn","Normal_Punch"],"picked":"Side_Hop","floor":1},{"not_picked":["Normal_Punch","Consecutive_Normal_Punch"],"picked":"Get_Hopes_Up","floor":5},{"not_picked":["Hop","Yawn"],"picked":"Slap","floor":7},{"not_picked":["Ignore","Slap"],"picked":"Do_Nothing","floor":8},{"not_picked":["Side_Hop","Normal_Punch"],"picked":"Consecutive_Normal_Punch","floor":10},{"not_picked":["Slap","Do_Nothing"],"picked":"Ignore","floor":12},{"not_picked":["Hop","Normal_Punch"],"picked":"Get_Hopes_Up","floor":14},{"not_picked":["Oh","Get_Hopes_Up"],"picked":"Hip_Strike","floor":16},{"not_picked":["Ignore","Do_Nothing"],"picked":"Yawn","floor":18},{"not_picked":["Consecutive_Normal_Punch","Do_Nothing+1"],"picked":"Wear_Disguise","floor":20},{"not_picked":["Yawn","Wear_Disguise"],"picked":"Toss_Stone+1","floor":21},{"not_picked":["Normal_Punch","Wear_Disguise+1"],"picked":"Terrifying_Presence","floor":23},{"not_picked":["Normal_Punch","Hop"],"picked":"Slap","floor":26},{"not_picked":["Hop","Consecutive_Normal_Punch"],"picked":"Yawn+1","floor":27},{"not_picked":["Slap","Hop"],"picked":"Ignore+1","floor":28},{"not_picked":["Wear_Disguise","Do_Nothing"],"picked":"Toss_Stone","floor":29},{"not_picked":["Side_Hop+1","Hop+1"],"picked":"Do_Nothing","floor":30},{"not_picked":["Get_Hopes_Up","Hip_Strike"],"picked":"Terrifying_Presence","floor":33}],"player_experience":11937,"relics_obtained":[{"floor":3,"key":"Dota2Spire:Butterfly"},{"floor":7,"key":"ats:Originium"},{"floor":7,"key":"vexMod:BerryBomb"},{"floor":20,"key":"DemoMod:MeltedRock"},{"floor":23,"key":"ats:Originium"},{"floor":23,"key":"InkBottle"},{"floor":26,"key":"trackpad:DisasterInABottle"},{"floor":27,"key":"ats:Originium"},{"floor":27,"key":"CCEMRelics:TechnogenicHelmet"},{"floor":30,"key":"Dota2Spire:MaskOfMadness"}],"event_choices":[{"cards_removed":["Defend_Y"],"damage_healed":0,"gold_gain":0,"player_choice":"Offered Basic","damage_taken":0,"max_hp_gain":0,"max_hp_loss":0,"event_name":"Bonfire Elementals","floor":4,"gold_loss":0},{"damage_healed":0,"gold_gain":0,"player_choice":"Success","damage_taken":18,"relics_obtained":["vexMod:RetaliationKit"],"max_hp_gain":0,"max_hp_loss":0,"event_name":"Scrap Ooze","floor":11,"gold_loss":0},{"damage_healed":0,"gold_gain":0,"player_choice":"Obtained Relic","damage_taken":0,"relics_obtained":["HornCleat"],"max_hp_gain":0,"max_hp_loss":0,"event_name":"Addict","floor":25,"gold_loss":85}],"is_beta":false,"boss_relics":[{"not_picked":["theForsaken:PaleLantern","conspire:SeveredTorchhead"],"picked":"conspire:RunicOctahedron"},{"not_picked":["Coffee Dripper","Tiny House"],"picked":"Sozu"}],"items_purged_floors":[31],"is_endless":false,"potions_floor_spawned":[10,12,14,18,28,29,30],"ascension_level":0}}