{"host":"ed3mvzyt8tykicbm","time":1609351381,"event":{"mods":["AchievementEnabler","BaseMod","Colored Map","Colored Powertips","Googly Eyes","Minty Spire (QoL Compilation)","Quick Restart"],"gold_per_floor":[113,113,127,146,246,276,276,305,305,322,336,35,51,51,51,125,125,93,93,93,93,106,139,41,41,114,114,114],"floor_reached":27,"playtime":1581,"items_purged":[],"score":452,"play_id":"772b950f-29d9-4196-a541-cb8175dd8ade","local_time":"20201230130301","is_ascension_mode":true,"campfire_choices":[{"floor":7.0,"key":"REST"},{"floor":15.0,"key":"REST"}],"circlet_count":0,"master_deck":["AscendersBane","Strike_G+1","Strike_G+1","Strike_G+1","Strike_G+1","Strike_G+1","Defend_G+1","Defend_G+1","Defend_G+1","Defend_G+1","Defend_G+1","Survivor","Neutralize","Riddle With Holes","Sucker Punch","Deflect","Terror","Venomology","Blur","Deflect","Quick Slash","After Image+1","Riddle With Holes+1","Footwork+1","Infinite Blades+1","Jack Of All Trades","Writhe"],"relics":["Ring of the Snake","Pen Nib","Pocketwatch","Frozen Egg 2","FossilizedHelix","SacredBark","MutagenicStrength","Orichalcum","Bag of Preparation","InkBottle"],"acts_visited":["Exordium","TheCity"],"potions_floor_usage":[27],"damage_taken":[{"damage":4.0,"enemies":"Small Slimes","floor":1.0,"turns":4.0},{"damage":0.0,"enemies":"Cultist","floor":3.0,"turns":3.0},{"damage":0.0,"enemies":"2 Louse","floor":4.0,"turns":3.0},{"damage":11.0,"enemies":"3 Sentries","floor":6.0,"turns":10.0},{"damage":49.0,"enemies":"Gremlin Nob","floor":8.0,"turns":5.0},{"damage":4.0,"enemies":"Exordium Wildlife","floor":10.0,"turns":4.0},{"damage":0.0,"enemies":"Blue Slaver","floor":11.0,"turns":4.0},{"damage":0.0,"enemies":"3 Louse","floor":13.0,"turns":4.0},{"damage":15.0,"enemies":"Hexaghost","floor":16.0,"turns":10.0},{"damage":13.0,"enemies":"2 Thieves","floor":18.0,"turns":5.0},{"damage":0.0,"enemies":"Chosen","floor":22.0,"turns":6.0},{"damage":0.0,"enemies":"Gremlin Leader","floor":23.0,"turns":5.0},{"damage":40,"enemies":"3 Cultists","floor":27,"turns":6}],"seed_played":"-5535261441775350290","potions_obtained":[{"floor":3.0,"key":"LiquidMemories"},{"floor":4.0,"key":"DistilledChaos"},{"floor":10.0,"key":"Ancient Potion"},{"floor":13.0,"key":"LiquidMemories"},{"floor":22.0,"key":"EntropicBrew"}],"is_trial":false,"path_per_floor":["M","?","M","M","?","E","R","E","T","M","M","$","M","?","R","B",null,"M","?","?","?","M","E","$","?","T","M"],"character_chosen":"THE_SILENT","items_purchased":["FossilizedHelix","Jack Of All Trades"],"campfire_rested":2,"item_purchase_floors":[12,24],"current_hp_per_floor":[61,47,47,47,47,36,57,8,8,4,4,4,4,4,25,10,57,44,44,31,31,31,31,31,31,31,0,0],"gold":114,"neow_bonus":"TEN_PERCENT_HP_BONUS","is_daily":false,"chose_seed":false,"campfire_upgraded":0,"win_rate":0.0,"timestamp":1609351381,"path_taken":["M","?","M","M","?","E","R","E","T","?","M","?","M","?","R","BOSS","M","?","?","?","M","E","$","?","T","?"],"items_purchased_type":["Relic","Card"],"build_version":"2020-12-22","purchased_purges":0,"victory":false,"max_hp_per_floor":[72,72,72,72,72,72,72,72,72,72,72,72,72,72,72,72,72,72,72,77,77,77,77,77,77,77,77,77],"card_choices":[{"not_picked":["Quick Slash","Slice"],"picked":"Riddle With Holes","floor":1.0},{"not_picked":["Underhanded Strike","Dagger Throw"],"picked":"Sucker Punch","floor":3.0},{"not_picked":["Blade Dance","Poisoned Stab"],"picked":"Deflect","floor":4.0},{"not_picked":["Noxious Fumes","Bouncing Flask"],"picked":"Terror","floor":6.0},{"not_picked":["Underhanded Strike","Flying Knee"],"picked":"Venomology","floor":8.0},{"not_picked":["Outmaneuver","Flying Knee"],"picked":"Blur","floor":10.0},{"not_picked":["Quick Slash","Reflex"],"picked":"Deflect","floor":11.0},{"not_picked":["Slice","Skewer"],"picked":"Quick Slash","floor":13.0},{"not_picked":["Malaise","Adrenaline"],"picked":"After Image+1","floor":16.0},{"not_picked":["Backflip","Deflect"],"picked":"Riddle With Holes+1","floor":18.0},{"not_picked":["Blade Dance","Backstab"],"picked":"Footwork+1","floor":22.0},{"not_picked":["Flechettes","Endless Agony"],"picked":"Infinite Blades+1","floor":23.0}],"player_experience":1012929,"relics_obtained":[{"floor":6.0,"key":"Pen Nib"},{"floor":8.0,"key":"Pocketwatch"},{"floor":9.0,"key":"Frozen Egg 2"},{"floor":23.0,"key":"Orichalcum"},{"floor":26.0,"key":"InkBottle"}],"event_choices":[{"damage_healed":0.0,"max_hp_gain":0.0,"max_hp_loss":0.0,"gold_gain":0.0,"event_name":"Shining Light","player_choice":"Entered Light","floor":2.0,"gold_loss":0.0,"damage_taken":14.0,"cards_upgraded":["Defend_G","Defend_G"]},{"damage_healed":0.0,"max_hp_gain":0.0,"max_hp_loss":0.0,"gold_gain":100.0,"event_name":"Golden Shrine","player_choice":"Pray","floor":5.0,"gold_loss":0.0,"damage_taken":0.0},{"damage_healed":0.0,"max_hp_gain":0.0,"max_hp_loss":0.0,"gold_gain":0.0,"event_name":"Golden Wing","player_choice":"Ignored","floor":14.0,"gold_loss":0.0,"damage_taken":0.0},{"damage_healed":0.0,"max_hp_gain":0.0,"max_hp_loss":0.0,"gold_gain":0.0,"event_name":"Drug Dealer","player_choice":"Inject Mutagens","floor":19.0,"gold_loss":0.0,"damage_taken":0.0,"relics_obtained":["MutagenicStrength"]},{"damage_healed":0.0,"max_hp_gain":5.0,"max_hp_loss":0.0,"gold_gain":0.0,"event_name":"Forgotten Altar","player_choice":"Shed Blood","floor":20.0,"gold_loss":0.0,"damage_taken":18.0},{"damage_healed":0.0,"max_hp_gain":0.0,"max_hp_loss":0.0,"gold_gain":0.0,"event_name":"Back to Basics","player_choice":"Simplicity","floor":21.0,"gold_loss":0.0,"damage_taken":0.0,"cards_upgraded":["Strike_G","Strike_G","Strike_G","Strike_G","Strike_G","Defend_G","Defend_G","Defend_G"]},{"damage_healed":0.0,"max_hp_gain":0.0,"max_hp_loss":0.0,"gold_gain":0.0,"event_name":"The Mausoleum","player_choice":"Opened","floor":25.0,"gold_loss":0.0,"damage_taken":0.0,"relics_obtained":["Bag of Preparation"],"cards_obtained":["Writhe"]}],"is_beta":false,"boss_relics":[{"not_picked":["Fusion Hammer","Snecko Eye"],"picked":"SacredBark"}],"items_purged_floors":[],"is_endless":false,"potions_floor_spawned":[3,4,10,13,22],"killed_by":"3 Cultists","ascension_level":14}}