{"host":"74rphcgmhz43g39u","time":1609343427,"event":{"mods":["Act Like it!","BaseMod","Colored Powertips","Gensokyo","Marisa£®ÏF”Í°°ƒß¿Ì…≥£©","Minty Spire (QoL Compilation)","Quick Restart","Reimu£®≤©¿ˆ¡È√Œ£©","Remilia£®¿Ÿ√◊¿Ú—«£©","StSLib"],"gold_per_floor":[359,289,39,59,77,112,272,290,369,369,369,386,401,421,421,499,499,517,126,126,136,61,145,0,26,26],"floor_reached":25,"playtime":2002,"items_purged":["Shame"],"score":420,"play_id":"ca8efef0-8732-4246-883c-e549875812d5","local_time":"20201230235027","is_ascension_mode":true,"campfire_choices":[{"data":"ScarletSymphony","floor":10.0,"key":"SMITH"},{"data":"BloodyHallows","floor":15.0,"key":"SMITH"}],"circlet_count":0,"master_deck":["AscendersBane","Strike_RM+1","Strike_RM+1","Strike_RM","Strike_RM+1","Defend_RM","Defend_RM","Defend_RM","Defend_RM+1","RedMoon+1","ScarletShoot+1","Gensokyo:AllTheWorldsEvil","NightLord+1","ForbiddenFruit+1","EternalNight+1","ScarletSymphony+1","BloodyHallows+1","EquivalentExchange+1","CurseOfTheBell","Gensokyo:DepletedGenerator","Gensokyo:MonkeysPaw+1","Gensokyo:RustyChest","UnderTheZenith+1","BatForm"],"relics":["ScarletHat","Orrery","ScarletDevilRocket","FossilizedHelix","Sundial","Calling Bell","Bronze Scales","CrazyTorch:ReiMu","Dead Branch","Gungnir","Blood Vial","Strawberry","Frozen Eye","Happy Flower"],"acts_visited":["Exordium","Gensokyo:Gensokyo"],"potions_floor_usage":[25,25,25],"damage_taken":[{"damage":0.0,"enemies":"Gensokyo:3_Fairies","floor":1.0,"turns":10.0},{"damage":0.0,"enemies":"Gensokyo:Python","floor":4.0,"turns":2.0},{"damage":0.0,"enemies":"Gensokyo:2_Kodama","floor":5.0,"turns":5.0},{"damage":16.0,"enemies":"Gensokyo:Mamizou","floor":6.0,"turns":19.0},{"damage":4.0,"enemies":"Gensokyo:2_Rabbits","floor":7.0,"turns":6.0},{"damage":0.0,"enemies":"Gensokyo:3_Kodama","floor":8.0,"turns":6.0},{"damage":0.0,"enemies":"Gensokyo:Gryphon_and_Rabbit","floor":12.0,"turns":6.0},{"damage":0.0,"enemies":"Gensokyo:CorruptedTreant","floor":13.0,"turns":4.0},{"damage":5.0,"enemies":"Gensokyo:3_Kodama","floor":14.0,"turns":3.0},{"damage":33.0,"enemies":"Gensokyo:Yukari","floor":16.0,"turns":8.0},{"damage":10.0,"enemies":"Gensokyo:3_Dogs","floor":18.0,"turns":5.0},{"damage":37.0,"enemies":"Gensokyo:2_Gloops","floor":21.0,"turns":5.0},{"damage":40.0,"enemies":"Gensokyo:Reisen","floor":23.0,"turns":8.0},{"damage":17,"enemies":"Gensokyo:Koishi","floor":25,"turns":5}],"seed_played":"3244030337414917958","potions_obtained":[{"floor":1.0,"key":"LiquidBronze"},{"floor":6.0,"key":"SmokeBomb"},{"floor":7.0,"key":"SpeedPotion"},{"floor":21.0,"key":"LiquidMemories"},{"floor":21.0,"key":"Fire Potion"}],"is_trial":false,"path_per_floor":["M","?","COS","M","M","E","M","M","T","R","?","M","M","M","R","B",null,"M","COS","?","M","$","E","?","E"],"character_chosen":"REMILIA","items_purchased":[],"campfire_rested":0,"item_purchase_floors":[],"current_hp_per_floor":[67,67,67,67,68,65,65,70,70,70,70,70,70,65,65,47,64,68,68,68,33,33,12,12,0,0],"gold":26,"neow_bonus":"TWO_FIFTY_GOLD","is_daily":false,"chose_seed":false,"campfire_upgraded":2,"win_rate":0.0,"timestamp":1609343427,"path_taken":["M","?","COS","M","?","E","M","M","T","R","?","?","M","M","R","BOSS","M","COS","?","M","$","E","?","E"],"items_purchased_type":[],"build_version":"2020-12-22","purchased_purges":1,"victory":false,"max_hp_per_floor":[70,70,70,70,70,70,70,70,70,70,70,70,70,70,70,70,70,70,70,70,70,70,77,77,77,77],"card_choices":[{"not_picked":["VampireKiss","BombardNight"],"picked":"NightLord","floor":1.0},{"not_picked":["CharismaGuard","EndlessAdversity"],"picked":"ForbiddenFruit","floor":3.0},{"not_picked":["MastersStateliness","BloodyMagicSquare"],"picked":"EternalNight","floor":3.0},{"not_picked":["ReincarnationDial","StarOfDavid"],"picked":"ScarletSymphony","floor":3.0},{"not_picked":["SuperhumanBloodyKnife","TwelveNightmare","VampireKiss"],"picked":"SKIP","floor":4.0},{"not_picked":["UnstableMagic","ForbiddenFruit","ScarletImprint"],"picked":"SKIP","floor":5.0},{"not_picked":["GlobalNightmare","TwelveNightmare","VampirishNight"],"picked":"SKIP","floor":6.0},{"not_picked":["RedRainbow","NightDance","VampirishNight"],"picked":"SKIP","floor":7.0},{"not_picked":["AfternoonTea","UnstableMagic","EmergencyRegeneration"],"picked":"SKIP","floor":8.0},{"not_picked":["UnderTheZenith","SuperhumanBloodyKnife"],"picked":"BloodyHallows","floor":12.0},{"not_picked":["ScarletSymphony","UnstableMagic","TwelveNightmare"],"picked":"SKIP","floor":13.0},{"not_picked":["CharismaGuard","BloodyTrap","Maim"],"picked":"SKIP","floor":14.0},{"not_picked":["TricksterDevil","ScarletCoffin"],"picked":"EquivalentExchange","floor":16.0},{"not_picked":["DiffusionOfMisfortune","Stigmanizer","StarOfDavid"],"picked":"SKIP","floor":18.0},{"not_picked":["EmergencyRegeneration","AfternoonTea","Maim"],"picked":"SKIP","floor":21.0},{"not_picked":["HunterOfTheNight+1","RedRainbow+1"],"picked":"UnderTheZenith+1","floor":23.0},{"not_picked":["BloodHunter","NightDance+1"],"picked":"BatForm","floor":23.0}],"player_experience":1076904,"relics_obtained":[{"floor":6.0,"key":"ScarletDevilRocket"},{"floor":9.0,"key":"Sundial"},{"floor":17.0,"key":"Bronze Scales"},{"floor":17.0,"key":"CrazyTorch:ReiMu"},{"floor":17.0,"key":"Dead Branch"},{"floor":21.0,"key":"Gungnir"},{"floor":23.0,"key":"Strawberry"}],"event_choices":[],"is_beta":false,"boss_relics":[{"not_picked":["Velvet Choker","SlaversCollar"],"picked":"Calling Bell"}],"items_purged_floors":[22],"is_endless":false,"potions_floor_spawned":[1,6,7,12,16,21],"killed_by":"Gensokyo:Koishi","ascension_level":20}}