{"host":"v4tuy5ykrbdcm9o9","time":1609357151,"event":{"mods":["BaseMod","Duelist Mod","Minty Spire (QoL Compilation)","Replay The Spire","StSLib"],"gold_per_floor":[112,123,138,88,99,130,130,168,193,193,47,81,109,109,109,219,219,248,248,248,13,33,72,72,106,160,160,184,184,220,239,239,349,349,377,337,364,28,56,96,96,125,176,216,225,225,258,258,258,258],"floor_reached":51,"playtime":6123,"items_purged":[],"score":1045,"play_id":"beb41de4-ba3f-471c-9e67-bb8a28df2ad2","local_time":"20201230143911","is_ascension_mode":true,"campfire_choices":[{"data":"Eruption","floor":7.0,"key":"SMITH"},{"floor":10.0,"key":"REST"},{"floor":15.0,"key":"REST"},{"data":"JustLucky","floor":24.0,"key":"SMITH"},{"data":"MentalFortress","floor":27.0,"key":"SMITH"},{"data":"TalkToTheHand","floor":32.0,"key":"SMITH"},{"data":"Blasphemy","floor":41,"key":"SMITH"},{"data":"Scrawl","floor":49,"key":"SMITH"}],"circlet_count":0,"master_deck":["Strike_P","Strike_P","Strike_P","Defend_P","Defend_P","Defend_P","Eruption+1","Vigilance","Weave","JustLucky+1","Replay:BluntJabs","Replay:ManipulateFuture+1","CutThroughFate","Scrawl+1","Halt","EmptyBody","Replay:AtTheReady","Violence","Replay:Battleflow+1","Consecrate","JustLucky+1","MentalFortress+1","TalkToTheHand+1","Replay:ManipulateFuture+1","Replay:Cycle+1","Blasphemy+1","Conclude+1","FlurryOfBlows","FollowUp","Replay:ManipulateFuture+1","Replay:Hum+1","Secret Technique+1"],"relics":["PureWater","Simple Rune","CeramicFish","Boot","Bronze Scales","Replay:Drink Me","ReplayTheSpireMod:Shallot","Tiny Chest","Orichalcum","ReplayTheSpireMod:Ninjato","Replay:Bronze Core","Dream Catcher","Ice Cream","Damaru","Toxic Egg 2","Nunchaku","Oddly Smooth Stone","Juzu Bracelet"],"acts_visited":["Exordium","TheCity","TheBeyond"],"potions_floor_usage":[39,50],"damage_taken":[{"damage":0.0,"enemies":"Small Slimes","floor":1.0,"turns":4.0},{"damage":2.0,"enemies":"Jaw Worm","floor":2.0,"turns":5.0},{"damage":0.0,"enemies":"2 Louse","floor":3.0,"turns":2.0},{"damage":0.0,"enemies":"Large Slime","floor":5.0,"turns":3.0},{"damage":16.0,"enemies":"3 Sentries","floor":6.0,"turns":10.0},{"damage":38.0,"enemies":"Replay:BlueRogue","floor":8.0,"turns":5.0},{"damage":14.0,"enemies":"Lagavulin","floor":12.0,"turns":4.0},{"damage":0.0,"enemies":"Exordium Thugs","floor":13.0,"turns":4.0},{"damage":11.0,"enemies":"Fading Forest","floor":16.0,"turns":11.0},{"damage":0.0,"enemies":"Chosen","floor":18.0,"turns":3.0},{"damage":0.0,"enemies":"2 Thieves","floor":22.0,"turns":3.0},{"damage":0.0,"enemies":"theDuelist:KaibaA2","floor":23.0,"turns":3.0},{"damage":0.0,"enemies":"Book of Stabbing","floor":25.0,"turns":3.0},{"damage":1.0,"enemies":"Shelled Parasite and Fungi","floor":28.0,"turns":4.0},{"damage":0.0,"enemies":"theDuelist:KaibaA2","floor":30.0,"turns":2.0},{"damage":0.0,"enemies":"3 Cultists","floor":31.0,"turns":2.0},{"damage":0.0,"enemies":"Automaton","floor":33.0,"turns":5.0},{"damage":0,"enemies":"3 Shapes","floor":35,"turns":3},{"damage":0,"enemies":"3 Darklings","floor":39,"turns":2},{"damage":0,"enemies":"Nemesis","floor":40,"turns":4},{"damage":0,"enemies":"Giant Head","floor":42,"turns":4},{"damage":0,"enemies":"Reptomancer","floor":44,"turns":2},{"damage":0,"enemies":"R_Hoarder","floor":47,"turns":3},{"damage":0,"enemies":"Donu and Deca","floor":50,"turns":6}],"seed_played":"-8346405270659388180","potions_obtained":[{"floor":1.0,"key":"Ancient Potion"},{"floor":5.0,"key":"DistilledChaos"},{"floor":8.0,"key":"SmokeBomb"},{"floor":12.0,"key":"Languid Potion"},{"floor":16.0,"key":"Strength Potion"},{"floor":22.0,"key":"Death Potion"},{"floor":31.0,"key":"Block Potion"},{"floor":33.0,"key":"FearPotion"},{"floor":39,"key":"Weak Potion"},{"floor":40,"key":"ColorlessPotion"}],"is_trial":false,"path_per_floor":["M","M","M","?","M","E","R","E","T","R","$","E","M","?","R","B",null,"M","?","?","$","M","E","R","E","T","R","M","?","E","M","R","B",null,"M","?","T","$","M","E","R","E","T","E","?","?","E","?","R","B",null],"character_chosen":"WATCHER","items_purchased":["Scrawl","Violence","Replay:Battleflow","Ice Cream","FlurryOfBlows"],"campfire_rested":2,"item_purchase_floors":[11,21,21,38,38],"current_hp_per_floor":[79,77,77,77,77,61,61,23,23,46,46,32,32,32,55,52,60,60,60,60,60,60,60,60,60,60,60,59,59,59,59,59,59,60,60,60,60,60,60,60,60,60,60,60,60,60,60,60,60,60],"gold":258,"neow_bonus":"TEN_PERCENT_HP_BONUS","is_daily":false,"chose_seed":false,"campfire_upgraded":6,"win_rate":0.0,"timestamp":1609357151,"path_taken":["M","M","M","?","M","E","R","E","T","R","$","E","M","?","R","BOSS","M","?","?","$","M","E","R","E","T","R","?","?","E","M","R","BOSS","M","?","?","$","M","E","R","E","T","E","?","?","E","?","R","BOSS"],"items_purchased_type":["Card","Card","Card","Relic","Card"],"build_version":"2020-12-22","purchased_purges":0,"victory":true,"max_hp_per_floor":[79,79,79,79,79,79,79,79,79,79,79,79,79,79,79,79,60,60,60,60,60,60,60,60,60,60,60,60,60,60,60,60,60,60,60,60,60,60,60,60,60,60,60,60,60,60,60,60,60,60],"card_choices":[{"not_picked":["Replay:DivineShield","DeceiveReality"],"picked":"Weave","floor":1.0},{"not_picked":["SashWhip","Pray"],"picked":"JustLucky","floor":2.0},{"not_picked":["BattleHymn","SandsOfTime"],"picked":"Replay:BluntJabs","floor":3.0},{"not_picked":["Prostrate","Perseverance"],"picked":"Replay:ManipulateFuture","floor":5.0},{"not_picked":["Vengeance","EmptyBody"],"picked":"Replay:LoomingThreat","floor":6.0},{"not_picked":["JustLucky","Replay:DivineShield"],"picked":"CutThroughFate","floor":8.0},{"not_picked":["SashWhip","EmptyBody"],"picked":"Halt","floor":12.0},{"not_picked":["MasterReality","CrushJoints"],"picked":"EmptyBody","floor":13.0},{"not_picked":["Brilliance","Omniscience"],"picked":"Ragnarok","floor":16.0},{"not_picked":["ClearTheMind","Protect+1"],"picked":"Replay:AtTheReady","floor":18.0},{"not_picked":["PathToVictory","Meditate+1"],"picked":"Consecrate","floor":22.0},{"not_picked":["Protect","WindmillStrike"],"picked":"JustLucky+1","floor":23.0},{"not_picked":["ThirdEye","ClearTheMind"],"picked":"MentalFortress","floor":25.0},{"not_picked":["JustLucky+1","WaveOfTheHand"],"picked":"TalkToTheHand","floor":28.0},{"not_picked":["DeceiveReality+1","Worship"],"picked":"Replay:ManipulateFuture+1","floor":30.0},{"not_picked":["Meditate+1","TalkToTheHand"],"picked":"Replay:Cycle+1","floor":31.0},{"not_picked":["Replay:AllIn","Brilliance"],"picked":"Blasphemy","floor":33.0},{"not_picked":["Protect","Prostrate"],"picked":"Conclude+1","floor":35},{"not_picked":["Study","Pray"],"picked":"FollowUp","floor":39},{"not_picked":["ClearTheMind+1","DeceiveReality+1"],"picked":"Replay:ManipulateFuture+1","floor":40},{"not_picked":["MasterReality","ReachHeaven","Sanctity+1"],"picked":"SKIP","floor":42},{"not_picked":["Establishment","BowlingBash+1"],"picked":"Replay:Hum+1","floor":44},{"not_picked":["Jack Of All Trades+1","Replay:Bootleg Shield Generator+1"],"picked":"Secret Technique+1","floor":45},{"not_picked":["Pray+1","JustLucky+1","Brilliance"],"picked":"SKIP","floor":47}],"player_experience":481515,"relics_obtained":[{"floor":6.0,"key":"Simple Rune"},{"floor":8.0,"key":"CeramicFish"},{"floor":9.0,"key":"Boot"},{"floor":12.0,"key":"Bronze Scales"},{"floor":23.0,"key":"ReplayTheSpireMod:Shallot"},{"floor":25.0,"key":"Tiny Chest"},{"floor":26.0,"key":"Orichalcum"},{"floor":30.0,"key":"ReplayTheSpireMod:Ninjato"},{"floor":37,"key":"Dream Catcher"},{"floor":40,"key":"Damaru"},{"floor":42,"key":"Toxic Egg 2"},{"floor":43,"key":"Nunchaku"},{"floor":44,"key":"Oddly Smooth Stone"},{"floor":47,"key":"Juzu Bracelet"}],"event_choices":[{"cards_removed":["Strike_P"],"damage_healed":0.0,"max_hp_gain":0.0,"max_hp_loss":0.0,"gold_gain":0.0,"event_name":"The Cleric","player_choice":"Card Removal","floor":4.0,"gold_loss":50.0,"damage_taken":0.0},{"damage_healed":0.0,"max_hp_gain":0.0,"max_hp_loss":0.0,"gold_gain":0.0,"event_name":"Back to Basics","player_choice":"Simplicity","floor":19.0,"gold_loss":0.0,"damage_taken":0.0,"cards_upgraded":["Strike_P","Strike_P","Strike_P","Defend_P","Defend_P","Defend_P"]},{"damage_healed":0.0,"max_hp_gain":0.0,"max_hp_loss":0.0,"gold_gain":0.0,"event_name":"Cursed Tome","player_choice":"Ignored","floor":20.0,"gold_loss":0.0,"damage_taken":0.0},{"damage_healed":0.0,"max_hp_gain":0.0,"max_hp_loss":0.0,"gold_gain":0.0,"event_name":"Vampires","player_choice":"Ignored","floor":29.0,"gold_loss":0.0,"damage_taken":0.0},{"damage_healed":0,"gold_gain":0,"player_choice":"Upgraded Two","damage_taken":0,"max_hp_gain":0,"max_hp_loss":0,"event_name":"Designer","floor":36,"gold_loss":40,"cards_upgraded":["Replay:ManipulateFuture","Strike_P"]},{"damage_healed":0,"gold_gain":0,"player_choice":"Memory 1","damage_taken":0,"max_hp_gain":0,"max_hp_loss":0,"event_name":"SensoryStone","floor":45,"gold_loss":0},{"damage_healed":0,"gold_gain":0,"player_choice":"Upgraded","damage_taken":0,"max_hp_gain":0,"max_hp_loss":0,"event_name":"Upgrade Shrine","floor":46,"gold_loss":0,"cards_upgraded":["Replay:Battleflow"]}],"is_beta":false,"boss_relics":[{"not_picked":["Pandora\u0027s Box","Coffee Dripper"],"picked":"Replay:Drink Me"},{"not_picked":["Replay:Grab Bag","Replay:Ancient Bell"],"picked":"Replay:Bronze Core"}],"items_purged_floors":[],"is_endless":false,"potions_floor_spawned":[1,5,8,12,16,22,25,31,33,39,40],"ascension_level":3}}