{"host":"xrbxyo513dr24h85","time":1609300992,"event":{"mods":["BaseMod","Better Third Choice","Colored Map","Downfall","Googly Eyes","Halation","Hubris","Lobotomy","Minty Spire (QoL Compilation)","Random Character Button","Relic Stats","Replay The Spire","Retaliation","StSLib","The Blue Laboratory"],"gold_per_floor":[116,116,133,144,157,191,205,215,215,235,246,211,140,166,166,166,166],"floor_reached":16,"playtime":494,"items_purged":[],"score":141,"play_id":"4c1ee86b-4de0-4d47-8080-6dbcc1da87e5","local_time":"20201229200312","is_ascension_mode":false,"campfire_choices":[{"floor":15,"key":"REST"}],"circlet_count":0,"master_deck":["Strike_B","Strike_B","Strike_B","Strike_B","Defend_B","Defend_B","Defend_B","Defend_B","Zap+1","Dualcast","Tempest","Double Energy","Ball Lightning","hubris:PowerSurge","Barrage","Aggregate","Stack","Storm"],"relics":["Cracked Core","halation:EternalFortune","Bag of Preparation","Chameleon Ring"],"acts_visited":["Exordium"],"potions_floor_usage":[6,14,14,16,16],"damage_taken":[{"damage":5,"enemies":"Small Slimes","floor":1,"turns":3},{"damage":0,"enemies":"2 Louse","floor":3,"turns":2},{"damage":6,"enemies":"Jaw Worm","floor":4,"turns":3},{"damage":9,"enemies":"2 Fungi Beasts","floor":5,"turns":2},{"damage":0,"enemies":"Replay:BlueRogue","floor":6,"turns":5},{"damage":21,"enemies":"Exordium Wildlife","floor":7,"turns":3},{"damage":13,"enemies":"Red Slaver","floor":8,"turns":2},{"damage":7,"enemies":"Blue Slaver","floor":10,"turns":2},{"damage":0,"enemies":"Exordium Wildlife","floor":11,"turns":3},{"damage":9,"enemies":"3 Sentries","floor":14,"turns":4},{"damage":71,"enemies":"Fading Forest","floor":16,"turns":11}],"seed_played":"6851068660747050528","potions_obtained":[{"floor":4,"key":"Venom Potion"},{"floor":5,"key":"Flashbang"},{"floor":8,"key":"Swift Potion"},{"floor":11,"key":"Slimebound:ThreeZeroPotion"},{"floor":14,"key":"blueLaboratory:BubblePotion"}],"is_trial":false,"path_per_floor":["M","?","M","M","M","E","M","M","T","M","M","?","$","E","R","B"],"character_chosen":"DEFECT","items_purchased":["Storm"],"campfire_rested":1,"item_purchase_floors":[13],"current_hp_per_floor":[70,73,73,67,58,58,37,24,24,17,17,36,36,27,50,0,0],"gold":166,"neow_bonus":"UPGRADE_CARD","is_daily":false,"chose_seed":false,"campfire_upgraded":0,"win_rate":0.0,"timestamp":1609300992,"path_taken":["M","?","M","M","M","E","M","M","T","M","M","?","$","E","R","BOSS"],"items_purchased_type":["Card"],"build_version":"2020-12-22","purchased_purges":0,"victory":false,"max_hp_per_floor":[75,78,78,78,78,78,78,78,78,78,78,78,78,78,78,78,78],"relic_stats":{"counters":[11,40],"Bag of Preparation":[12],"obtain_stats":[{"Chameleon Ring":14,"halation:EternalFortune":2,"Bag of Preparation":6,"Cracked Core":0},{"Chameleon Ring":10,"halation:EternalFortune":1,"Bag of Preparation":5,"Cracked Core":0},{"Chameleon Ring":29,"halation:EternalFortune":3,"Bag of Preparation":15,"Cracked Core":0}]},"card_choices":[{"not_picked":["Compile Driver","Panic Button"],"picked":"Tempest","floor":1},{"not_picked":["Conserve Battery","Coolheaded"],"picked":"Double Energy","floor":3},{"not_picked":["Sunder","Sweeping Beam","Darkness"],"picked":"SKIP","floor":4},{"not_picked":["Tempest","Compile Driver"],"picked":"Ball Lightning","floor":5},{"not_picked":["Ball Lightning","Beam Cell"],"picked":"hubris:PowerSurge","floor":6},{"not_picked":["Fusion","Reboot"],"picked":"Barrage","floor":7},{"not_picked":["Rebound","Panic Button"],"picked":"Aggregate","floor":8},{"not_picked":["Steam Power","Gash","Sweeping Beam"],"picked":"SKIP","floor":10},{"not_picked":["Hologram","Compile Driver"],"picked":"Stack","floor":11},{"not_picked":["Leap","Multi-Cast","Rip and Tear"],"picked":"SKIP","floor":14}],"player_experience":1158498,"relics_obtained":[{"floor":6,"key":"Bag of Preparation"},{"floor":14,"key":"Chameleon Ring"}],"event_choices":[{"damage_healed":19,"gold_gain":0,"player_choice":"Healed","damage_taken":0,"max_hp_gain":0,"max_hp_loss":0,"event_name":"The Cleric","floor":12,"gold_loss":35}],"is_beta":false,"boss_relics":[],"items_purged_floors":[],"is_endless":false,"potions_floor_spawned":[4,5,8,11,14],"killed_by":"Fading Forest","ascension_level":0}}