{"host":"9d9dhukr2jywmy0f","time":1609315347,"event":{"mods":["2.2 Compatiblity","Alarm Clock","BaseMod","Beaked The Cultist","Bestiary","Block Reminder","Colored Map","Colored Powertips","Curses Come First","DeckTracker","Displayed Cursed Tome","Highlight Path","Key Reminder","Keyboard Shortcuts","Minty Spire (QoL Compilation)","MonsterHotkey","Potion Indicator Mod","Quick Restart","Rare Cards Sparkle","Relic Sorter","Relic Stats","Spire Birthday Party","StSLib","Synergy Search","Unceasing Turn Reminder","Unknown Chances"],"gold_per_floor":[112,128,53,67,84,84,96,96,119,148,148,148,11,30,30,134,134,146,146,71,90,270,270,285,285,285,313,313,323,342,374,374,477,477,491,491,491,504,518,543,543,453,500,517,544,556,656,672,672,672,672,672,38,66,66],"floor_reached":56,"playtime":4626,"items_purged":["beaked:Strike_Y","beaked:Strike_Y","beaked:Strike_Y"],"score":1299,"play_id":"cc250926-346f-4ccc-8761-de8feb32b143","local_time":"20201230160227","is_ascension_mode":false,"campfire_choices":[{"data":"beaked:CursingBlood","floor":6.0,"key":"SMITH"},{"data":"beaked:Windmill","floor":8.0,"key":"SMITH"},{"data":"beaked:Molting","floor":11.0,"key":"SMITH"},{"data":"beaked:CrazyRituals","floor":15.0,"key":"SMITH"},{"data":"beaked:TuckingFeathers","floor":23.0,"key":"SMITH"},{"data":"beaked:FullHouse","floor":25.0,"key":"SMITH"},{"data":"beaked:Overpower","floor":28.0,"key":"SMITH"},{"data":"beaked:CrazyRituals","floor":32.0,"key":"SMITH"},{"data":"beaked:AwakenedForm","floor":41.0,"key":"SMITH"},{"floor":49,"key":"RECALL"},{"data":"beaked:TuckingFeathers","floor":52,"key":"SMITH"}],"circlet_count":0,"master_deck":["beaked:Strike_Y","beaked:Strike_Y+1","beaked:Defend_Y","beaked:Defend_Y","beaked:Ceremony","beaked:Ceremony","beaked:Ceremony","beaked:Molting+1","beaked:CursingBlood+1","beaked:Windmill+1","beaked:CrazyRituals+1","beaked:Overpower+1","beaked:FullHouse+1","beaked:MachineSpirit+1","beaked:TuckingFeathers+1","beaked:CrazyRituals+1","beaked:AwakenedForm+1","beaked:NemesisSlickness","beaked:Insight","beaked:TuckingFeathers+1","beaked:RitualOfBody+1","beaked:BraceForImpact+1","beaked:Daydream","beaked:TuckingFeathers","beaked:Tradeoff+1"],"relics":["beaked:MendingPlumage","NeowsBlessing","Bag of Preparation","Centennial Puzzle","beaked:MawFillet","MutagenicStrength","Turnip","beaked:ThroatLozenge","Lantern","beaked:SacredDeck","Potion Belt","Strawberry","Darkstone Periapt","OrangePellets","Happy Flower","Nunchaku","Bronze Scales"],"acts_visited":["Exordium","TheCity","TheBeyond","TheEnding"],"potions_floor_usage":[55,55],"damage_taken":[{"damage":0.0,"enemies":"Jaw Worm","floor":1.0,"turns":1.0},{"damage":0.0,"enemies":"2 Louse","floor":2.0,"turns":1.0},{"damage":0.0,"enemies":"Small Slimes","floor":4.0,"turns":1.0},{"damage":3.0,"enemies":"2 Fungi Beasts","floor":5.0,"turns":5.0},{"damage":3.0,"enemies":"Red Slaver","floor":7.0,"turns":6.0},{"damage":2.0,"enemies":"Lagavulin","floor":10.0,"turns":8.0},{"damage":1.0,"enemies":"Exordium Wildlife","floor":14.0,"turns":5.0},{"damage":37.0,"enemies":"Slime Boss","floor":16.0,"turns":7.0},{"damage":5.0,"enemies":"3 Byrds","floor":18.0,"turns":6.0},{"damage":24.0,"enemies":"Spheric Guardian","floor":21.0,"turns":4.0},{"damage":6.0,"enemies":"Shelled Parasite and Fungi","floor":24.0,"turns":7.0},{"damage":32.0,"enemies":"Slavers","floor":27.0,"turns":5.0},{"damage":0.0,"enemies":"Snake Plant","floor":29.0,"turns":4.0},{"damage":16.0,"enemies":"3 Cultists","floor":30.0,"turns":5.0},{"damage":11.0,"enemies":"Book of Stabbing","floor":31.0,"turns":6.0},{"damage":27.0,"enemies":"Collector","floor":33.0,"turns":5.0},{"damage":20.0,"enemies":"3 Darklings","floor":35.0,"turns":3.0},{"damage":12.0,"enemies":"3 Shapes","floor":38.0,"turns":5.0},{"damage":1.0,"enemies":"3 Darklings","floor":39.0,"turns":3.0},{"damage":4.0,"enemies":"Giant Head","floor":40.0,"turns":6.0},{"damage":11,"enemies":"4 Shapes","floor":44,"turns":4},{"damage":17,"enemies":"beaked:SuperParasite","floor":45,"turns":3},{"damage":24,"enemies":"Spire Growth","floor":46,"turns":4},{"damage":12,"enemies":"Sphere and 2 Shapes","floor":48,"turns":4},{"damage":12,"enemies":"Awakened One","floor":50,"turns":5},{"damage":0,"enemies":"Shield and Spear","floor":54,"turns":4},{"damage":39,"enemies":"The Heart","floor":55,"turns":3}],"seed_played":"-4312098354765730442","potions_obtained":[{"floor":1.0,"key":"beaked:MendingBrew"},{"floor":5.0,"key":"Weak Potion"},{"floor":14.0,"key":"FearPotion"},{"floor":16.0,"key":"AttackPotion"},{"floor":24.0,"key":"beaked:MendingBrew"},{"floor":27.0,"key":"Fruit Juice"},{"floor":29.0,"key":"SteroidPotion"},{"floor":30.0,"key":"Ancient Potion"},{"floor":39.0,"key":"Swift Potion"},{"floor":46,"key":"beaked:MendingBrew"}],"is_trial":false,"path_per_floor":["M","M","$","M","M","R","M","R","T","E","R","?","$","M","R","B",null,"M","?","?","M","?","R","M","R","T","E","R","M","M","E","R","B",null,"M","?","T","M","M","E","R","?","T","M","E","M","?","M","R","B",null,"R","$","E","B",null],"character_chosen":"BEAKED_THE_CULTIST","items_purchased":["beaked:CrazyRituals","OrangePellets","PowerPotion","Happy Flower","Nunchaku"],"campfire_rested":0,"item_purchase_floors":[13,53,53,53,53],"current_hp_per_floor":[50,50,50,50,50,50,50,50,50,50,50,43,43,50,50,31,50,50,50,50,35,16,16,48,48,48,55,55,55,55,55,55,51,55,55,55,55,55,55,55,55,55,62,62,62,54,54,62,62,62,62,62,62,62,61],"gold":66,"neow_bonus":"THREE_ENEMY_KILL","is_daily":false,"chose_seed":false,"campfire_upgraded":10,"win_rate":0.0,"timestamp":1609315347,"path_taken":["M","M","$","M","M","R","M","R","T","E","R","?","$","M","R","BOSS","M","?","?","M","?","R","?","R","T","E","R","M","M","E","R","BOSS","M","?","?","M","?","E","R","?","T","M","E","?","?","M","R","BOSS","R","$","E","BOSS"],"items_purchased_type":["Card","Relic","Potion","Relic","Relic"],"build_version":"2020-11-30","purchased_purges":3,"victory":true,"max_hp_per_floor":[50,50,50,50,50,50,50,50,50,50,50,50,50,50,50,50,50,50,50,50,50,50,50,50,50,50,55,55,55,55,55,55,55,55,55,55,55,55,55,55,55,55,62,62,62,62,62,62,62,62,62,62,62,62,62],"relic_stats":{"Darkstone Periapt":0,"OrangePellets":[4],"Centennial Puzzle":[57],"Nunchaku":[3],"Happy Flower":[2],"counters":[27,120],"Bronze Scales":[3],"Turnip":[12],"Bag of Preparation":[44],"obtain_stats":[{"Potion Belt":40,"Darkstone Periapt":45,"beaked:ThroatLozenge":27,"Lantern":31,"NeowsBlessing":0,"Happy Flower":53,"Bag of Preparation":9,"keyreminder:keyreminder":37,"OrangePellets":53,"Centennial Puzzle":10,"Nunchaku":53,"MutagenicStrength":19,"Strawberry":43,"Bronze Scales":54,"beaked:SacredDeck":34,"beaked:MawFillet":17,"Turnip":26,"beaked:MendingPlumage":0},{"Potion Belt":20,"Darkstone Periapt":22,"beaked:ThroatLozenge":12,"Lantern":15,"NeowsBlessing":0,"Happy Flower":25,"Bag of Preparation":5,"keyreminder:keyreminder":17,"OrangePellets":25,"Centennial Puzzle":6,"Nunchaku":25,"MutagenicStrength":9,"Strawberry":20,"Bronze Scales":26,"beaked:SacredDeck":16,"beaked:MawFillet":8,"Turnip":11,"beaked:MendingPlumage":0},{"Potion Belt":93,"Darkstone Periapt":100,"beaked:ThroatLozenge":56,"Lantern":71,"NeowsBlessing":0,"Happy Flower":113,"Bag of Preparation":14,"keyreminder:keyreminder":79,"OrangePellets":113,"Centennial Puzzle":22,"Nunchaku":113,"MutagenicStrength":40,"Strawberry":93,"Bronze Scales":117,"beaked:SacredDeck":76,"beaked:MawFillet":34,"Turnip":51,"beaked:MendingPlumage":0}]},"card_choices":[{"not_picked":["beaked:Roost","beaked:TuckingFeathers"],"picked":"beaked:Molting","floor":1.0},{"not_picked":["beaked:Daydream","beaked:Redirect"],"picked":"beaked:CursingBlood","floor":2.0},{"not_picked":["beaked:Insight","beaked:SacrificialDive","beaked:WarriorEssence"],"picked":"SKIP","floor":4.0},{"not_picked":["beaked:Brace","beaked:MimicMachine","beaked:Recite"],"picked":"SKIP","floor":5.0},{"not_picked":["beaked:HuntressSpirit","beaked:WildInstinct"],"picked":"beaked:Windmill","floor":7.0},{"not_picked":["beaked:Negation","beaked:CursingBlood","beaked:BloodForTheGods"],"picked":"SKIP","floor":10.0},{"not_picked":["beaked:Overexert","beaked:WindBringer"],"picked":"beaked:Overpower","floor":14.0},{"not_picked":["beaked:MachineEssence","beaked:DarkTribute"],"picked":"beaked:FullHouse","floor":16.0},{"not_picked":["beaked:Evade+1","beaked:Windmill+1"],"picked":"beaked:MachineSpirit+1","floor":18.0},{"not_picked":["beaked:BarbedWire","beaked:Poke"],"picked":"beaked:TuckingFeathers","floor":21.0},{"not_picked":["beaked:WindBringer+1","beaked:MimicWarrior","beaked:MachineSpirit"],"picked":"SKIP","floor":24.0},{"not_picked":["beaked:WarriorEssence+1","beaked:Tradeoff","beaked:SacrificialAttack"],"picked":"SKIP","floor":27.0},{"not_picked":["beaked:VigorBurst","beaked:Evade"],"picked":"beaked:CrazyRituals","floor":29.0},{"not_picked":["beaked:Foresight","beaked:MimicWarrior","beaked:CursingBlood+1"],"picked":"SKIP","floor":30.0},{"not_picked":["beaked:CheekyTricks","beaked:SacrificialAttack+1","beaked:Daydream"],"picked":"SKIP","floor":31.0},{"not_picked":["beaked:KnowThyFoe","beaked:LiftOff"],"picked":"beaked:AwakenedForm","floor":33.0},{"not_picked":["beaked:Resilience+1","beaked:Overexert"],"picked":"beaked:Insight","floor":35.0},{"not_picked":["beaked:Mantra+1","beaked:SurvivalInstinct+1"],"picked":"beaked:TuckingFeathers","floor":38.0},{"not_picked":["beaked:Insight+1","beaked:Redirect","beaked:Mantra+1"],"picked":"SKIP","floor":39.0},{"not_picked":["beaked:BraceForImpact+1","beaked:DesperateSwing"],"picked":"beaked:RitualOfBody+1","floor":40.0},{"not_picked":["beaked:SacrificialAttack","beaked:BarbedWire+1","beaked:Tweet+1"],"picked":"SKIP","floor":44},{"not_picked":["beaked:Tweet+1","beaked:Windmill+1"],"picked":"beaked:BraceForImpact+1","floor":45},{"not_picked":["beaked:Evade+1","beaked:Flinch+1"],"picked":"beaked:Daydream","floor":46},{"not_picked":["beaked:RitualOfBody","beaked:Insight"],"picked":"beaked:TuckingFeathers","floor":48},{"not_picked":["beaked:MimicHuntress+1","beaked:Insight"],"picked":"beaked:Tradeoff+1","floor":54}],"player_experience":763269,"relics_obtained":[{"floor":9.0,"key":"Bag of Preparation"},{"floor":10.0,"key":"Centennial Puzzle"},{"floor":26.0,"key":"Turnip"},{"floor":27.0,"key":"beaked:ThroatLozenge"},{"floor":31.0,"key":"Lantern"},{"floor":40.0,"key":"Potion Belt"},{"floor":43.0,"key":"Strawberry"},{"floor":45,"key":"Darkstone Periapt"},{"floor":54,"key":"Bronze Scales"}],"event_choices":[{"cards_removed":["beaked:Strike_Y"],"damage_healed":0.0,"max_hp_gain":0.0,"max_hp_loss":0.0,"gold_gain":0.0,"event_name":"Golden Wing","player_choice":"Card Removal","floor":12.0,"gold_loss":0.0,"damage_taken":7.0},{"damage_healed":0.0,"max_hp_gain":0.0,"max_hp_loss":0.0,"gold_gain":0.0,"event_name":"Drug Dealer","player_choice":"Inject Mutagens","floor":19.0,"gold_loss":0.0,"damage_taken":0.0,"relics_obtained":["MutagenicStrength"]},{"cards_removed":["beaked:Defend_Y"],"damage_healed":0.0,"max_hp_gain":0.0,"max_hp_loss":0.0,"gold_gain":0.0,"event_name":"Beggar","player_choice":"Gave Gold","floor":20.0,"gold_loss":75.0,"damage_taken":0.0},{"damage_healed":0.0,"max_hp_gain":0.0,"max_hp_loss":0.0,"gold_gain":180.0,"event_name":"Knowing Skull","player_choice":"GOLD GOLD ","floor":22.0,"potions_obtained":[],"gold_loss":0.0,"damage_taken":19.0,"cards_obtained":[]},{"damage_healed":0.0,"max_hp_gain":0.0,"max_hp_loss":0.0,"gold_gain":0.0,"event_name":"Tomb of Lord Red Mask","player_choice":"Ignored","floor":36.0,"gold_loss":0.0,"damage_taken":0.0},{"cards_removed":["beaked:Defend_Y"],"damage_healed":0.0,"max_hp_gain":0.0,"max_hp_loss":0.0,"gold_gain":0.0,"event_name":"Designer","player_choice":"Upgrade and Remove","floor":42.0,"gold_loss":90.0,"damage_taken":0.0,"cards_upgraded":["beaked:Strike_Y"]},{"damage_healed":0,"gold_gain":100,"player_choice":"Pray","damage_taken":0,"max_hp_gain":0,"max_hp_loss":0,"event_name":"Golden Shrine","floor":47,"gold_loss":0}],"is_beta":false,"boss_relics":[{"not_picked":["beaked:BlessedCoat","Cursed Key"],"picked":"beaked:MawFillet"},{"not_picked":["Empty Cage","Calling Bell"],"picked":"beaked:SacredDeck"}],"items_purged_floors":[3,13,53],"is_endless":false,"potions_floor_spawned":[1,5,14,16,24,27,29,30,33,38,39,46],"ascension_level":0}}