{"host":"jyuuog6ydc2s7nd8","time":1609304678,"event":{"mods":["BaseMod","Better Vampires","Minty Spire (QoL Compilation)","Shop Mod","StSLib","The Hierophant","The Servant 0.9.4","TheBandit","[IsaacMod]ÒÔÈö¼âËþ"],"gold_per_floor":[113,38,38,48,64,94,54,54,80,412,412,426,459,459,459,459,459],"floor_reached":16,"playtime":314,"items_purged":["Strike_R"],"score":336,"play_id":"9ce423bc-cadc-43f3-9db9-be8b2d8873be","local_time":"20201230130438","is_ascension_mode":true,"campfire_choices":[{"data":"Bash","floor":8.0,"key":"SMITH"},{"data":"Sever Soul","floor":11.0,"key":"SMITH"},{"data":"Power Through","floor":15.0,"key":"SMITH"}],"circlet_count":0,"master_deck":["AscendersBane","Strike_R","Strike_R","Strike_R+1","Strike_R+1","Defend_R","Defend_R","Defend_R","Defend_R","Bash+1","Shrug It Off","Bloodletting","Feel No Pain","Sever Soul+1","Second Wind","Power Through+1"],"relics":["Burning Blood","HushsDoor","NeowsBlessing","D6","Whetstone","Oddly Smooth Stone","Old Coin","BelialBook","Tiny Chest"],"acts_visited":["Exordium"],"potions_floor_usage":[16],"damage_taken":[{"damage":0.0,"enemies":"2 Louse","floor":1.0,"turns":1.0},{"damage":0.0,"enemies":"Cultist","floor":4.0,"turns":1.0},{"damage":0.0,"enemies":"Small Slimes","floor":5.0,"turns":1.0},{"damage":0.0,"enemies":"Lagavulin","floor":6.0,"turns":3.0},{"damage":11.0,"enemies":"Gremlin Nob","floor":10.0,"turns":3.0},{"damage":16.0,"enemies":"Exordium Wildlife","floor":12.0,"turns":5.0},{"damage":26.0,"enemies":"Lagavulin","floor":13.0,"turns":7.0},{"damage":3,"enemies":"The Guardian","floor":16,"turns":8}],"seed_played":"-2063657878558429427","potions_obtained":[{"floor":1.0,"key":"SteroidPotion"},{"floor":6.0,"key":"EntropicBrew"}],"is_trial":false,"path_per_floor":["M","$","?","M","M","E","$","R","T","E","R","M","E","?","R","B"],"character_chosen":"IRONCLAD","items_purchased":["Sever Soul"],"campfire_rested":0,"item_purchase_floors":[7],"current_hp_per_floor":[74,74,74,75,75,75,75,75,75,70,70,60,40,25,25,22,22],"gold":459,"neow_bonus":"THREE_ENEMY_KILL","is_daily":false,"chose_seed":false,"campfire_upgraded":3,"win_rate":0.0,"timestamp":1609304678,"path_taken":["M","$","?","?","M","E","?","R","T","E","R","M","E","?","R","BOSS"],"items_purchased_type":["Card"],"build_version":"2020-12-22","purchased_purges":1,"victory":false,"max_hp_per_floor":[75,75,75,75,75,75,75,75,75,75,75,75,75,75,75,75,75],"card_choices":[{"not_picked":[],"picked":"ChaosCard","floor":0.0},{"not_picked":["Infernal Blade","Thunderclap"],"picked":"Shrug It Off","floor":1.0},{"not_picked":["Feel No Pain","Wild Strike"],"picked":"Bloodletting","floor":4.0},{"not_picked":["Clothesline","Sword Boomerang","Iron Wave"],"picked":"SKIP","floor":5.0},{"not_picked":["Rupture","Infernal Blade"],"picked":"Feel No Pain","floor":6.0},{"not_picked":["Burning Pact","Fiend Fire"],"picked":"Second Wind","floor":10.0},{"not_picked":["Infernal Blade","Twin Strike"],"picked":"Power Through","floor":12.0},{"not_picked":["Infernal Blade","Iron Wave","Immolate"],"picked":"SKIP","floor":13.0}],"player_experience":1788293,"relics_obtained":[{"floor":6.0,"key":"Whetstone"},{"floor":9.0,"key":"Oddly Smooth Stone"},{"floor":10.0,"key":"Old Coin"},{"floor":13.0,"key":"BelialBook"}],"event_choices":[{"damage_healed":0.0,"max_hp_gain":0.0,"max_hp_loss":0.0,"gold_gain":0.0,"event_name":"The Cleric","player_choice":"Leave","floor":3.0,"gold_loss":0.0,"damage_taken":0.0}],"is_beta":false,"boss_relics":[],"items_purged_floors":[2],"is_endless":false,"potions_floor_spawned":[1,6,12],"killed_by":"The Guardian","ascension_level":20}}