{"host":"ygfasg9u7olr7skw","time":1609347503,"event":{"mods":["AchievementEnabler","BaseMod","Better Note","Better Vampires","Colored Powertips","Minty Spire (QoL Compilation)","Replay The Spire","Spicy Shops","StSLib","The IronCluck"],"gold_per_floor":[116,126,29,45,45,45,45,56,83,109,137,149,195,207,219,326,338,364,376,443,138,138,138,158,173,197,197,197],"floor_reached":27,"playtime":1329,"items_purged":["Strike_B","Strike_B"],"score":234,"play_id":"4e7a1a0e-272e-4bef-9d49-aebc7133681d","local_time":"20201230115823","is_ascension_mode":true,"campfire_choices":[{"data":"Genetic Algorithm","floor":6,"key":"SMITH"},{"floor":12,"key":"REST"},{"floor":15,"key":"REST"},{"floor":23,"key":"REST"}],"circlet_count":0,"master_deck":["Strike_B+1","Defend_B","Defend_B","Defend_B","Defend_B","Zap","Dualcast","Gash","Genetic Algorithm+1","Gash+1","ReplayGash+1","Gash+1","Decay","Pot Of Greed","Pot Of Greed"],"relics":["Cracked Core","MawBank","Bag of Preparation","SlaversCollar","Incense Burner","ReplayTheSpireMod:ShopPack","Whetstone","Grinning Jar"],"acts_visited":["Exordium","TheCity"],"potions_floor_usage":[16,25,27,27],"damage_taken":[{"damage":1,"enemies":"Cultist","floor":1,"turns":3},{"damage":0,"enemies":"Small Slimes","floor":2,"turns":2},{"damage":1,"enemies":"2 Louse","floor":4,"turns":3},{"damage":1,"enemies":"2 Fungi Beasts","floor":8,"turns":3},{"damage":6,"enemies":"Blue Slaver","floor":10,"turns":4},{"damage":29,"enemies":"Exordium Wildlife","floor":11,"turns":6},{"damage":23,"enemies":"Lagavulin","floor":13,"turns":7},{"damage":36,"enemies":"Slime Boss","floor":16,"turns":10},{"damage":25,"enemies":"Chosen","floor":18,"turns":7},{"damage":13,"enemies":"2 Thieves","floor":24,"turns":4},{"damage":31,"enemies":"Chosen and Byrds","floor":25,"turns":8},{"damage":14,"enemies":"Colosseum Slavers","floor":27,"turns":4}],"seed_played":"274357970251459427","potions_obtained":[{"floor":1,"key":"Strength Potion"},{"floor":7,"key":"DistilledChaos"},{"floor":7,"key":"LiquidMemories"},{"floor":20,"key":"Regen Potion"},{"floor":20,"key":"DistilledChaos"}],"is_trial":false,"path_per_floor":["M","M","$","M","?","R","?","M","T","M","M","R","E","?","R","B",null,"M","?","?","$","?","R","M","M","T","?"],"character_chosen":"DEFECT","items_purchased":["Gash","ReplayTheSpireMod:ShopPack","Whetstone"],"campfire_rested":3,"item_purchase_floors":[3,21,21],"current_hp_per_floor":[74,74,74,73,73,73,73,72,72,66,37,59,36,36,58,22,75,50,50,20,20,20,42,29,13,13,0,0],"gold":197,"neow_bonus":"REMOVE_CARD","is_daily":false,"chose_seed":false,"campfire_upgraded":1,"win_rate":0.0,"timestamp":1609347503,"path_taken":["M","M","$","?","?","R","?","M","T","M","?","R","E","?","R","BOSS","M","?","?","$","?","R","?","?","T","?"],"items_purchased_type":["Card","Relic","Relic"],"build_version":"2020-12-22","purchased_purges":2,"victory":false,"max_hp_per_floor":[75,75,75,75,75,75,75,75,75,75,75,75,75,75,75,75,75,75,75,75,75,75,75,75,75,75,75,75],"card_choices":[{"not_picked":["Recycle","ReplayTheSpireMod:System Scan"],"picked":"Gash","floor":1},{"not_picked":["ReplaySort","Reinforced Body"],"picked":"Genetic Algorithm","floor":2},{"not_picked":["Hello World","Barrage","FTL"],"picked":"SKIP","floor":4},{"not_picked":["Chaos","BasicCrystalCard","Cold Snap"],"picked":"SKIP","floor":8},{"not_picked":["Steam","Crystallizer","Lockon"],"picked":"SKIP","floor":10},{"not_picked":["Steam","Crystallizer","Lockon"],"picked":"SKIP","floor":10},{"not_picked":["Compile Driver","Redo"],"picked":"ReplayGash","floor":11},{"not_picked":["Biased Cognition","Coolheaded","Reboot"],"picked":"SKIP","floor":13},{"not_picked":["Hello World","BasicCrystalCard"],"picked":"Gash+1","floor":18},{"not_picked":["Loop","Consume","Panic Button"],"picked":"SKIP","floor":24},{"not_picked":["Lockon","Leap+1","Redo+1"],"picked":"SKIP","floor":25}],"player_experience":182441,"relics_obtained":[{"floor":9,"key":"MawBank"},{"floor":13,"key":"Bag of Preparation"},{"floor":26,"key":"Grinning Jar"}],"event_choices":[{"damage_healed":0,"gold_gain":0,"player_choice":"Leave","damage_taken":0,"max_hp_gain":0,"max_hp_loss":0,"event_name":"The Cleric","floor":5,"gold_loss":0},{"damage_healed":0,"gold_gain":0,"player_choice":"Got Potions","damage_taken":0,"max_hp_gain":0,"max_hp_loss":0,"event_name":"Lab","floor":7,"gold_loss":0},{"damage_healed":0,"gold_gain":0,"player_choice":"Forge","damage_taken":0,"max_hp_gain":0,"max_hp_loss":0,"event_name":"Accursed Blacksmith","floor":14,"gold_loss":0,"cards_upgraded":["ReplayGash"]},{"damage_healed":0,"gold_gain":0,"player_choice":"Opened","damage_taken":0,"relics_obtained":["Incense Burner"],"max_hp_gain":0,"max_hp_loss":0,"event_name":"The Mausoleum","floor":19,"gold_loss":0},{"damage_healed":0,"gold_gain":0,"player_choice":"Smashed Altar","damage_taken":0,"max_hp_gain":0,"max_hp_loss":0,"event_name":"Forgotten Altar","floor":22,"gold_loss":0,"cards_obtained":["Decay"]},{"damage_healed":0,"gold_gain":0,"player_choice":"Fight","damage_taken":0,"max_hp_gain":0,"max_hp_loss":0,"event_name":"Colosseum","floor":27,"gold_loss":0}],"is_beta":false,"boss_relics":[{"not_picked":["FrozenCore","Replay:Drink Me"],"picked":"SlaversCollar"}],"items_purged_floors":[3,21],"is_endless":false,"potions_floor_spawned":[1,8],"killed_by":"Colosseum Slavers","ascension_level":2}}