{"host":"yuhy0i501zzmn1iz","time":1609352867,"event":{"mods":["AchievementEnabler","AlwaysNeverKeys","BaseMod","Bestiary","Better Match","Better Third Choice","Curses Come First","Downfall","Minty Spire (QoL Compilation)","StSLib","The Blue Laboratory","slay the spire mod where everything is the same but ironclad has a cowboy hat"],"gold_per_floor":[114,289,239,92,92,117,117,149,149,99,125,145,171,187,187,287,287,304,7,7,26,26,26,56,56,56,56,71,95,110,125,125,221,221,233,233,244,294,39,69,69,101,101,101,135,135,152,152,152],"floor_reached":48,"playtime":3269,"items_purged":["Zap","Auto Shields"],"score":646,"play_id":"7c03cbb4-41f5-4222-8579-72896aa7ba79","local_time":"20201230132747","is_ascension_mode":true,"campfire_choices":[{"data":"Defragment","floor":7.0,"key":"SMITH"},{"floor":15.0,"key":"REST"},{"data":"Fusion","floor":23.0,"key":"SMITH"},{"floor":27.0,"key":"REST"},{"data":"Double Energy","floor":32.0,"key":"SMITH"},{"floor":41.0,"key":"RECALL"}],"circlet_count":0,"master_deck":["Strike_B","Defend_B","Defend_B+1","Defend_B","Defend_B","Dualcast","BootSequence","Genetic Algorithm+1","Doom and Gloom","Defragment+1","Streamline","Fusion+1","Multi-Cast","Leap+1","Echo Form+1","Barrage","Genetic Algorithm+1","RitualDagger","Sweeping Beam+1","Undo","Echo Form","Glacier","Creative AI","Conserve Battery","Streamline","Defragment","Panache","Hello World"],"relics":["Sozu","War Paint","Thread and Needle","Smiling Mask","Oddly Smooth Stone","TungstenRod","Blood Vial","Juzu Bracelet","Astrolabe","DataDisk","DollysMirror","Mummified Hand","Anchor","Busted Crown","Mango","Chemical X","Akabeko","Incense Burner","The Courier","Bronze Scales"],"acts_visited":["Exordium","TheCity","TheBeyond"],"potions_floor_usage":[],"damage_taken":[{"damage":9.0,"enemies":"Jaw Worm","floor":1.0,"turns":3.0},{"damage":0.0,"enemies":"Lagavulin","floor":6.0,"turns":6.0},{"damage":10.0,"enemies":"Gremlin Nob","floor":8.0,"turns":4.0},{"damage":5.0,"enemies":"Lagavulin","floor":11.0,"turns":6.0},{"damage":3.0,"enemies":"Small Slimes","floor":12.0,"turns":3.0},{"damage":30.0,"enemies":"Gremlin Nob","floor":13.0,"turns":5.0},{"damage":0.0,"enemies":"2 Louse","floor":14.0,"turns":3.0},{"damage":32.0,"enemies":"The Guardian","floor":16.0,"turns":10.0},{"damage":8.0,"enemies":"3 Byrds","floor":18.0,"turns":5.0},{"damage":0.0,"enemies":"Shell Parasite","floor":21.0,"turns":5.0},{"damage":23.0,"enemies":"Slavers","floor":24.0,"turns":8.0},{"damage":0.0,"enemies":"3 Cultists","floor":28.0,"turns":6.0},{"damage":27.0,"enemies":"Snecko","floor":30.0,"turns":6.0},{"damage":3.0,"enemies":"Sentry and Sphere","floor":31.0,"turns":6.0},{"damage":24.0,"enemies":"Champ","floor":33.0,"turns":14.0},{"damage":51.0,"enemies":"3 Shapes","floor":35.0,"turns":5.0},{"damage":9.0,"enemies":"3 Darklings","floor":37.0,"turns":4.0},{"damage":5.0,"enemies":"Mind Bloom Boss Battle","floor":38.0,"turns":8.0},{"damage":9.0,"enemies":"Nemesis","floor":40.0,"turns":6.0},{"damage":6.0,"enemies":"Giant Head","floor":42.0,"turns":7.0},{"damage":21.0,"enemies":"Reptomancer","floor":45.0,"turns":7.0},{"damage":43.0,"enemies":"Transient","floor":47.0,"turns":5.0},{"damage":29,"enemies":"Spire Growth","floor":48,"turns":5}],"seed_played":"609755273012282281","potions_obtained":[],"is_trial":false,"path_per_floor":["M","?","?","$","?","E","R","E","T","$","E","M","E","M","R","B",null,"M","$","?","M","?","R","E","?","T","R","M","T","M","M","R","B",null,"M","?","M","?","$","E","R","E","T","?","E","?","M","M"],"character_chosen":"DEFECT","items_purchased":["Genetic Algorithm","Doom and Gloom","DataDisk","DollysMirror","Chemical X","Streamline"],"campfire_rested":2,"item_purchase_floors":[4,4,19,19,39,39],"current_hp_per_floor":[66,66,66,66,60,60,60,50,50,50,45,44,16,18,40,10,75,67,67,62,64,64,64,43,43,43,65,67,67,42,41,41,19,75,24,75,66,77,77,70,70,66,66,66,47,47,6,0,0],"gold":152,"neow_bonus":"BOSS_RELIC","is_daily":false,"chose_seed":false,"campfire_upgraded":3,"win_rate":0.0,"timestamp":1609352867,"path_taken":["M","?","?","$","?","E","R","E","T","$","E","M","E","M","R","BOSS","M","$","?","M","?","R","E","?","T","R","M","?","M","M","R","BOSS","M","?","M","?","$","E","R","E","T","?","E","?","M","M"],"items_purchased_type":["Card","Card","Relic","Relic","Relic","Card"],"build_version":"2020-12-22","purchased_purges":2,"victory":false,"max_hp_per_floor":[75,75,75,75,75,75,75,75,75,75,75,75,75,75,75,75,75,75,75,75,75,75,75,75,75,75,75,75,75,75,75,75,75,75,75,75,75,89,89,89,89,89,89,89,89,89,89,89,89],"card_choices":[{"not_picked":["Coolheaded","Hologram"],"picked":"BootSequence","floor":1.0},{"not_picked":["Reboot","Ball Lightning"],"picked":"Defragment","floor":6.0},{"not_picked":["Coolheaded","Self Repair"],"picked":"Streamline","floor":8.0},{"not_picked":["Coolheaded","Force Field"],"picked":"Fusion","floor":11.0},{"not_picked":["Gash","Leap","Redo"],"picked":"SKIP","floor":12.0},{"not_picked":["Hyperbeam","Steam"],"picked":"Auto Shields","floor":13.0},{"not_picked":["Rebound","Turbo","Sweeping Beam"],"picked":"SKIP","floor":14.0},{"not_picked":["Biased Cognition","Thunder Strike"],"picked":"Multi-Cast","floor":16.0},{"not_picked":["Self Repair","Compile Driver"],"picked":"Barrage","floor":18.0},{"not_picked":["Gash","Beam Cell+1"],"picked":"Sweeping Beam+1","floor":21.0},{"not_picked":["Beam Cell+1","FTL"],"picked":"Echo Form","floor":24.0},{"not_picked":["Redo","Compile Driver"],"picked":"Glacier","floor":28.0},{"not_picked":["Glacier","Melter","Rebound"],"picked":"SKIP","floor":30.0},{"not_picked":["Rip and Tear","Leap"],"picked":"Double Energy","floor":31.0},{"not_picked":["Thunder Strike","Biased Cognition"],"picked":"Creative AI","floor":33.0},{"not_picked":["Ball Lightning"],"picked":"SKIP","floor":35.0},{"not_picked":["Go for the Eyes+1"],"picked":"SKIP","floor":37.0},{"not_picked":[],"picked":"Conserve Battery","floor":38.0},{"not_picked":["Ball Lightning+1"],"picked":"SKIP","floor":40.0},{"not_picked":[],"picked":"Defragment","floor":42.0},{"not_picked":[],"picked":"Panache","floor":44.0},{"not_picked":[],"picked":"Hello World","floor":45.0},{"not_picked":["Recycle+1"],"picked":"SKIP","floor":47.0}],"player_experience":247569,"relics_obtained":[{"floor":6.0,"key":"Smiling Mask"},{"floor":8.0,"key":"Oddly Smooth Stone"},{"floor":9.0,"key":"TungstenRod"},{"floor":11.0,"key":"Blood Vial"},{"floor":13.0,"key":"Juzu Bracelet"},{"floor":24.0,"key":"Mummified Hand"},{"floor":29.0,"key":"Anchor"},{"floor":38.0,"key":"Mango"},{"floor":40.0,"key":"Akabeko"},{"floor":42.0,"key":"Incense Burner"},{"floor":43.0,"key":"The Courier"},{"floor":45.0,"key":"Bronze Scales"}],"event_choices":[{"damage_healed":0.0,"max_hp_gain":0.0,"max_hp_loss":0.0,"gold_gain":175.0,"event_name":"betterThird:BetterSerpent","player_choice":"AGREE","floor":2.0,"gold_loss":0.0,"damage_taken":114.0},{"cards_removed":["Doubt"],"damage_healed":0.0,"max_hp_gain":0.0,"max_hp_loss":0.0,"gold_gain":0.0,"event_name":"The Cleric","player_choice":"Card Removal","floor":3.0,"gold_loss":50.0,"damage_taken":0.0},{"damage_healed":0.0,"max_hp_gain":0.0,"max_hp_loss":0.0,"gold_gain":1.0,"event_name":"betterThird:BetterScrap","player_choice":"Relic Relic ","floor":5.0,"gold_loss":0.0,"damage_taken":6.0,"cards_obtained":["EmptyMind"]},{"damage_healed":0.0,"max_hp_gain":0.0,"max_hp_loss":0.0,"gold_gain":0.0,"event_name":"betterThird:BetterNest","player_choice":"Dagger","floor":20.0,"gold_loss":0.0,"damage_taken":6.0,"cards_obtained":["RitualDagger"]},{"damage_healed":0.0,"max_hp_gain":0.0,"max_hp_loss":0.0,"gold_gain":0.0,"cards_transformed":["Ball Lightning"],"event_name":"Transmorgrifier","player_choice":"Transformed","floor":22.0,"gold_loss":0.0,"damage_taken":0.0,"cards_obtained":["Undo"]},{"damage_healed":0.0,"max_hp_gain":0.0,"max_hp_loss":0.0,"gold_gain":0.0,"event_name":"The Woman in Blue","player_choice":"Bought 0 Potions","floor":25.0,"gold_loss":0.0,"damage_taken":0.0},{"cards_removed":["Double Energy"],"damage_healed":51.0,"max_hp_gain":0.0,"max_hp_loss":0.0,"gold_gain":0.0,"event_name":"Bonfire Elementals","player_choice":"Offered Uncommon","floor":36.0,"gold_loss":0.0,"damage_taken":0.0},{"damage_healed":0.0,"max_hp_gain":0.0,"max_hp_loss":0.0,"gold_gain":0.0,"event_name":"MindBloom","player_choice":"Fight","floor":38.0,"gold_loss":0.0,"damage_taken":0.0},{"damage_healed":0.0,"max_hp_gain":0.0,"max_hp_loss":0.0,"gold_gain":0.0,"event_name":"SensoryStone","player_choice":"Memory 1","floor":44.0,"gold_loss":0.0,"damage_taken":0.0},{"damage_healed":0.0,"max_hp_gain":0.0,"max_hp_loss":0.0,"gold_gain":0.0,"event_name":"Lab","player_choice":"Got Potions","floor":46.0,"gold_loss":0.0,"damage_taken":0.0}],"is_beta":false,"boss_relics":[{"not_picked":["Velvet Choker","Fusion Hammer"],"picked":"Astrolabe"},{"not_picked":["Calling Bell","Black Star"],"picked":"Busted Crown"}],"items_purged_floors":[10,39],"is_endless":false,"potions_floor_spawned":[6,13,14,16,21,30,31,40,42,47],"killed_by":"Spire Growth","ascension_level":2}}