{"host":"56792r0r1tfnc9x9","time":1609351031,"event":{"mods":["2.2 Compatiblity","AchievementEnabler","Act Like it!","Aspiration","BaseMod","Better Note","Better Third Choice","Better Vampires","BetterRewards","Block Reminder","CapriCore","Colored Map","Colored Powertips","Conspire","Downfall","Elementarium","Emptier Cage","Energized Spire","GifTheSpireLib","Gremlin Mod","Halation","Hermit","Highlight Path","Hubris","Jedi Mod","Jorbs\u0027s Wanderer Trilogy","Marisa????????","Minty Spire (QoL Compilation)","Pale of the Ancients","Potionbrewer","Rare Cards Sparkle","Relic Stats","Replay The Spire","Robot Space Explorer","SacredBarkPlus","Spicy Shops","StSLib","Stuff the Spire","Synergy Search","The Construct","The Jungle","The Runesmith","Waifu the Spire","Wandering Minibosses"],"gold_per_floor":[111,92,105,105,0,11,11,31,31,59,59,94,124,141,141,243,243,256,268,48,48,88,118,118,139,139,149,161,191,207,221,221,323,323,343,253,7,21,38,87,387,398,424,444,444,454,487,498,498,498,498,498,69,99,99],"floor_reached":56,"playtime":7058,"items_purged":["RobotSpaceExplorer:Defend","RobotSpaceExplorer:Defend"],"score":1612,"play_id":"213b8887-4ccf-4a1c-9814-077de69c067e","local_time":"20201230115711","is_ascension_mode":false,"campfire_choices":[{"data":"Enlightenment","floor":7.0,"key":"SMITH"},{"data":"RobotSpaceExplorer:Autoloader","floor":15.0,"key":"SMITH"},{"data":"RobotSpaceExplorer:Blaster","floor":24.0,"key":"SMITH"},{"data":"RobotSpaceExplorer:TurboDodge","floor":32.0,"key":"SMITH"},{"floor":49,"key":"RECALL"},{"data":"RobotSpaceExplorer:Fix","floor":52,"key":"SMITH"}],"circlet_count":0,"master_deck":["RobotSpaceExplorer:Defend","RobotSpaceExplorer:Scan","RobotSpaceExplorer:MiniLasers","jedi:LeechingStrike","RobotSpaceExplorer:IronShell","RobotSpaceExplorer:PlasmaMissile","Dash","Eviscerate","Dagger Throw","Enlightenment+1","RobotSpaceExplorer:StarLightning","RobotSpaceExplorer:Blaster+1","RobotSpaceExplorer:Autoloader+1","RobotSpaceExplorer:FreezeRay","RobotSpaceExplorer:DoubleBlock","RobotSpaceExplorer:Explosion+1","RobotSpaceExplorer:FrostMissile+1","Pot Of Greed","Pot Of Greed","RobotSpaceExplorer:ScrapMissile","RobotSpaceExplorer:Autoloader+1","RobotSpaceExplorer:TurboDodge+1","Pot Of Greed","RobotSpaceExplorer:ToxicBomb","RobotSpaceExplorer:Fix+1","RobotSpaceExplorer:ChargingLaser","RobotSpaceExplorer:ExhaustFan+1","RobotSpaceExplorer:Autoloader","Thinking Ahead+1","RobotSpaceExplorer:BlastShield","RobotSpaceExplorer:MakeshiftVolley+1","RobotSpaceExplorer:Blitz+1"],"relics":["RobotSpaceExplorer:RoboCore","hubris:PeanutButter","Gremlin Food","halation:Sosunser","Kunai","construct:FoamFinger","StrikeDummy","jedi:gremlinknob","Matryoshka","conspire:SpecialSausage","Grinning Jar","wanderingMiniBosses:ThiefScarf","Anchor","Nloth\u0027s Gift","Replay:Bottled Eggs","Nunchaku","Counterbalance","hubris:Backtick","hubris:MysteriousPyramids","jedi:crownofsimplicity","Thread and Needle","StuffTheSpire:GrapeVine","ReplayTheSpireMod:Lightbulb","potionbrewer:Torch","potionbrewer:AlchemistFlask","TheAbacus","Ginger"],"acts_visited":["Exordium","TheCity","TheBeyond","TheEnding"],"potions_floor_usage":[50,50,50,54,54],"damage_taken":[{"damage":0.0,"enemies":"Cultist","floor":1.0,"turns":3.0},{"damage":0.0,"enemies":"2 Louse","floor":2.0,"turns":5.0},{"damage":1.0,"enemies":"Small Slimes","floor":3.0,"turns":4.0},{"damage":0.0,"enemies":"Looter","floor":6.0,"turns":2.0},{"damage":0.0,"enemies":"Large Slime","floor":8.0,"turns":2.0},{"damage":0.0,"enemies":"Gremlin Nob","floor":10.0,"turns":2.0},{"damage":15.0,"enemies":"Lagavulin","floor":12.0,"turns":6.0},{"damage":0.0,"enemies":"2 Fungi Beasts","floor":14.0,"turns":3.0},{"damage":6.0,"enemies":"Hexaghost","floor":16.0,"turns":7.0},{"damage":0.0,"enemies":"3 Byrds","floor":18.0,"turns":5.0},{"damage":2.0,"enemies":"Shell Parasite","floor":19.0,"turns":3.0},{"damage":4.0,"enemies":"Snake Plant","floor":22.0,"turns":6.0},{"damage":0.0,"enemies":"Gremlin Leader","floor":23.0,"turns":3.0},{"damage":10.0,"enemies":"Sentry and Sphere","floor":25.0,"turns":4.0},{"damage":0.0,"enemies":"Snecko","floor":27.0,"turns":3.0},{"damage":3.0,"enemies":"Snake Plant","floor":28.0,"turns":3.0},{"damage":15.0,"enemies":"Book of Stabbing","floor":29.0,"turns":4.0},{"damage":0.0,"enemies":"Centurion and Healer","floor":30.0,"turns":3.0},{"damage":0.0,"enemies":"Shelled Parasite and Fungi","floor":31.0,"turns":3.0},{"damage":8.0,"enemies":"Pondfish","floor":33.0,"turns":5.0},{"damage":0.0,"enemies":"3 Darklings","floor":35.0,"turns":4.0},{"damage":0.0,"enemies":"Orb Walker","floor":38.0,"turns":2.0},{"damage":3.0,"enemies":"Jaw Worm Horde","floor":39.0,"turns":3.0},{"damage":19.0,"enemies":"2 Orb Walkers","floor":40.0,"turns":4.0},{"damage":11.0,"enemies":"4 Shapes","floor":42.0,"turns":4.0},{"damage":4.0,"enemies":"Spire Growth","floor":44.0,"turns":3.0},{"damage":0,"enemies":"Jaw Worm Horde","floor":46,"turns":4},{"damage":0,"enemies":"Nemesis","floor":47,"turns":5},{"damage":0,"enemies":"3 Darklings","floor":48,"turns":4},{"damage":0,"enemies":"Donu and Deca","floor":50,"turns":5},{"damage":42,"enemies":"Shield and Spear","floor":54,"turns":5},{"damage":4,"enemies":"The Heart","floor":55,"turns":5}],"seed_played":"2474126359740330114","potions_obtained":[{"floor":2.0,"key":"Fire Potion"},{"floor":3.0,"key":"EntropicBrew"},{"floor":14.0,"key":"potionbrewer:NoxiousPotion"},{"floor":16.0,"key":"LifebloodPotion"},{"floor":19.0,"key":"jedi:StrikingPotion"},{"floor":23.0,"key":"potionbrewer:MidasPotion"},{"floor":25.0,"key":"Death Potion"},{"floor":28.0,"key":"potionbrewer:InfectionPotion"},{"floor":30.0,"key":"potionbrewer:StunPotion"},{"floor":33.0,"key":"FearPotion"},{"floor":38.0,"key":"Adrenaline Potion"},{"floor":40.0,"key":"RobotSpaceExplorer:LiquidFusion"},{"floor":44.0,"key":"Fire Potion"},{"floor":48,"key":"RobotSpaceExplorer:RecyclePotion"}],"is_trial":false,"path_per_floor":["M","M","M","?","?","M","R","M","T","E","T","E","?","M","R","B",null,"M","M","$","?","M","E","R","M","T","M","M","E","M","M","R","B",null,"M","?","$","M","M","?","?","M","T","M","?","M","E","M","R","B",null,"R","$","E","B",null],"character_chosen":"RobotSpaceExplorer","items_purchased":["hubris:PeanutButter","Gremlin Food","Anchor","halation:Sosunser","jedi:LeechingStrike","Kunai","Grinning Jar","jedi:crownofsimplicity","Thinking Ahead","potionbrewer:AlchemistFlask","RobotSpaceExplorer:RecyclePotion","potionbrewer:NoxiousPotion","TheAbacus"],"campfire_rested":0,"item_purchase_floors":[0,0,0,0,0,0,20,37,37,53,53,53,53],"current_hp_per_floor":[46,53,59,59,65,65,65,65,65,65,65,72,72,79,79,81,81,81,79,79,79,80,80,80,70,70,81,81,81,81,81,81,73,81,81,81,81,81,78,73,73,78,78,74,74,81,81,81,81,81,81,81,81,45,47],"gold":99,"neow_bonus":"","is_daily":false,"chose_seed":false,"campfire_upgraded":5,"win_rate":0.0,"timestamp":1609351031,"path_taken":["M","?","M","?","?","M","R","M","T","E","?","E","?","M","R","BOSS","M","M","$","?","M","E","R","M","T","M","M","E","M","M","R","BOSS","M","?","$","M","?","?","?","?","T","M","?","M","E","M","R","BOSS","R","$","E","BOSS"],"items_purchased_type":["Relic","Relic","Relic","Relic","Card","Relic","Relic","Relic","Card","Relic","Potion","Potion","Relic"],"build_version":"2020-12-22","purchased_purges":2,"victory":true,"max_hp_per_floor":[75,75,75,75,81,81,81,81,81,81,81,81,81,81,81,81,81,81,81,81,81,81,81,81,81,81,81,81,81,81,81,81,81,81,81,81,81,81,81,81,81,81,81,81,81,81,81,81,81,81,81,81,81,81,81],"relic_stats":{"Nunchaku":[27],"TheAbacus":[12],"counters":[45,174],"Nloth\u0027s Gift":5,"Kunai":[100],"Ginger":[2],"obtain_stats":[{"Ice Cream":42,"construct:FoamFinger":9,"Gremlin Horn":40,"potionbrewer:AlchemistFlask":53,"StuffTheSpire:BottledEssence":35,"aspiration:PoetsPen_weak":38,"Ginger":54,"hubris:MysteriousPyramids":34,"Sling":55,"jedi:shrinkray":9,"aspiration:MobileForge":44,"Prayer Wheel":46,"MealTicket":50,"jedi:ashlotus":39,"Kunai":0,"Happy Flower":6,"wanderingMiniBosses:ThiefScarf":22,"aspiration:Nostalgia":0,"Counterbalance":29,"conspire:Boomerang":29,"potionbrewer:ToyAutogyro":47,"potionbrewer:Torch":47,"halation:Jellyphish":29,"Pandora\u0027s Box":17,"hubris:PeanutButter":0,"Nloth\u0027s Gift":21,"Grinning Jar":20,"StrikeDummy":10,"aspiration:HatOfInfinitePower":55,"hubris:Reverence":27,"Pocketwatch":31,"Darkstone Periapt":48,"Regal Pillow":54,"Torii":25,"halation:Sosunser":0,"champ:ChampionCrown":0,"conspire:SpecialSausage":17,"halation:WeightlessCrab":28,"StuffTheSpire:GrapeVine":43,"Replay:Mystery Machine":28,"Burning Blood":0,"conspire:TopHat":30,"ClockworkSouvenir":23,"Replay:Rubber Ducky":44,"aspiration:StickyExplosives_weak":50,"Nunchaku":26,"Matryoshka":13,"TheAbacus":30,"hubris:Backtick":34,"Mummified Hand":31,"Toolbox":23,"jedi:cryingmask":42,"halation:PinkAlligatorPlush":54,"StuffTheSpire:Nightcore":12,"Replay:Bottled Eggs":23,"Gremlin Food":0,"halation:MonkeysPaw":33,"jedi:gremlinknob":11,"RobotSpaceExplorer:RoboCore":2,"Thread and Needle":40,"betterThird:NestCultRelic":20,"jedi:crownofsimplicity":27,"Medical Kit":40,"Replay:Arrowhead":38,"Mercury Hourglass":35,"Anchor":0,"CaptainsWheel":48,"halation:EternalFortune":11,"halation:AfternoonTea":33,"aspiration:RitualDagger":39,"ReplayTheSpireMod:Lightbulb":43,"halation:Trompette":25,"halation:PeacePiece":47},{"Ice Cream":37,"construct:FoamFinger":18,"Gremlin Horn":36,"potionbrewer:AlchemistFlask":43,"StuffTheSpire:BottledEssence":33,"aspiration:PoetsPen_weak":34,"Ginger":44,"hubris:MysteriousPyramids":33,"Sling":44,"jedi:shrinkray":5,"aspiration:MobileForge":38,"Prayer Wheel":39,"MealTicket":42,"jedi:ashlotus":35,"Kunai":13,"Happy Flower":4,"wanderingMiniBosses:ThiefScarf":25,"aspiration:Nostalgia":0,"Counterbalance":30,"conspire:Boomerang":29,"potionbrewer:ToyAutogyro":40,"potionbrewer:Torch":41,"halation:Jellyphish":29,"Pandora\u0027s Box":10,"hubris:PeanutButter":13,"Nloth\u0027s Gift":24,"Grinning Jar":24,"StrikeDummy":19,"aspiration:HatOfInfinitePower":44,"hubris:Reverence":27,"Pocketwatch":31,"Darkstone Periapt":41,"Regal Pillow":43,"Torii":26,"halation:Sosunser":13,"champ:ChampionCrown":0,"conspire:SpecialSausage":22,"halation:WeightlessCrab":28,"StuffTheSpire:GrapeVine":38,"Replay:Mystery Machine":28,"Burning Blood":0,"conspire:TopHat":30,"ClockworkSouvenir":25,"Replay:Rubber Ducky":38,"aspiration:StickyExplosives_weak":42,"Nunchaku":27,"Matryoshka":20,"TheAbacus":30,"hubris:Backtick":33,"Mummified Hand":31,"Toolbox":25,"jedi:cryingmask":37,"halation:PinkAlligatorPlush":43,"StuffTheSpire:Nightcore":20,"Replay:Bottled Eggs":26,"Gremlin Food":13,"halation:MonkeysPaw":32,"jedi:gremlinknob":19,"RobotSpaceExplorer:RoboCore":15,"Thread and Needle":37,"betterThird:NestCultRelic":11,"jedi:crownofsimplicity":27,"Medical Kit":36,"Replay:Arrowhead":34,"Mercury Hourglass":33,"Anchor":13,"CaptainsWheel":41,"halation:EternalFortune":6,"halation:AfternoonTea":32,"aspiration:RitualDagger":35,"ReplayTheSpireMod:Lightbulb":38,"halation:Trompette":26,"halation:PeacePiece":40},{"Ice Cream":139,"construct:FoamFinger":66,"Gremlin Horn":135,"potionbrewer:AlchemistFlask":164,"StuffTheSpire:BottledEssence":126,"aspiration:PoetsPen_weak":130,"Ginger":169,"hubris:MysteriousPyramids":126,"Sling":169,"jedi:shrinkray":17,"aspiration:MobileForge":143,"Prayer Wheel":146,"MealTicket":159,"jedi:ashlotus":132,"Kunai":50,"Happy Flower":15,"wanderingMiniBosses:ThiefScarf":98,"aspiration:Nostalgia":0,"Counterbalance":115,"conspire:Boomerang":111,"potionbrewer:ToyAutogyro":150,"potionbrewer:Torch":155,"halation:Jellyphish":111,"Pandora\u0027s Box":39,"hubris:PeanutButter":50,"Nloth\u0027s Gift":92,"Grinning Jar":92,"StrikeDummy":68,"aspiration:HatOfInfinitePower":169,"hubris:Reverence":105,"Pocketwatch":118,"Darkstone Periapt":155,"Regal Pillow":164,"Torii":101,"halation:Sosunser":50,"champ:ChampionCrown":0,"conspire:SpecialSausage":84,"halation:WeightlessCrab":108,"StuffTheSpire:GrapeVine":143,"Replay:Mystery Machine":108,"Burning Blood":0,"conspire:TopHat":115,"ClockworkSouvenir":98,"Replay:Rubber Ducky":143,"aspiration:StickyExplosives_weak":159,"Nunchaku":105,"Matryoshka":74,"TheAbacus":115,"hubris:Backtick":126,"Mummified Hand":118,"Toolbox":98,"jedi:cryingmask":139,"halation:PinkAlligatorPlush":164,"StuffTheSpire:Nightcore":74,"Replay:Bottled Eggs":101,"Gremlin Food":50,"halation:MonkeysPaw":121,"jedi:gremlinknob":68,"RobotSpaceExplorer:RoboCore":57,"Thread and Needle":139,"betterThird:NestCultRelic":42,"jedi:crownofsimplicity":105,"Medical Kit":135,"Replay:Arrowhead":130,"Mercury Hourglass":126,"Anchor":50,"CaptainsWheel":155,"halation:EternalFortune":20,"halation:AfternoonTea":121,"aspiration:RitualDagger":132,"ReplayTheSpireMod:Lightbulb":143,"halation:Trompette":101,"halation:PeacePiece":150}]},"card_choices":[{"not_picked":["RobotSpaceExplorer:SurgingStrike","RobotSpaceExplorer:SwiftStep","RobotSpaceExplorer:ShovelStrike"],"picked":"SKIP","floor":1.0},{"not_picked":["RobotSpaceExplorer:StarDust","RobotSpaceExplorer:SwiftStep"],"picked":"RobotSpaceExplorer:IronShell","floor":2.0},{"not_picked":["RobotSpaceExplorer:SwiftStep","RobotSpaceExplorer:SlimeMissile"],"picked":"RobotSpaceExplorer:PlasmaMissile","floor":3.0},{"not_picked":["RobotSpaceExplorer:GlueShot","RobotSpaceExplorer:StunGrenade"],"picked":"RobotSpaceExplorer:StarLightning","floor":6.0},{"not_picked":["RobotSpaceExplorer:MiniBoosters","RobotSpaceExplorer:MiniDrones"],"picked":"RobotSpaceExplorer:Blaster","floor":8.0},{"not_picked":["RobotSpaceExplorer:Electroshield","RobotSpaceExplorer:TurboDodge"],"picked":"RobotSpaceExplorer:Autoloader","floor":10.0},{"not_picked":["RobotSpaceExplorer:GlueShot","RobotSpaceExplorer:SwiftStep"],"picked":"RobotSpaceExplorer:FreezeRay","floor":12.0},{"not_picked":["RobotSpaceExplorer:Electropulse","RobotSpaceExplorer:SurgingShield"],"picked":"RobotSpaceExplorer:DoubleBlock","floor":14.0},{"not_picked":["RobotSpaceExplorer:Arsenal","RobotSpaceExplorer:Blaster"],"picked":"RobotSpaceExplorer:Explosion","floor":16.0},{"not_picked":["RobotSpaceExplorer:Probe","RobotSpaceExplorer:Pulsar"],"picked":"RobotSpaceExplorer:FrostMissile+1","floor":18.0},{"not_picked":["RobotSpaceExplorer:MiniDrones","RobotSpaceExplorer:Electropulse","RobotSpaceExplorer:Pulsar"],"picked":"SKIP","floor":19.0},{"not_picked":["RobotSpaceExplorer:Jetpack","RobotSpaceExplorer:ShovelStrike"],"picked":"RobotSpaceExplorer:ScrapMissile","floor":22.0},{"not_picked":["RobotSpaceExplorer:Arsenal","RobotSpaceExplorer:SlimeMissile"],"picked":"RobotSpaceExplorer:Autoloader","floor":23.0},{"not_picked":["RobotSpaceExplorer:Blitz","RobotSpaceExplorer:Probe"],"picked":"RobotSpaceExplorer:TurboDodge","floor":25.0},{"not_picked":["RobotSpaceExplorer:Probe","RobotSpaceExplorer:JunkDive"],"picked":"RobotSpaceExplorer:ToxicBomb","floor":27.0},{"not_picked":["RobotSpaceExplorer:ScrapToss","RobotSpaceExplorer:StunGrenade"],"picked":"RobotSpaceExplorer:Fix","floor":28.0},{"not_picked":["RobotSpaceExplorer:Wormhole","RobotSpaceExplorer:Arsenal"],"picked":"RobotSpaceExplorer:ChargingLaser","floor":29.0},{"not_picked":["RobotSpaceExplorer:SurgingStrike","RobotSpaceExplorer:Pulsar+1","RobotSpaceExplorer:GlueShot"],"picked":"SKIP","floor":30.0},{"not_picked":["RobotSpaceExplorer:ScrapMissile","RobotSpaceExplorer:StarLightning"],"picked":"RobotSpaceExplorer:ExhaustFan+1","floor":31.0},{"not_picked":["RobotSpaceExplorer:Multitool","RobotSpaceExplorer:Comet"],"picked":"RobotSpaceExplorer:Autoloader","floor":33.0},{"not_picked":["RobotSpaceExplorer:Electroshield+1","RobotSpaceExplorer:MetalStrike+1","RobotSpaceExplorer:Probe"],"picked":"SKIP","floor":35.0},{"not_picked":["RobotSpaceExplorer:GlueShot+1","RobotSpaceExplorer:GlueSpray+1"],"picked":"RobotSpaceExplorer:Wormhole","floor":38.0},{"not_picked":["RobotSpaceExplorer:Probe+1","RobotSpaceExplorer:JunkDive","RobotSpaceExplorer:ShovelStrike"],"picked":"SKIP","floor":39.0},{"not_picked":["RobotSpaceExplorer:DoubleBlock+1","RobotSpaceExplorer:SwiftStep","RobotSpaceExplorer:GlueSpray"],"picked":"SKIP","floor":42.0},{"not_picked":["RobotSpaceExplorer:SwiftStep","RobotSpaceExplorer:FrostMissile"],"picked":"RobotSpaceExplorer:BlastShield","floor":44.0},{"not_picked":["RobotSpaceExplorer:LuckyStrike+1","RobotSpaceExplorer:ScrapMissile+1"],"picked":"RobotSpaceExplorer:MakeshiftVolley+1","floor":46},{"not_picked":["RobotSpaceExplorer:SurgingStrike+1","RobotSpaceExplorer:MetalStrike+1","RobotSpaceExplorer:Electroshield"],"picked":"SKIP","floor":47},{"not_picked":["RobotSpaceExplorer:GlueShot+1","RobotSpaceExplorer:FranticSearch"],"picked":"RobotSpaceExplorer:Blitz+1","floor":48},{"not_picked":["RobotSpaceExplorer:Asteroid","RobotSpaceExplorer:ImprovisedAttack+1","RobotSpaceExplorer:ScrapToss+1"],"picked":"SKIP","floor":54}],"player_experience":884606,"relics_obtained":[{"floor":9.0,"key":"construct:FoamFinger"},{"floor":10.0,"key":"StrikeDummy"},{"floor":11.0,"key":"jedi:gremlinknob"},{"floor":12.0,"key":"StuffTheSpire:Nightcore"},{"floor":22.0,"key":"wanderingMiniBosses:ThiefScarf"},{"floor":22.0,"key":"Anchor"},{"floor":22.0,"key":"Nloth\u0027s Gift"},{"floor":23.0,"key":"Replay:Bottled Eggs"},{"floor":26.0,"key":"Nunchaku"},{"floor":29.0,"key":"Counterbalance"},{"floor":40.0,"key":"Thread and Needle"},{"floor":43.0,"key":"StuffTheSpire:GrapeVine"},{"floor":43.0,"key":"ReplayTheSpireMod:Lightbulb"},{"floor":47,"key":"potionbrewer:Torch"},{"floor":54,"key":"Ginger"}],"event_choices":[{"damage_healed":0.0,"max_hp_gain":0.0,"max_hp_loss":0.0,"gold_gain":0.0,"event_name":"betterThird:BetterSerpent","player_choice":"RENOUNCE","floor":5.0,"gold_loss":105.0,"damage_taken":105.0,"cards_obtained":["Enlightenment"]},{"damage_healed":0.0,"max_hp_gain":0.0,"max_hp_loss":0.0,"gold_gain":30.0,"event_name":"Dead Adventurer","player_choice":"Searched \u00272\u0027 times","floor":13.0,"gold_loss":0.0,"damage_taken":0.0,"relics_obtained":["Matryoshka"]},{"damage_healed":0.0,"max_hp_gain":0.0,"max_hp_loss":0.0,"gold_gain":0.0,"event_name":"N\u0027loth","player_choice":"Traded Relic","floor":21.0,"relics_lost":["StuffTheSpire:Nightcore"],"gold_loss":0.0,"damage_taken":0.0,"relics_obtained":["Nloth\u0027s Gift"]},{"cards_removed":["RobotSpaceExplorer:Defend"],"damage_healed":0.0,"max_hp_gain":0.0,"max_hp_loss":0.0,"gold_gain":0.0,"event_name":"Designer","player_choice":"Upgrade and Remove","floor":36.0,"gold_loss":90.0,"damage_taken":0.0,"cards_upgraded":["RobotSpaceExplorer:Autoloader"]},{"damage_healed":0.0,"max_hp_gain":0.0,"max_hp_loss":0.0,"gold_gain":0.0,"event_name":"Mysterious Sphere","player_choice":"Fight","floor":40.0,"gold_loss":0.0,"damage_taken":0.0},{"damage_healed":0.0,"max_hp_gain":0.0,"max_hp_loss":0.0,"gold_gain":300.0,"event_name":"Wheel of Change","player_choice":"Gold","floor":41.0,"gold_loss":0.0,"damage_taken":0.0},{"damage_healed":0.0,"max_hp_gain":0.0,"max_hp_loss":0.0,"gold_gain":0.0,"event_name":"Upgrade Shrine","player_choice":"Upgraded","floor":45.0,"gold_loss":0.0,"damage_taken":0.0,"cards_upgraded":["Thinking Ahead"]}],"is_beta":false,"boss_relics":[{"not_picked":["halation:Risk","ReplayTheSpireMod:DimensionalGlitch"],"picked":"conspire:SpecialSausage"},{"not_picked":["StuffTheSpire:ModemDavis","energizedSpire:EnergizedDie"],"picked":"hubris:Backtick"}],"items_purged_floors":[20,53],"is_endless":false,"potions_floor_spawned":[2,3,14,16,19,23,25,28,30,33,38,40,44,48],"ascension_level":0}}