{"host":"474oh00kq6ni8dn3","time":1609368798,"event":{"mods":["AchievementEnabler","Aspiration","Bartender","BaseMod","Bestiary","Clockwork Mod","Colored Map","Colored Powertips","Conspire","Custom Start","Defuse TimeMaze Blight","Downfall","GifTheSpireLib","Googly Eyes","GungeonMod","Halation","Hubris","Infinite Spire","Jedi Mod","Lobotomy","LobotomyExtend","Minty Spire (QoL Compilation)","Permanent Neow","Quick Restart","Random Character Button","Replay The Spire","Shop Mod","StSLib","Stuff the Spire","The Construct","The Factory","The Jungle","Trackpad","Unceasing Turn Reminder","thorton","vexMod"],"gold_per_floor":[109,109,109,126,144,176,176,201,225,0,0,26,26,36,36,141,141,154,154,165,65,77,103,103,131,178,178,204,204,219,258,258,363,363,383,396,406,423,423,423,458,458,458,458,476,495,495,527,527,527],"floor_reached":51,"playtime":2275,"items_purged":["Regret","Strike_R","Defend_R"],"score":1048,"play_id":"2fa6ad60-7341-437c-9bd6-10a3505faed6","local_time":"20201230225318","is_ascension_mode":true,"campfire_choices":[{"floor":7.0,"key":"REST"},{"data":"Heavy Blade","floor":15.0,"key":"SMITH"},{"data":"Double Tap","floor":24.0,"key":"SMITH"},{"data":"Heavy Blade","floor":29.0,"key":"SMITH"},{"data":"J.A.X.","floor":32,"key":"SMITH"},{"data":"Rage","floor":40,"key":"SMITH"},{"data":"Juggernaut","floor":44,"key":"SMITH"}],"circlet_count":0,"master_deck":["Strike_R","Strike_R","Strike_R","Defend_R","Defend_R","Defend_R","Heavy Blade+1","Heavy Blade+1","Rage+1","Survivor","Neutralize","Cleave+1","Double Tap+1","Shockwave+1","J.A.X.+1","Juggernaut+1"],"relics":["StuffTheSpire:RunicConfusion","LetterFromLob","Replay:Accelerometer","DemoMod:ClearGuonStone","White_Cape","StuffTheSpire:Gunfinga","DemoMod:MeatBun","MealTicket","halation:PinkSoulGem","Silver_Glasses","vexMod:Spyglass","StuffTheSpire:Experiment12","Replay:PocketPolymizer","DemoMod:Metronome","ReplayFunnel","trackpad:IceCube","vexMod:CursedCompass","aspiration:KaomsHeart"],"acts_visited":["Exordium","TheCity","TheBeyond"],"potions_floor_usage":[31,31,50,50,50],"damage_taken":[{"damage":1.0,"enemies":"conspire:RoseBush","floor":1.0,"turns":5.0},{"damage":5.0,"enemies":"Jaw Worm","floor":4.0,"turns":3.0},{"damage":9.0,"enemies":"Cultist","floor":5.0,"turns":3.0},{"damage":51.0,"enemies":"Lagavulin","floor":6.0,"turns":7.0},{"damage":16.0,"enemies":"3 Sentries","floor":8.0,"turns":8.0},{"damage":5.0,"enemies":"Lagavulin","floor":12.0,"turns":4.0},{"damage":0.0,"enemies":"2 Fungi Beasts","floor":14.0,"turns":2.0},{"damage":0.0,"enemies":"Hexaghost","floor":16.0,"turns":11.0},{"damage":13.0,"enemies":"2 Thieves","floor":18.0,"turns":4.0},{"damage":2.0,"enemies":"Spheric Guardian","floor":20.0,"turns":3.0},{"damage":11.0,"enemies":"3 Cultists","floor":22.0,"turns":5.0},{"damage":7.0,"enemies":"Replay:Snechameleon","floor":23.0,"turns":5.0},{"damage":17.0,"enemies":"Nightmare","floor":25.0,"turns":8.0},{"damage":1.0,"enemies":"Replay:Snechameleon","floor":28.0,"turns":4.0},{"damage":1.0,"enemies":"Centurion and Healer","floor":30.0,"turns":5.0},{"damage":1,"enemies":"Gremlin Leader","floor":31,"turns":5},{"damage":15,"enemies":"hubris:MusketHawk","floor":33,"turns":6},{"damage":0,"enemies":"Orb Walker","floor":35,"turns":3},{"damage":0,"enemies":"3 Darklings","floor":36,"turns":4},{"damage":7,"enemies":"Spire Growth","floor":37,"turns":4},{"damage":0,"enemies":"Jaw Worm Horde","floor":38,"turns":4},{"damage":41,"enemies":"Nemesis","floor":41,"turns":7},{"damage":3,"enemies":"4 Shapes","floor":45,"turns":5},{"damage":2,"enemies":"Writhing Mass","floor":46,"turns":2},{"damage":28,"enemies":"Nightmare","floor":48,"turns":6},{"damage":41,"enemies":"Donu and Deca","floor":50,"turns":7}],"seed_played":"-4106677949905527224","potions_obtained":[{"floor":6.0,"key":"ColorlessPotion"},{"floor":8.0,"key":"DemoMod:LeadSkinPotion"},{"floor":12.0,"key":"SpeedPotion"},{"floor":18.0,"key":"Explosive Potion"},{"floor":22.0,"key":"LifebloodPotion"},{"floor":25.0,"key":"Reflective Coating"},{"floor":38,"key":"Energy Potion"},{"floor":45,"key":"GamblersBrew"},{"floor":46,"key":"Toxic Potion"}],"is_trial":false,"path_per_floor":["M","?","?","M","M","E","R","E","T","$","?","E","?","M","R","B",null,"M","AVR","M","$","M","E","R","NM","T","?","E","R","M","E","R","B",null,"M","M","M","M","AVR","R","E","?","T","R","M","M","?","NM","R_BF","B",null],"character_chosen":"IRONCLAD","items_purchased":["DemoMod:MeatBun"],"campfire_rested":1,"item_purchase_floors":[10],"current_hp_per_floor":[79,79,79,74,65,14,38,22,22,36,36,31,31,31,31,31,80,67,67,65,80,69,62,62,45,45,45,44,44,43,42,42,27,80,80,80,73,73,173,173,132,132,132,132,129,127,127,99,153,112],"gold":527,"neow_bonus":"BOSS_RELIC","is_daily":false,"chose_seed":false,"campfire_upgraded":6,"win_rate":0.0,"timestamp":1609368798,"path_taken":["M","?","?","?","?","E","R","E","T","$","?","E","?","M","R","BOSS","M","AVR","M","$","M","E","R","NM","T","?","E","R","M","E","R","BOSS","M","M","M","?","AVR","R","E","?","T","R","M","M","?","NM","R_BF","BOSS"],"items_purchased_type":["Relic"],"build_version":"2020-12-22","purchased_purges":3,"victory":true,"max_hp_per_floor":[80,80,80,80,80,80,80,80,80,80,80,80,80,80,80,80,80,80,80,80,80,80,80,80,80,80,80,80,80,80,80,80,80,80,80,80,80,80,180,180,180,180,180,180,180,180,180,180,180,180],"card_choices":[{"not_picked":["ReplayTheSpireMod:Strike From Hell","Rupture"],"picked":"Heavy Blade","floor":1.0},{"not_picked":["Armaments","Warcry","ReplayTheSpireMod:Strike From Hell"],"picked":"SKIP","floor":4.0},{"not_picked":["Thunderclap","StuffTheSpire:RockThrow","Twin Strike"],"picked":"SKIP","floor":5.0},{"not_picked":["jedi:strikingstrike","jedi:hate"],"picked":"Heavy Blade","floor":6.0},{"not_picked":["Battle Trance","Run Through"],"picked":"Rage","floor":8.0},{"not_picked":["Replay:Undeath\u0027s Touch","Flame Barrier","Run Through"],"picked":"SKIP","floor":12.0},{"not_picked":["Run Through","Cleave","Wild Strike"],"picked":"SKIP","floor":14.0},{"not_picked":["Run Through","Wild Strike"],"picked":"Cleave","floor":14.0},{"not_picked":["StuffTheSpire:TitanForm","Eclipse"],"picked":"Double Tap","floor":16.0},{"not_picked":["ReplayTheSpireMod:Strike From Hell","Shrug It Off+1","StuffTheSpire:BloodClot+1"],"picked":"SKIP","floor":18.0},{"not_picked":["DemoMod:WhiteBlade","Clothesline","ReplayTheSpireMod:Limb From Limb"],"picked":"SKIP","floor":20.0},{"not_picked":["StuffTheSpire:Slingshot","Pommel Strike+1","Iron Wave"],"picked":"SKIP","floor":22.0},{"not_picked":["Warcry","Exhume","Armaments+1"],"picked":"SKIP","floor":23.0},{"not_picked":["Headbutt","StuffTheSpire:Incineration"],"picked":"Shockwave+1","floor":25.0},{"not_picked":["ReplayTheSpireMod:Limb From Limb+1","Intimidate","Replay:Many Hands"],"picked":"SKIP","floor":28.0},{"not_picked":["Run Through+1","hubris:ReadiedAction","ReplayTheSpireMod:LeadingStrike"],"picked":"SKIP","floor":30},{"not_picked":["Armaments+1","Exhume","Wild Strike"],"picked":"SKIP","floor":31},{"not_picked":["StuffTheSpire:BloodClot","Armaments+1","Abandon"],"picked":"SKIP","floor":35},{"not_picked":["Thunderclap","Anger+1","Sword Boomerang"],"picked":"SKIP","floor":36},{"not_picked":["Replay:Undeath\u0027s Touch+1","StuffTheSpire:RockThrow+1","Thunderclap"],"picked":"SKIP","floor":37},{"not_picked":["hubris:ReadiedAction+1","Sever Soul+1","DemoMod:BlackBlade"],"picked":"SKIP","floor":38},{"not_picked":["Metallicize+1","ReplayTheSpireMod:Limb From Limb+1","Sentinel+1"],"picked":"SKIP","floor":41},{"not_picked":["Iron Wave","Replay:Undeath\u0027s Touch+1","Infernal Blade"],"picked":"SKIP","floor":45},{"not_picked":["Sword Boomerang+1","Perfected Strike+1","conspire:ExplosiveBarrier+1"],"picked":"SKIP","floor":46},{"not_picked":["Wild Strike","StuffTheSpire:RockThrow+1","ReplayTheSpireMod:Limb From Limb+1"],"picked":"SKIP","floor":48}],"player_experience":53249,"relics_obtained":[{"floor":1.0,"key":"LetterFromLob"},{"floor":6.0,"key":"DemoMod:ClearGuonStone"},{"floor":8.0,"key":"White_Cape"},{"floor":9.0,"key":"StuffTheSpire:Gunfinga"},{"floor":12.0,"key":"MealTicket"},{"floor":23.0,"key":"StuffTheSpire:Experiment12"},{"floor":25.0,"key":"Replay:PocketPolymizer"},{"floor":26.0,"key":"DemoMod:Metronome"},{"floor":28.0,"key":"ReplayFunnel"},{"floor":31,"key":"trackpad:IceCube"},{"floor":41,"key":"aspiration:KMNothing"},{"floor":43,"key":"aspiration:KMNothing"},{"floor":48,"key":"aspiration:KMNothing"}],"event_choices":[{"damage_healed":0.0,"max_hp_gain":0.0,"max_hp_loss":0.0,"gold_gain":0.0,"event_name":"Big Fish","player_choice":"Box","floor":2.0,"gold_loss":0.0,"damage_taken":0.0,"relics_obtained":["Replay:Accelerometer"],"cards_obtained":["Regret"]},{"damage_healed":0.0,"max_hp_gain":0.0,"max_hp_loss":0.0,"gold_gain":0.0,"event_name":"The Woman in Blue","player_choice":"Bought 0 Potions","floor":3.0,"gold_loss":0.0,"damage_taken":0.0},{"damage_healed":0.0,"max_hp_gain":0.0,"max_hp_loss":0.0,"gold_gain":0.0,"event_name":"Drug Dealer","player_choice":"Obtain J.A.X.","floor":27.0,"gold_loss":0.0,"damage_taken":0.0,"cards_obtained":["J.A.X."]},{"damage_healed":0,"gold_gain":0,"cards_transformed":["Strike_R"],"player_choice":"Transformed","damage_taken":0,"max_hp_gain":0,"max_hp_loss":0,"event_name":"Transmorgrifier","floor":42,"gold_loss":0,"cards_obtained":["Barricade"]}],"is_beta":false,"boss_relics":[{"not_picked":["conspire:RunicOctahedron","halation:Prosthetics"],"picked":"Silver_Glasses"},{"not_picked":["aspiration:FutureDiary","Replay:Drink Me"],"picked":"vexMod:CursedCompass"}],"items_purged_floors":[10,21,39],"is_endless":false,"potions_floor_spawned":[6,8,12,14,18,22,25,38,45,46],"ascension_level":1}}