{"host":"ek3xvuouaw6vk9if","time":1609296369,"event":{"mods":["BaseMod","BetterRewards","Downfall","Minty Spire (QoL Compilation)","Permanent Neow","Quick Restart","Replay The Spire","StSLib"],"gold_per_floor":[109,126,71,71,82,117,128,155,206,217,217,217,252,30,30,135,135,105,105,13,13,13,13,13,13,13,13,13,13,13,13,13,13,13,13,13,13,13,13,13,13,13,13,0,0,0,0,0,0,0,0],"floor_reached":50,"playtime":2449,"items_purged":["Strike_R"],"score":636,"play_id":"c5f12dd8-bfe3-483d-86dc-9a86739019d8","local_time":"20201229214609","is_ascension_mode":true,"campfire_choices":[{"data":"Battle Trance","floor":11,"key":"SMITH"},{"floor":15,"key":"REST"},{"data":"Life Link","floor":23,"key":"SMITH"},{"data":"Inflame","floor":29,"key":"SMITH"},{"data":"Bloodletting","floor":32,"key":"SMITH"},{"data":"Hemogenesis","floor":42,"key":"SMITH"},{"data":"Double Tap","floor":46,"key":"SMITH"},{"floor":49,"key":"RECALL"}],"circlet_count":0,"master_deck":["Strike_R","Strike_R","Strike_R+1","Strike_R+1","Defend_R","Defend_R","Defend_R","Defend_R","Bash","Hemogenesis+1","Battle Trance+1","Life Link+1","Whirlwind+1","Impervious","Bloodletting+1","Feed","CurseOfTheBell","Shrug It Off+1","Warcry+1","Replay:Many Hands+1","Whirlwind+1","Inflame+1","Hemokinesis+1","ReplayTheSpireMod:Muscle Training","Double Tap+1","Shrug It Off+1","Combust","Pommel Strike+1"],"relics":["Burning Blood","Bottled Tornado","Replay:Accelerometer","CeramicFish","HandDrill","Replay:Grab Bag","Coffee Dripper","Ectoplasm","Calling Bell","SlaversCollar","Vajra","Replay:WaspNest","Mango","Bronze Scales","Divine Protection","Replay:Bottled Flurry","Electric Blood","Lizard Tail","Omamori","Charon\u0027s Ashes","Red Mask"],"acts_visited":["Exordium","TheCity","TheBeyond"],"potions_floor_usage":[6,8,8,18,33,33,37,40,50,50],"damage_taken":[{"damage":8,"enemies":"2 Louse","floor":1,"turns":3},{"damage":6,"enemies":"Cultist","floor":2,"turns":3},{"damage":8,"enemies":"Small Slimes","floor":5,"turns":2},{"damage":11,"enemies":"Replay:BlueRogue","floor":6,"turns":7},{"damage":11,"enemies":"Gremlin Gang","floor":7,"turns":3},{"damage":26,"enemies":"3 Sentries","floor":8,"turns":6},{"damage":0,"enemies":"2 Fungi Beasts","floor":10,"turns":2},{"damage":25,"enemies":"Replay:BlueRogue","floor":13,"turns":3},{"damage":6,"enemies":"Slime Boss","floor":16,"turns":5},{"damage":13,"enemies":"2 Thieves","floor":18,"turns":2},{"damage":13,"enemies":"Spheric Guardian","floor":19,"turns":3},{"damage":8,"enemies":"3 Cultists","floor":21,"turns":4},{"damage":30,"enemies":"Snecko","floor":22,"turns":4},{"damage":19,"enemies":"Replay:Snechameleon","floor":25,"turns":4},{"damage":17,"enemies":"Centurion and Healer","floor":27,"turns":4},{"damage":15,"enemies":"Book of Stabbing","floor":31,"turns":4},{"damage":18,"enemies":"Automaton","floor":33,"turns":6},{"damage":3,"enemies":"3 Shapes","floor":35,"turns":2},{"damage":0,"enemies":"3 Darklings","floor":36,"turns":1},{"damage":17,"enemies":"2 Orb Walkers","floor":37,"turns":2},{"damage":20,"enemies":"Transient","floor":38,"turns":5},{"damage":32,"enemies":"Maw","floor":39,"turns":4},{"damage":64,"enemies":"Reptomancer","floor":40,"turns":3},{"damage":32,"enemies":"Spire Growth","floor":41,"turns":3},{"damage":1,"enemies":"Jaw Worm Horde","floor":47,"turns":2},{"damage":44,"enemies":"Replay:Hell Engine","floor":50,"turns":4}],"seed_played":"1272153757977711128","potions_obtained":[{"floor":2,"key":"champ:CounterPotion"},{"floor":4,"key":"Doom Potion"},{"floor":4,"key":"Adrenaline Potion"},{"floor":7,"key":"Slimebound:ThreeZeroPotion"},{"floor":8,"key":"Doom Potion"},{"floor":10,"key":"champ:CounterPotion"},{"floor":18,"key":"Weak Potion"},{"floor":33,"key":"DistilledChaos"},{"floor":36,"key":"Regen Potion"},{"floor":38,"key":"LifebloodPotion"},{"floor":47,"key":"Fire Potion"}],"is_trial":false,"path_per_floor":["M","M","$","?","M","E","M","E","T","M","R","?","E","$","R","B",null,"M","M","$","M","M","R","?","E","T","M","?","R","$","E","R","B",null,"M","M","?","M","M","E","M","R","T","?","?","R","M","$","R","B"],"character_chosen":"IRONCLAD","items_purchased":["Whirlwind+1","HandDrill","Shrug It Off+1","Strength Potion"],"campfire_rested":1,"item_purchase_floors":[3,14,20,20],"current_hp_per_floor":[78,78,78,78,76,76,71,51,51,57,57,41,22,22,46,46,94,87,80,80,81,62,62,62,56,56,45,45,45,45,41,41,29,97,97,97,89,75,49,59,36,36,36,36,36,36,41,41,41,0,0],"gold":0,"neow_bonus":"ONE_RANDOM_RARE_CARD","is_daily":false,"chose_seed":false,"campfire_upgraded":6,"win_rate":0.0,"timestamp":1609296369,"path_taken":["M","M","$","?","M","E","M","E","T","?","R","?","E","$","R","BOSS","M","M","$","M","M","R","?","E","T","?","?","R","?","E","R","BOSS","M","?","?","M","M","E","M","R","T","?","?","R","M","?","R","BOSS"],"items_purchased_type":["Card","Relic","Card","Potion"],"build_version":"2020-12-22","purchased_purges":1,"victory":false,"max_hp_per_floor":[80,80,80,80,80,80,80,80,80,80,80,80,80,80,80,80,94,94,94,94,97,97,97,97,97,97,97,97,97,97,97,97,97,97,97,97,100,100,100,100,103,103,103,103,103,103,103,103,103,103,103],"card_choices":[{"not_picked":["True Grit","Twin Strike"],"picked":"Battle Trance","floor":1},{"not_picked":["Havoc","Clash"],"picked":"Life Link","floor":2},{"not_picked":["Cleave","Warcry"],"picked":"Impervious","floor":5},{"not_picked":["Iron Wave","Run Through","Warcry"],"picked":"SKIP","floor":6},{"not_picked":["Clothesline","Defy Death","Havoc"],"picked":"SKIP","floor":7},{"not_picked":["Shockwave","Havoc"],"picked":"Bloodletting","floor":8},{"not_picked":["Battle Trance","Cleave","Fiend Fire"],"picked":"SKIP","floor":10},{"not_picked":["Havoc","Cleave","Headbutt"],"picked":"SKIP","floor":13},{"not_picked":["Immolate","Impervious"],"picked":"Feed","floor":16},{"not_picked":["Flex","Perfected Strike+1"],"picked":"Clash+1","floor":18},{"not_picked":["Second Wind+1","Body Slam+1","Heavy Blade+1"],"picked":"SKIP","floor":19},{"not_picked":["Body Slam","Headbutt+1"],"picked":"Warcry+1","floor":21},{"not_picked":["Iron Wave","Feel No Pain"],"picked":"Replay:Many Hands","floor":22},{"not_picked":["Sentinel","ReplayTheSpireMod:LeadingStrike"],"picked":"Inflame","floor":25},{"not_picked":["Spot Weakness","True Grit+1"],"picked":"Hemokinesis+1","floor":27},{"not_picked":["Shrug It Off","Infernal Blade"],"picked":"ReplayTheSpireMod:Muscle Training","floor":31},{"not_picked":["Feed","Juggernaut"],"picked":"Double Tap","floor":33},{"not_picked":["Anger+1","Run Through+1"],"picked":"Shrug It Off+1","floor":35},{"not_picked":["True Grit+1","Rampage+1","Heavy Blade+1"],"picked":"SKIP","floor":36},{"not_picked":["Armaments","Massacre"],"picked":"Combust","floor":38},{"not_picked":["ReplayTheSpireMod:Strike From Hell+1","Juggernaut","Sentinel+1"],"picked":"SKIP","floor":39},{"not_picked":["Rage","Perfected Strike","Sword Boomerang"],"picked":"SKIP","floor":40},{"not_picked":["Disarm","Battle Trance+1"],"picked":"Pommel Strike+1","floor":41},{"not_picked":["Headbutt+1","Cleave+1","Armaments+1"],"picked":"SKIP","floor":47}],"player_experience":716175,"relics_obtained":[{"floor":6,"key":"Bottled Tornado"},{"floor":8,"key":"Replay:Accelerometer"},{"floor":13,"key":"CeramicFish"},{"floor":17,"key":"Vajra"},{"floor":17,"key":"Replay:WaspNest"},{"floor":17,"key":"Mango"},{"floor":25,"key":"Bronze Scales"},{"floor":26,"key":"Divine Protection"},{"floor":31,"key":"Replay:Bottled Flurry"},{"floor":37,"key":"Lizard Tail"},{"floor":40,"key":"Omamori"},{"floor":43,"key":"Charon\u0027s Ashes"}],"event_choices":[{"damage_healed":0,"gold_gain":0,"player_choice":"Got Potions","damage_taken":0,"max_hp_gain":0,"max_hp_loss":0,"event_name":"Lab","floor":4,"gold_loss":0},{"damage_healed":0,"gold_gain":0,"player_choice":"Entered Light","damage_taken":16,"max_hp_gain":0,"max_hp_loss":0,"event_name":"Shining Light","floor":12,"gold_loss":0,"cards_upgraded":["Strike_R","Strike_R"]},{"damage_healed":0,"gold_gain":0,"player_choice":"Copied","damage_taken":0,"max_hp_gain":0,"max_hp_loss":0,"event_name":"Duplicator","floor":24,"gold_loss":0,"cards_obtained":["Whirlwind"]},{"damage_healed":0,"gold_gain":0,"player_choice":"Forge","damage_taken":0,"max_hp_gain":0,"max_hp_loss":0,"event_name":"Accursed Blacksmith","floor":28,"gold_loss":0,"cards_upgraded":["Replay:Many Hands"]},{"damage_healed":0,"gold_gain":0,"player_choice":"Fight","damage_taken":0,"max_hp_gain":0,"max_hp_loss":0,"event_name":"Mysterious Sphere","floor":37,"gold_loss":0},{"damage_healed":0,"gold_gain":0,"player_choice":"Paid","damage_taken":0,"relics_obtained":["Red Mask"],"max_hp_gain":0,"max_hp_loss":0,"event_name":"Tomb of Lord Red Mask","floor":44,"gold_loss":13},{"cards_removed":["Clash"],"damage_healed":0,"gold_gain":0,"player_choice":"Removed Attack","damage_taken":0,"max_hp_gain":0,"max_hp_loss":0,"event_name":"Falling","floor":45,"gold_loss":0}],"is_beta":false,"boss_relics":[{"not_picked":["ReplayTheSpireMod:DimensionalGlitch","Painkiller Herb"],"picked":"Replay:Grab Bag"},{"not_picked":["Velvet Choker","ReplayTheSpireMod:Onyx Gauntlets"],"picked":"Coffee Dripper"},{"not_picked":["Replay:Wanted Poster","Fusion Hammer"],"picked":"Ectoplasm"},{"not_picked":["Pandora\u0027s Box","Replay:Drink Me"],"picked":"Calling Bell"},{"not_picked":["Snecko Heart","Black Blood"],"picked":"SlaversCollar"},{"not_picked":["Replay:Ancient Bell","Replay:Bronze Core"],"picked":"Electric Blood"}],"items_purged_floors":[14],"is_endless":false,"potions_floor_spawned":[2,7,8,10,18,21,25,33,36,38,47],"killed_by":"Replay:Hell Engine","ascension_level":1}}