{"host":"Zion","time":1609372406,"event":{"mods":["AchievementEnabler","BaseMod","Colored Map","DeckTracker","Minty Spire (QoL Compilation)","Quick Restart","Rare Cards Sparkle"],"gold_per_floor":[113,188,188,188,202,202,234,234,234,269,283,318,243,277,277,391,391,413,244,264,274,291,321,343,360,360,375,375,394,394,413,413,413,413],"floor_reached":33,"playtime":1269,"items_purged":["Strike_R","Strike_R"],"score":421,"play_id":"b797e897-da1d-4c8c-badd-f83c15a0d20c","local_time":"20201231085326","is_ascension_mode":true,"campfire_choices":[{"data":"Bash","floor":6.0,"key":"SMITH"},{"data":"Wild Strike","floor":8.0,"key":"SMITH"},{"data":"Shockwave","floor":15.0,"key":"SMITH"},{"data":"Evolve","floor":30,"key":"SMITH"},{"data":"Pommel Strike","floor":32,"key":"SMITH"}],"circlet_count":0,"master_deck":["Strike_R","Strike_R","Defend_R","Defend_R","Defend_R","Defend_R","Bash+1","Wild Strike+1","Pommel Strike+1","Shockwave+1","Immolate","Shrug It Off+1","Evolve+1","Reaper"],"relics":["Burning Blood","NeowsBlessing","Paper Frog","Eternal Feather","Pantograph","CeramicFish","Orichalcum","Sozu","MealTicket","Bag of Marbles","Enchiridion"],"acts_visited":["Exordium","TheCity"],"potions_floor_usage":[27],"damage_taken":[{"damage":0.0,"enemies":"Jaw Worm","floor":1.0,"turns":1.0},{"damage":3.0,"enemies":"2 Louse","floor":5.0,"turns":2.0},{"damage":0.0,"enemies":"Gremlin Nob","floor":7.0,"turns":1.0},{"damage":45.0,"enemies":"3 Sentries","floor":10.0,"turns":11.0},{"damage":0.0,"enemies":"Small Slimes","floor":11.0,"turns":2.0},{"damage":25.0,"enemies":"Lagavulin","floor":12.0,"turns":5.0},{"damage":3.0,"enemies":"Gremlin Nob","floor":14.0,"turns":4.0},{"damage":24.0,"enemies":"Hexaghost","floor":16.0,"turns":9.0},{"damage":5.0,"enemies":"Spheric Guardian","floor":18.0,"turns":3.0},{"damage":1.0,"enemies":"3 Byrds","floor":20.0,"turns":5.0},{"damage":9.0,"enemies":"Centurion and Healer","floor":21.0,"turns":5.0},{"damage":14.0,"enemies":"Snake Plant","floor":22.0,"turns":3.0},{"damage":26.0,"enemies":"Book of Stabbing","floor":23.0,"turns":5.0},{"damage":6.0,"enemies":"3 Cultists","floor":24.0,"turns":3.0},{"damage":14.0,"enemies":"Snecko","floor":25.0,"turns":4.0},{"damage":0,"enemies":"Snake Plant","floor":27,"turns":1},{"damage":3,"enemies":"Cultist and Chosen","floor":29,"turns":4},{"damage":12,"enemies":"Centurion and Healer","floor":31,"turns":4},{"damage":83,"enemies":"Automaton","floor":33,"turns":6}],"seed_played":"8694938658944987809","potions_obtained":[{"floor":5.0,"key":"Dexterity Potion"},{"floor":7.0,"key":"LiquidMemories"},{"floor":10.0,"key":"PowerPotion"}],"is_trial":false,"path_per_floor":["M","?","?","?","M","R","E","R","T","E","M","E","$","E","R","B",null,"M","$","M","M","M","E","M","M","T","M","?","M","R","M","R","B"],"character_chosen":"IRONCLAD","items_purchased":["Evolve"],"campfire_rested":0,"item_purchase_floors":[19],"current_hp_per_floor":[78,67,60,60,63,63,69,75,75,36,42,23,23,26,32,39,70,71,71,76,73,65,45,45,44,44,50,34,48,54,62,68,0,0],"gold":413,"neow_bonus":"THREE_ENEMY_KILL","is_daily":false,"chose_seed":false,"campfire_upgraded":5,"win_rate":0.0,"timestamp":1609372406,"path_taken":["M","?","?","?","M","R","E","R","T","E","M","E","$","E","R","BOSS","M","$","M","?","M","E","M","M","T","M","?","M","R","M","R","BOSS"],"items_purchased_type":["Card"],"build_version":"2020-12-18","purchased_purges":2,"victory":false,"max_hp_per_floor":[80,80,80,80,80,80,80,80,80,80,80,80,80,80,80,80,80,80,80,80,80,80,80,80,80,80,80,80,80,80,80,80,80,80],"card_choices":[{"not_picked":["Sword Boomerang","Rage","Headbutt"],"picked":"SKIP","floor":1.0},{"not_picked":["Warcry","Twin Strike"],"picked":"Wild Strike","floor":5.0},{"not_picked":["Sever Soul","Carnage","Anger"],"picked":"SKIP","floor":7.0},{"not_picked":["Searing Blow","Headbutt"],"picked":"Pommel Strike","floor":10.0},{"not_picked":["Searing Blow","Ghostly Armor","Uppercut"],"picked":"SKIP","floor":11.0},{"not_picked":["Wild Strike","Iron Wave"],"picked":"Shockwave","floor":12.0},{"not_picked":["Havoc","True Grit","Rampage"],"picked":"SKIP","floor":14.0},{"not_picked":["Brutality","Exhume"],"picked":"Immolate","floor":16.0},{"not_picked":["Anger","Flex"],"picked":"Shrug It Off+1","floor":18.0},{"not_picked":["Warcry","Searing Blow","Clothesline+1"],"picked":"SKIP","floor":20.0},{"not_picked":["Intimidate+1","Metallicize","Thunderclap"],"picked":"SKIP","floor":21.0},{"not_picked":["Evolve","Bloodletting","Clash"],"picked":"SKIP","floor":22.0},{"not_picked":["Searing Blow","Burning Pact","Dropkick"],"picked":"SKIP","floor":23.0},{"not_picked":["Sword Boomerang","Carnage+1"],"picked":"Reaper","floor":24.0},{"not_picked":["Havoc","Combust","Clash+1"],"picked":"SKIP","floor":25.0},{"not_picked":["Sword Boomerang","Bloodletting","Combust+1"],"picked":"SKIP","floor":27},{"not_picked":["Havoc","Bloodletting","Cleave"],"picked":"SKIP","floor":29},{"not_picked":["Seeing Red","Perfected Strike","Sword Boomerang"],"picked":"SKIP","floor":31}],"player_experience":197947,"relics_obtained":[{"floor":7.0,"key":"Eternal Feather"},{"floor":9.0,"key":"Pantograph"},{"floor":10.0,"key":"CeramicFish"},{"floor":12.0,"key":"Orichalcum"},{"floor":23.0,"key":"MealTicket"},{"floor":26.0,"key":"Bag of Marbles"},{"floor":28,"key":"Enchiridion"}],"event_choices":[{"damage_healed":0.0,"max_hp_gain":0.0,"max_hp_loss":0.0,"gold_gain":75.0,"event_name":"World of Goop","player_choice":"Gather Gold","floor":2.0,"gold_loss":0.0,"damage_taken":11.0},{"damage_healed":0.0,"max_hp_gain":0.0,"max_hp_loss":0.0,"gold_gain":0.0,"event_name":"Scrap Ooze","player_choice":"Success","floor":3.0,"gold_loss":0.0,"damage_taken":7.0,"relics_obtained":["Paper Frog"]},{"cards_removed":["Strike_R"],"damage_healed":0.0,"max_hp_gain":0.0,"max_hp_loss":0.0,"gold_gain":0.0,"event_name":"Purifier","player_choice":"Purged","floor":4.0,"gold_loss":0.0,"damage_taken":0.0},{"damage_healed":0,"gold_gain":0,"player_choice":"Obtained Book","damage_taken":16,"max_hp_gain":0,"max_hp_loss":0,"event_name":"Cursed Tome","floor":28,"gold_loss":0}],"is_beta":true,"boss_relics":[{"not_picked":["Calling Bell","Coffee Dripper"],"picked":"Sozu"}],"items_purged_floors":[13,19],"is_endless":false,"potions_floor_spawned":[5,7,10,14,20,21,27,31],"killed_by":"Automaton","ascension_level":6}}