{"host":"ao8ok4k25npyixk7","time":1609317264,"event":{"mods":["BaseMod","Colored Map","Minty Spire (QoL Compilation)"],"gold_per_floor":[214,142,158,168,168,197,215,88,114,128,138,138,157,168,168,239,239,250,29,44,61,61,61,61,61],"floor_reached":24,"playtime":1524,"items_purged":["Strike_G"],"score":343,"play_id":"eae76323-46ff-4f21-8af2-d227a8f9be75","local_time":"20201230093424","is_ascension_mode":true,"campfire_choices":[{"data":"Poisoned Stab","floor":12,"key":"SMITH"},{"floor":15,"key":"REST"},{"floor":23,"key":"REST"}],"circlet_count":0,"master_deck":["AscendersBane","Strike_G","Strike_G","Strike_G","Strike_G","Defend_G","Defend_G","Defend_G","Defend_G","Defend_G","Survivor","Neutralize","Dagger Throw","All Out Attack","Backflip","Deadly Poison+1","Underhanded Strike","Acrobatics","Prepared","Poisoned Stab+1","Well Laid Plans","PiercingWail","Catalyst","Wraith Form v2","Bouncing Flask","Tactician","All Out Attack","Prepared"],"relics":["Ring of the Snake","Vajra","Bag of Marbles","HoveringKite","Strange Spoon"],"acts_visited":["Exordium","TheCity"],"potions_floor_usage":[16,20,24],"damage_taken":[{"damage":16,"enemies":"Jaw Worm","floor":1,"turns":9},{"damage":0,"enemies":"Cultist","floor":3,"turns":3},{"damage":0,"enemies":"Small Slimes","floor":4,"turns":3},{"damage":15,"enemies":"3 Sentries","floor":6,"turns":8},{"damage":1,"enemies":"Blue Slaver","floor":7,"turns":4},{"damage":2,"enemies":"2 Fungi Beasts","floor":10,"turns":3},{"damage":10,"enemies":"Large Slime","floor":11,"turns":6},{"damage":2,"enemies":"Red Slaver","floor":13,"turns":3},{"damage":4,"enemies":"3 Louse","floor":14,"turns":3},{"damage":11,"enemies":"Hexaghost","floor":16,"turns":9},{"damage":13,"enemies":"Shell Parasite","floor":18,"turns":6},{"damage":15,"enemies":"Spheric Guardian","floor":20,"turns":4},{"damage":11,"enemies":"Centurion and Healer","floor":21,"turns":9},{"damage":43,"enemies":"Shelled Parasite and Fungi","floor":24,"turns":5}],"seed_played":"8094841111218207668","potions_obtained":[{"floor":4,"key":"GamblersBrew"},{"floor":7,"key":"SpeedPotion"},{"floor":13,"key":"SkillPotion"},{"floor":20,"key":"Fire Potion"},{"floor":21,"key":"AttackPotion"}],"is_trial":false,"path_per_floor":["M","$","M","M","?","E","M","$","T","M","M","R","M","M","R","B",null,"M","$","M","M","?","R","M"],"character_chosen":"THE_SILENT","items_purchased":["All Out Attack","Prepared","Strange Spoon","Tactician"],"campfire_rested":2,"item_purchase_floors":[2,8,19,19],"current_hp_per_floor":[43,43,43,43,43,28,27,27,27,25,15,15,13,9,28,17,54,41,41,26,15,15,34,0,0],"gold":61,"neow_bonus":"HUNDRED_GOLD","is_daily":false,"chose_seed":false,"campfire_upgraded":1,"win_rate":0.0,"timestamp":1609317264,"path_taken":["M","$","M","M","?","E","M","$","T","?","M","R","M","M","R","BOSS","M","$","M","M","?","R","M"],"items_purchased_type":["Card","Card","Relic","Card"],"build_version":"2020-12-22","purchased_purges":1,"victory":false,"max_hp_per_floor":[66,66,66,66,66,66,66,66,66,66,66,66,66,66,66,66,66,66,66,66,66,66,66,66,66],"card_choices":[{"not_picked":["Sucker Punch","Slice"],"picked":"Dagger Throw","floor":1},{"not_picked":["Heel Hook","Dodge and Roll"],"picked":"Backflip","floor":3},{"not_picked":["Slice","Quick Slash"],"picked":"Deadly Poison","floor":4},{"not_picked":["Deadly Poison","Backstab"],"picked":"Underhanded Strike","floor":6},{"not_picked":["Storm of Steel","Reflex"],"picked":"Acrobatics","floor":7},{"not_picked":["Sucker Punch","Distraction"],"picked":"Poisoned Stab","floor":10},{"not_picked":["Quick Slash","Flying Knee"],"picked":"Well Laid Plans","floor":11},{"not_picked":["Dodge and Roll","Infinite Blades"],"picked":"PiercingWail","floor":13},{"not_picked":["Tactician","Backflip"],"picked":"Catalyst","floor":14},{"not_picked":["Adrenaline","Storm of Steel"],"picked":"Wraith Form v2","floor":16},{"not_picked":["Poisoned Stab","Terror"],"picked":"Bouncing Flask","floor":18},{"not_picked":["Riddle With Holes","Sucker Punch","Cloak And Dagger"],"picked":"SKIP","floor":20},{"not_picked":["Finisher","Quick Slash"],"picked":"All Out Attack","floor":21}],"player_experience":237100,"relics_obtained":[{"floor":6,"key":"Vajra"},{"floor":9,"key":"Bag of Marbles"}],"event_choices":[{"damage_healed":0,"gold_gain":0,"player_choice":"Forge","damage_taken":0,"max_hp_gain":0,"max_hp_loss":0,"event_name":"Accursed Blacksmith","floor":5,"gold_loss":0,"cards_upgraded":["Deadly Poison"]},{"damage_healed":0,"gold_gain":0,"player_choice":"Read","damage_taken":0,"max_hp_gain":0,"max_hp_loss":0,"event_name":"The Library","floor":22,"gold_loss":0,"cards_obtained":["Prepared"]}],"is_beta":false,"boss_relics":[{"not_picked":["Calling Bell","Astrolabe"],"picked":"HoveringKite"}],"items_purged_floors":[8],"is_endless":false,"potions_floor_spawned":[4,7,13,20,21],"killed_by":"Shelled Parasite and Fungi","ascension_level":14}}