{"host":"k7udt7atmcuzf6l0","time":1609299534,"event":{"mods":["AchievementEnabler","BaseMod","Colored Map","Colored Powertips","Highlight Path","Minty Spire (QoL Compilation)","Quick Restart","Rare Cards Sparkle","StSLib","UnlockEverythingMod"],"gold_per_floor":[118,118,131,131,206,241,271,271,297,324,324,274,294,25,25,120,120,135,135,135,135,146,146,180,180,180,189,212,240,240,258,258,357,357,384,402,352,1369,663,702,19,19,28,28,64,93,193,236,236,236],"floor_reached":51,"playtime":1074,"items_purged":["Decay","Normality","Normality"],"score":850,"play_id":"a1c1631a-1651-4fa3-bf94-94faa25b489f","local_time":"20201230113854","is_ascension_mode":false,"campfire_choices":[{"data":"Infernal Blade","floor":8.0,"key":"SMITH"},{"data":"Body Slam","floor":11.0,"key":"SMITH"},{"data":"Whirlwind","floor":15.0,"key":"SMITH"},{"data":"Limit Break","floor":23.0,"key":"SMITH"},{"data":"Spot Weakness","floor":25.0,"key":"SMITH"},{"data":"Shockwave","floor":30.0,"key":"SMITH"},{"data":"Sword Boomerang","floor":32.0,"key":"SMITH"},{"data":"Madness","floor":42.0,"key":"SMITH"},{"data":"Madness","floor":44.0,"key":"SMITH"},{"floor":49,"key":"REST"}],"circlet_count":0,"master_deck":["Strike_R+1","Strike_R+1","Strike_R+1","Strike_R+1","Strike_R+1","Defend_R+1","Defend_R+1","Bash","Flex+1","Inflame+1","Infernal Blade+1","Body Slam+1","Sword Boomerang+1","Whirlwind+1","Iron Wave","Limit Break+1","Spot Weakness+1","Clumsy","Shockwave+1","Flex+1","Iron Wave+1","Madness+1","Madness+1","Headbutt+1","Writhe","Regret","Whirlwind+1","Heavy Blade+1"],"relics":["Burning Blood","NeowsBlessing","War Paint","Calipers","Tiny Chest","HornCleat","Bag of Preparation","Cursed Key","Dead Branch","CeramicFish","Smiling Mask","Philosopher\u0027s Stone","Ancient Tea Set","Toolbox","Ornamental Fan","Boot","Red Skull","Meat on the Bone","HandDrill","Bottled Lightning","Juzu Bracelet","Happy Flower"],"acts_visited":["Exordium","TheCity","TheBeyond"],"potions_floor_usage":[46,50,50],"damage_taken":[{"damage":0.0,"enemies":"2 Louse","floor":1.0,"turns":1.0},{"damage":0.0,"enemies":"Cultist","floor":3.0,"turns":1.0},{"damage":0.0,"enemies":"3 Sentries","floor":6.0,"turns":2.0},{"damage":6.0,"enemies":"Gremlin Nob","floor":10.0,"turns":3.0},{"damage":0.0,"enemies":"Small Slimes","floor":13.0,"turns":2.0},{"damage":0.0,"enemies":"Slime Boss","floor":16.0,"turns":3.0},{"damage":5.0,"enemies":"Chosen","floor":18.0,"turns":2.0},{"damage":0.0,"enemies":"3 Byrds","floor":22.0,"turns":2.0},{"damage":14.0,"enemies":"Book of Stabbing","floor":24.0,"turns":3.0},{"damage":18.0,"enemies":"Shelled Parasite and Fungi","floor":28.0,"turns":2.0},{"damage":10.0,"enemies":"Snake Plant","floor":29.0,"turns":4.0},{"damage":0.0,"enemies":"Sentry and Sphere","floor":31.0,"turns":2.0},{"damage":31.0,"enemies":"Automaton","floor":33.0,"turns":6.0},{"damage":3.0,"enemies":"3 Shapes","floor":35.0,"turns":2.0},{"damage":9.0,"enemies":"Nemesis","floor":40.0,"turns":3.0},{"damage":3,"enemies":"3 Darklings","floor":46,"turns":2},{"damage":12,"enemies":"Giant Head","floor":48,"turns":5},{"damage":36,"enemies":"Awakened One","floor":50,"turns":4}],"seed_played":"5539110900752523717","potions_obtained":[{"floor":3.0,"key":"Fire Potion"},{"floor":6.0,"key":"Weak Potion"},{"floor":13.0,"key":"FearPotion"},{"floor":24.0,"key":"LiquidBronze"},{"floor":31.0,"key":"Explosive Potion"},{"floor":40.0,"key":"Swift Potion"},{"floor":48,"key":"SteroidPotion"}],"is_trial":false,"path_per_floor":["M","?","M","?","?","E","?","R","T","E","R","?","M","$","R","B",null,"M","$","?","?","M","R","E","R","T","T","M","M","R","M","R","B",null,"M","?","$","?","$","E","$","R","T","R","T","M","?","E","R","B",null],"character_chosen":"IRONCLAD","items_purchased":["Bag of Preparation","Whirlwind","Iron Wave","Ancient Tea Set","Toolbox","Ornamental Fan","FearPotion","Block Potion","Red Skull","Meat on the Bone","HandDrill","DistilledChaos"],"campfire_rested":1,"item_purchase_floors":[14,14,14,39,39,39,39,39,41,41,41,41],"current_hp_per_floor":[80,80,80,80,69,75,75,75,75,75,75,75,80,80,80,80,80,80,80,80,80,80,80,72,72,72,72,60,56,56,62,62,37,80,80,70,70,70,70,67,67,67,67,67,67,70,70,64,80,50],"gold":236,"neow_bonus":"THREE_ENEMY_KILL","is_daily":false,"chose_seed":false,"campfire_upgraded":9,"win_rate":0.0,"timestamp":1609299534,"path_taken":["M","?","?","?","?","E","?","R","T","E","R","?","M","$","R","BOSS","M","$","?","?","M","R","E","R","T","?","?","M","R","M","R","BOSS","M","?","$","?","$","E","$","R","T","R","?","M","?","E","R","BOSS"],"items_purchased_type":["Relic","Card","Card","Relic","Relic","Relic","Potion","Potion","Relic","Relic","Relic","Potion"],"build_version":"2020-12-22","purchased_purges":3,"victory":true,"max_hp_per_floor":[80,80,80,80,80,80,80,80,80,80,80,80,80,80,80,80,80,80,80,80,80,80,80,80,80,80,80,80,80,80,80,80,80,80,80,80,80,80,80,80,80,80,80,80,80,80,80,80,80,80],"card_choices":[{"not_picked":["Body Slam","Blood for Blood"],"picked":"Flex","floor":1.0},{"not_picked":["Entrench","Perfected Strike"],"picked":"Inflame","floor":3.0},{"not_picked":["Rupture","Exhume"],"picked":"Infernal Blade","floor":6.0},{"not_picked":["Clash","Perfected Strike"],"picked":"Body Slam","floor":10.0},{"not_picked":["Body Slam","Flame Barrier"],"picked":"Sword Boomerang","floor":13.0},{"not_picked":["Immolate","Double Tap"],"picked":"Limit Break","floor":16.0},{"not_picked":["Perfected Strike+1","Sword Boomerang","Warcry"],"picked":"SKIP","floor":18.0},{"not_picked":["Armaments","True Grit+1"],"picked":"Spot Weakness","floor":22.0},{"not_picked":["Body Slam","Clothesline","Shrug It Off"],"picked":"SKIP","floor":24.0},{"not_picked":["Metallicize","Perfected Strike"],"picked":"Shockwave","floor":28.0},{"not_picked":["Flame Barrier","Wild Strike"],"picked":"Flex+1","floor":29.0},{"not_picked":["Sentinel","Clothesline","Second Wind"],"picked":"SKIP","floor":31.0},{"not_picked":["Heavy Blade","Combust+1"],"picked":"Iron Wave+1","floor":35.0},{"not_picked":["Body Slam+1","Clash+1"],"picked":"Headbutt+1","floor":40.0},{"not_picked":["Shrug It Off+1","Anger+1"],"picked":"Whirlwind+1","floor":46},{"not_picked":["Clash","Juggernaut"],"picked":"Heavy Blade+1","floor":48}],"player_experience":22970,"relics_obtained":[{"floor":6.0,"key":"War Paint"},{"floor":9.0,"key":"Tiny Chest"},{"floor":10.0,"key":"HornCleat"},{"floor":24.0,"key":"Dead Branch"},{"floor":26.0,"key":"CeramicFish"},{"floor":27.0,"key":"Smiling Mask"},{"floor":40.0,"key":"Boot"},{"floor":43.0,"key":"Bottled Lightning"},{"floor":45.0,"key":"Juzu Bracelet"},{"floor":48,"key":"Happy Flower"}],"event_choices":[{"damage_healed":0.0,"max_hp_gain":0.0,"max_hp_loss":0.0,"gold_gain":0.0,"event_name":"Upgrade Shrine","player_choice":"Upgraded","floor":2.0,"gold_loss":0.0,"damage_taken":0.0,"cards_upgraded":["Flex"]},{"damage_healed":0.0,"max_hp_gain":0.0,"max_hp_loss":0.0,"gold_gain":0.0,"event_name":"Living Wall","player_choice":"Grow","floor":4.0,"gold_loss":0.0,"damage_taken":0.0,"cards_upgraded":["Inflame"]},{"damage_healed":0.0,"max_hp_gain":0.0,"max_hp_loss":0.0,"gold_gain":75.0,"event_name":"World of Goop","player_choice":"Gather Gold","floor":5.0,"gold_loss":0.0,"damage_taken":11.0},{"damage_healed":0.0,"max_hp_gain":0.0,"max_hp_loss":0.0,"gold_gain":30.0,"event_name":"Dead Adventurer","player_choice":"Searched \u00272\u0027 times","floor":7.0,"gold_loss":0.0,"damage_taken":0.0,"relics_obtained":["Calipers"]},{"cards_removed":["Defend_R"],"damage_healed":0.0,"max_hp_gain":0.0,"max_hp_loss":0.0,"gold_gain":0.0,"event_name":"The Cleric","player_choice":"Card Removal","floor":12.0,"gold_loss":50.0,"damage_taken":0.0},{"damage_healed":0.0,"max_hp_gain":0.0,"max_hp_loss":0.0,"gold_gain":0.0,"event_name":"Back to Basics","player_choice":"Simplicity","floor":20.0,"gold_loss":0.0,"damage_taken":0.0,"cards_upgraded":["Strike_R","Strike_R","Strike_R","Strike_R","Strike_R","Defend_R"]},{"cards_removed":["Defend_R"],"damage_healed":0.0,"max_hp_gain":0.0,"max_hp_loss":0.0,"gold_gain":0.0,"event_name":"Bonfire Elementals","player_choice":"Offered Basic","floor":21.0,"gold_loss":0.0,"damage_taken":0.0},{"damage_healed":0.0,"max_hp_gain":0.0,"max_hp_loss":0.0,"gold_gain":0.0,"event_name":"Winding Halls","player_choice":"Embrace Madness","floor":36.0,"gold_loss":0.0,"damage_taken":10.0,"cards_obtained":["Madness","Madness"]},{"damage_healed":0.0,"max_hp_gain":0.0,"max_hp_loss":0.0,"gold_gain":999.0,"event_name":"MindBloom","player_choice":"Gold","floor":38.0,"gold_loss":0.0,"damage_taken":0.0,"cards_obtained":["Normality","Normality"]},{"damage_healed":0,"gold_gain":100,"player_choice":"Pray","damage_taken":0,"max_hp_gain":0,"max_hp_loss":0,"event_name":"Golden Shrine","floor":47,"gold_loss":0}],"is_beta":false,"boss_relics":[{"not_picked":["Tiny House","Velvet Choker"],"picked":"Cursed Key"},{"not_picked":["Empty Cage","Pandora\u0027s Box"],"picked":"Philosopher\u0027s Stone"}],"items_purged_floors":[37,39,41],"is_endless":false,"potions_floor_spawned":[3,6,13,24,31,40,48],"ascension_level":0}}