{"host":"vbgsu3zpv6j9f5su","time":1609366830,"event":{"mods":["BaseMod","Block Reminder","Colored Powertips","DeckTracker","Minty Spire (QoL Compilation)","Quick Restart","StSLib"],"gold_per_floor":[114,126,126,126,126,126,152,152,152,170,170,204,214,233,233,311,311,311,328,99,99,99,112,112,112],"floor_reached":24,"playtime":899,"items_purged":["Strike_R"],"score":381,"play_id":"11b6137b-67cd-486b-b397-ad53c30172ae","local_time":"20201230232030","is_ascension_mode":true,"campfire_choices":[{"data":"Armaments","floor":6.0,"key":"SMITH"},{"floor":11.0,"key":"REST"},{"data":"Bloodletting","floor":15,"key":"SMITH"}],"circlet_count":0,"master_deck":["AscendersBane","Strike_R","Defend_R","Defend_R","Defend_R","Defend_R","Bash","Shrug It Off","Armaments+1","Inflame","Cleave","Uppercut","Twin Strike","Bloodletting+1","Feed","Rupture","Thunderclap","Combust"],"relics":["Burning Blood","Ice Cream","Thread and Needle","Singing Bowl","Bottled Flame","SacredBark","Membership Card"],"acts_visited":["Exordium","TheCity"],"potions_floor_usage":[18,19,23],"damage_taken":[{"damage":7.0,"enemies":"Jaw Worm","floor":1.0,"turns":4.0},{"damage":4.0,"enemies":"2 Louse","floor":2.0,"turns":3.0},{"damage":43.0,"enemies":"Gremlin Nob","floor":7.0,"turns":5.0},{"damage":1.0,"enemies":"Small Slimes","floor":10.0,"turns":6.0},{"damage":4.0,"enemies":"3 Sentries","floor":12.0,"turns":8.0},{"damage":2,"enemies":"2 Fungi Beasts","floor":13,"turns":4},{"damage":0,"enemies":"Exordium Wildlife","floor":14,"turns":4},{"damage":64,"enemies":"Slime Boss","floor":16,"turns":9},{"damage":0,"enemies":"2 Thieves","floor":18,"turns":1},{"damage":29,"enemies":"3 Byrds","floor":19,"turns":8},{"damage":45,"enemies":"Shelled Parasite and Fungi","floor":23,"turns":8},{"damage":12,"enemies":"Cultist and Chosen","floor":24,"turns":6}],"seed_played":"-3441045510057280911","potions_obtained":[{"floor":2.0,"key":"Strength Potion"},{"floor":13,"key":"SmokeBomb"},{"floor":16,"key":"Block Potion"},{"floor":19,"key":"Swift Potion"}],"is_trial":false,"path_per_floor":["M","M","?","?","?","R","E","T","T","M","R","E","M","M","R","B",null,"M","M","$","?","?","M","M"],"character_chosen":"IRONCLAD","items_purchased":["Membership Card","Thunderclap"],"campfire_rested":1,"item_purchase_floors":[20,20],"current_hp_per_floor":[67,69,74,67,67,67,30,30,30,35,59,61,65,71,71,13,63,69,50,50,50,50,13,1,1],"gold":112,"neow_bonus":"THREE_CARDS","is_daily":false,"chose_seed":false,"campfire_upgraded":2,"win_rate":0.0,"timestamp":1609366830,"path_taken":["M","M","?","?","?","R","E","?","T","M","R","E","M","M","R","BOSS","M","M","$","?","?","M","M"],"items_purchased_type":["Relic","Card"],"build_version":"2020-12-22","purchased_purges":1,"victory":false,"max_hp_per_floor":[75,75,80,80,80,80,80,80,80,80,80,80,80,80,80,80,80,80,84,84,84,84,86,86,86],"card_choices":[{"not_picked":["Body Slam","Cleave"],"picked":"Shrug It Off","floor":0.0},{"not_picked":["True Grit","Flex"],"picked":"Armaments","floor":1.0},{"not_picked":["Shrug It Off","Clash","Feel No Pain"],"picked":"SKIP","floor":2.0},{"not_picked":["Burning Pact","Havoc"],"picked":"Inflame","floor":7.0},{"not_picked":["Combust","Reckless Charge"],"picked":"Cleave","floor":10.0},{"not_picked":["Clothesline","Reaper"],"picked":"Uppercut","floor":12},{"not_picked":["Thunderclap","Warcry"],"picked":"Twin Strike","floor":13},{"not_picked":["Pommel Strike","Flex"],"picked":"Bloodletting","floor":14},{"not_picked":["Reaper","Berserk"],"picked":"Feed","floor":16},{"not_picked":["Metallicize","Iron Wave"],"picked":"Rupture","floor":19},{"not_picked":["Heavy Blade","Shrug It Off","Intimidate"],"picked":"Singing Bowl","floor":23}],"player_experience":781101,"relics_obtained":[{"floor":7.0,"key":"Ice Cream"},{"floor":8.0,"key":"Thread and Needle"},{"floor":9.0,"key":"Singing Bowl"},{"floor":12,"key":"Bottled Flame"}],"event_choices":[{"damage_healed":0.0,"max_hp_gain":5.0,"max_hp_loss":0.0,"gold_gain":0.0,"event_name":"Big Fish","player_choice":"Donut","floor":3.0,"gold_loss":0.0,"damage_taken":0.0},{"cards_removed":["Strike_R"],"damage_healed":0.0,"max_hp_gain":0.0,"max_hp_loss":0.0,"gold_gain":0.0,"event_name":"Golden Wing","player_choice":"Card Removal","floor":4.0,"gold_loss":0.0,"damage_taken":7.0},{"cards_removed":["Strike_R"],"damage_healed":0.0,"max_hp_gain":0.0,"max_hp_loss":0.0,"gold_gain":0.0,"event_name":"Living Wall","player_choice":"Forget","floor":5.0,"gold_loss":0.0,"damage_taken":0.0},{"cards_removed":["Strike_R"],"damage_healed":0,"gold_gain":0,"player_choice":"Elegance","damage_taken":0,"max_hp_gain":0,"max_hp_loss":0,"event_name":"Back to Basics","floor":21,"gold_loss":0},{"damage_healed":0,"gold_gain":0,"player_choice":"Read","damage_taken":0,"max_hp_gain":0,"max_hp_loss":0,"event_name":"The Library","floor":22,"gold_loss":0,"cards_obtained":["Combust"]}],"is_beta":false,"boss_relics":[{"not_picked":["Cursed Key","Runic Dome"],"picked":"SacredBark"}],"items_purged_floors":[20],"is_endless":false,"potions_floor_spawned":[2,13,16,18,19],"killed_by":"Cultist and Chosen","ascension_level":17}}