{"host":"7pe9xwx78c6nlay8","time":1609350238,"event":{"mods":["BaseMod","Minty Spire (QoL Compilation)"],"gold_per_floor":[109,109,109,109,132,170,189,189,189,220,245,245,265,21,21,114,114,135,150,168,191,43,43,43],"floor_reached":23,"playtime":693,"items_purged":["Defend_P"],"score":388,"play_id":"ab26ed96-a406-4c2d-a355-01e1a985f51c","local_time":"20201231014358","is_ascension_mode":true,"campfire_choices":[{"data":"Wallop","floor":8.0,"key":"SMITH"},{"floor":15.0,"key":"REST"}],"circlet_count":0,"master_deck":["AscendersBane","Strike_P","Strike_P","Strike_P","Strike_P","Defend_P","Defend_P","Defend_P","Eruption+1","Vigilance","Wallop+1","ReachHeaven","Study","ReachHeaven","ThirdEye","LikeWater","JustLucky","Alpha","Armaments"],"relics":["PureWater","NeowsBlessing","Golden Idol","Smiling Mask","TeardropLocket","Mercury Hourglass","Ice Cream","PrismaticShard","Fusion Hammer","Damaru"],"acts_visited":["Exordium","TheCity"],"potions_floor_usage":[19],"damage_taken":[{"damage":0.0,"enemies":"2 Louse","floor":1.0,"turns":2.0},{"damage":0.0,"enemies":"Cultist","floor":5.0,"turns":1.0},{"damage":0.0,"enemies":"Gremlin Nob","floor":6.0,"turns":1.0},{"damage":4.0,"enemies":"Jaw Worm","floor":7.0,"turns":3.0},{"damage":30.0,"enemies":"Lagavulin","floor":10.0,"turns":5.0},{"damage":0.0,"enemies":"Exordium Wildlife","floor":11.0,"turns":3.0},{"damage":4.0,"enemies":"Exordium Thugs","floor":13.0,"turns":4.0},{"damage":8.0,"enemies":"Hexaghost","floor":16.0,"turns":7.0},{"damage":15,"enemies":"Spheric Guardian","floor":18,"turns":4},{"damage":2,"enemies":"Chosen","floor":19,"turns":4},{"damage":13,"enemies":"Snecko","floor":20,"turns":5},{"damage":18,"enemies":"Sentry and Sphere","floor":21,"turns":5},{"damage":10,"enemies":"Gremlin Leader","floor":23,"turns":1}],"seed_played":"8616794850627705314","potions_obtained":[{"floor":1.0,"key":"CultistPotion"},{"floor":7.0,"key":"DuplicationPotion"},{"floor":16.0,"key":"Block Potion"},{"floor":18,"key":"SteroidPotion"}],"is_trial":false,"path_per_floor":["M","?","?","?","M","E","M","R","T","E","M","?","M","$","R","B",null,"M","M","M","M","$","E"],"character_chosen":"WATCHER","items_purchased":["PrismaticShard","JustLucky","Damaru"],"campfire_rested":1,"item_purchase_floors":[14,14,22],"current_hp_per_floor":[61,61,44,44,44,44,40,40,40,10,10,10,6,6,26,18,56,41,39,26,8,8,0,0],"gold":43,"neow_bonus":"THREE_ENEMY_KILL","is_daily":false,"chose_seed":false,"campfire_upgraded":1,"win_rate":0.0,"timestamp":1609350238,"path_taken":["M","?","?","?","M","E","M","R","T","E","?","?","M","$","R","BOSS","M","M","M","M","$","E"],"items_purchased_type":["Relic","Card","Relic"],"build_version":"2020-12-22","purchased_purges":1,"victory":false,"max_hp_per_floor":[68,68,68,68,68,68,68,68,68,68,68,68,68,68,68,68,68,68,68,68,68,68,68,68],"card_choices":[{"not_picked":["EmptyFist","FollowUp"],"picked":"Wallop","floor":1.0},{"not_picked":["CutThroughFate","EmptyFist"],"picked":"ReachHeaven","floor":5.0},{"not_picked":["FearNoEvil","Adaptation"],"picked":"Study","floor":6.0},{"not_picked":["Perseverance","Evaluate"],"picked":"ReachHeaven","floor":7.0},{"not_picked":["Ragnarok","Meditate"],"picked":"ThirdEye","floor":10.0},{"not_picked":["EmptyBody","Halt","BowlingBash"],"picked":"SKIP","floor":11.0},{"not_picked":["FlyingSleeves","ClearTheMind"],"picked":"LikeWater","floor":13.0},{"not_picked":["Berserk","Electrodynamics"],"picked":"Alpha","floor":16.0},{"not_picked":["SashWhip","Predator","Collect"],"picked":"SKIP","floor":18},{"not_picked":["Headbutt","Crescendo"],"picked":"Armaments","floor":19},{"not_picked":["Gash","Fasting2","Whirlwind"],"picked":"SKIP","floor":20},{"not_picked":["Beam Cell","Sword Boomerang","Bane"],"picked":"SKIP","floor":21}],"player_experience":1577554,"relics_obtained":[{"floor":6.0,"key":"TeardropLocket"},{"floor":9.0,"key":"Mercury Hourglass"},{"floor":10.0,"key":"Ice Cream"}],"event_choices":[{"damage_healed":0.0,"max_hp_gain":0.0,"max_hp_loss":0.0,"gold_gain":0.0,"event_name":"Living Wall","player_choice":"Grow","floor":2.0,"gold_loss":0.0,"damage_taken":0.0,"cards_upgraded":["Eruption"]},{"damage_healed":0.0,"max_hp_gain":0.0,"max_hp_loss":0.0,"gold_gain":0.0,"event_name":"Golden Idol","player_choice":"Take Damage","floor":3.0,"gold_loss":0.0,"damage_taken":17.0,"relics_obtained":["Golden Idol"]},{"damage_healed":0.0,"max_hp_gain":0.0,"max_hp_loss":0.0,"gold_gain":0.0,"event_name":"WeMeetAgain","player_choice":"Gave Potion","floor":4.0,"gold_loss":0.0,"damage_taken":0.0,"relics_obtained":["Smiling Mask"]},{"damage_healed":0.0,"max_hp_gain":0.0,"max_hp_loss":0.0,"gold_gain":0.0,"event_name":"Match and Keep!","player_choice":"0 cards matched","floor":12.0,"gold_loss":0.0,"damage_taken":0.0,"cards_obtained":[]}],"is_beta":false,"boss_relics":[{"not_picked":["Runic Dome","Ectoplasm"],"picked":"Fusion Hammer"}],"items_purged_floors":[14],"is_endless":false,"potions_floor_spawned":[1,7,16,18],"killed_by":"Gremlin Leader","ascension_level":14}}