{"host":"aaqofma31c3gm2hj","time":1609329689,"event":{"mods":["BaseMod","Minty Spire (QoL Compilation)","Replay The Spire","Spicy Shops","StSLib"],"gold_per_floor":[369,369,388,427,142,142,158,158,158,185,185,210,210,245,245,320,320,334,344,165,165,165,165],"floor_reached":22,"playtime":506,"items_purged":["Strike_R","Pain"],"score":500,"play_id":"0ab35492-39e6-4920-bc93-f8b545decd4b","local_time":"20201230200129","is_ascension_mode":true,"campfire_choices":[{"data":"Sword Boomerang","floor":6.0,"key":"SMITH"},{"data":"Blood for Blood","floor":8.0,"key":"SMITH"},{"data":"Replay:Many Hands","floor":11.0,"key":"SMITH"},{"data":"Battle Trance","floor":13.0,"key":"SMITH"},{"floor":15.0,"key":"RECALL"}],"circlet_count":0,"master_deck":["AscendersBane","Strike_R","Strike_R","Strike_R","Defend_R","Defend_R","Defend_R","Defend_R","Bash","Sword Boomerang+1","Flame Barrier","Power Through","Blood for Blood+1","Replay:Many Hands+1","Battle Trance+1","Barricade","Bloodletting","Rupture"],"relics":["Burning Blood","Potion Belt","Brimstone","Question Card","Unceasing Top","Bronze Scales","Replay:Bottled Snecko","ReplayTheSpireMod:DimensionalGlitch"],"acts_visited":["Exordium","TheCity"],"potions_floor_usage":[19],"damage_taken":[{"damage":11.0,"enemies":"Jaw Worm","floor":1.0,"turns":6.0},{"damage":1.0,"enemies":"Cultist","floor":3.0,"turns":3.0},{"damage":2.0,"enemies":"Small Slimes","floor":7.0,"turns":2.0},{"damage":13.0,"enemies":"Gremlin Nob","floor":10.0,"turns":3.0},{"damage":5.0,"enemies":"Lagavulin","floor":12.0,"turns":3.0},{"damage":0.0,"enemies":"Gremlin Nob","floor":14.0,"turns":2.0},{"damage":12.0,"enemies":"The Guardian","floor":16.0,"turns":5.0},{"damage":12.0,"enemies":"Chosen","floor":18.0,"turns":3.0},{"damage":21,"enemies":"3 Byrds","floor":19,"turns":1},{"damage":16,"enemies":"3 Cultists","floor":22,"turns":3}],"seed_played":"-1771025331489973768","potions_obtained":[{"floor":1.0,"key":"LiquidBronze"},{"floor":4.0,"key":"ElixirPotion"},{"floor":4.0,"key":"DistilledChaos"},{"floor":12.0,"key":"GamblersBrew"},{"floor":18.0,"key":"Ancient Potion"}],"is_trial":false,"path_per_floor":["M","?","M","?","$","R","M","R","T","E","R","E","R","E","R","B",null,"M","M","$","?","M"],"character_chosen":"IRONCLAD","items_purchased":["Power Through","Brimstone","Rupture"],"campfire_rested":0,"item_purchase_floors":[5,5,20],"current_hp_per_floor":[63,63,68,68,68,68,68,68,68,61,61,62,62,68,68,62,67,58,40,40,21,5,5],"gold":165,"neow_bonus":"TWO_FIFTY_GOLD","is_daily":false,"chose_seed":false,"campfire_upgraded":4,"win_rate":0.0,"timestamp":1609329689,"path_taken":["M","?","?","?","$","R","M","R","T","E","R","E","R","E","R","BOSS","M","M","$","?","M"],"items_purchased_type":["Card","Relic","Card"],"build_version":"2020-12-22","purchased_purges":2,"victory":false,"max_hp_per_floor":[68,68,68,68,68,68,68,68,68,68,68,68,68,68,68,68,68,68,68,68,73,73,73],"card_choices":[{"not_picked":["Reckless Charge","Iron Wave"],"picked":"Sword Boomerang","floor":1.0},{"not_picked":["Heavy Blade","Perfected Strike"],"picked":"Flame Barrier","floor":3.0},{"not_picked":["ReplayTheSpireMod:Strike From Hell","Rampage"],"picked":"Blood for Blood","floor":7.0},{"not_picked":["Clash","Cleave","Shrug It Off"],"picked":"Replay:Many Hands","floor":10.0},{"not_picked":["Pummel","Clothesline","Dual Wield"],"picked":"Battle Trance","floor":12.0},{"not_picked":["Havoc","Carnage","Clash","Infernal Blade"],"picked":"SKIP","floor":14.0},{"not_picked":["Havoc","Carnage","Clash","Infernal Blade"],"picked":"SKIP","floor":14.0},{"not_picked":["Immolate","Demon Form","Impervious"],"picked":"Barricade","floor":16.0},{"not_picked":["Shrug It Off","Twin Strike","Rampage","Fire Breathing"],"picked":"SKIP","floor":18.0},{"not_picked":["Thunderclap","True Grit","Body Slam+1"],"picked":"Bloodletting","floor":19}],"player_experience":550585,"relics_obtained":[{"floor":4.0,"key":"Potion Belt"},{"floor":9.0,"key":"Question Card"},{"floor":10.0,"key":"Unceasing Top"},{"floor":12.0,"key":"Bronze Scales"},{"floor":14.0,"key":"Replay:Bottled Snecko"}],"event_choices":[{"cards_removed":["Strike_R"],"damage_healed":0.0,"max_hp_gain":0.0,"max_hp_loss":0.0,"gold_gain":0.0,"event_name":"Purifier","player_choice":"Purged","floor":2.0,"gold_loss":0.0,"damage_taken":0.0},{"damage_healed":0,"gold_gain":0,"player_choice":"Shed Blood","damage_taken":24,"max_hp_gain":5,"max_hp_loss":0,"event_name":"Forgotten Altar","floor":21,"gold_loss":0}],"is_beta":false,"boss_relics":[{"not_picked":["Kintsugi","Mark of Pain"],"picked":"ReplayTheSpireMod:DimensionalGlitch"}],"items_purged_floors":[5,20],"is_endless":false,"potions_floor_spawned":[1,12,18],"killed_by":"3 Cultists","ascension_level":20}}