{"host":"npubv26u89aif4fa","time":1609308119,"event":{"mods":["Astrologer","BaseMod","Better Vampires","Better-Laid Plans","Colored Powertips","GifTheSpireLib","GungeonMod","HornydragonMod","Hubris","Jedi Mod","Minty Spire (QoL Compilation)","Quick Restart","Remilia（蕾米莉亚）","Replay The Spire","StSLib","Td1madao Mod","The Administrix","The Alterego","The Bug Knight","The Cursed","The Runesmith","Yuri Mod","残留之物"],"gold_per_floor":[118,118,136,146,166,199,199,199,222,222,222,242,260,284,284,414,414,439,455,469,493,493,493],"floor_reached":22,"playtime":1217,"items_purged":[],"score":192,"play_id":"c76cae8d-fa3c-416f-8f69-7317fae7d5ba","local_time":"20201230140159","is_ascension_mode":false,"campfire_choices":[{"floor":10,"key":"RECALL"}],"circlet_count":0,"master_deck":["Strike_R","Strike_R","Strike_R","Strike_R","Strike_R","Defend_R","Defend_R","Defend_R","Defend_R","Bash","jedi:collectorstrike","Cleave+1","ReplayTheSpireMod:Muscle Training","Twin Strike","Rage+1","Body Slam+1","Inflame+1","Flex","Rampage+1"],"relics":["Burning Blood","ReplayTheSpireMod:Spearhead","Runesmith:AutoHammer","Lantern","Golden Idol","jedi:battlestandard"],"acts_visited":["Exordium","TheCity"],"potions_floor_usage":[12,14,16],"damage_taken":[{"damage":3,"enemies":"2 Louse","floor":1,"turns":3},{"damage":0,"enemies":"Small Slimes","floor":3,"turns":2},{"damage":8,"enemies":"Jaw Worm","floor":4,"turns":3},{"damage":9,"enemies":"3 Louse","floor":5,"turns":3},{"damage":35,"enemies":"HollowMod:MossKnight","floor":6,"turns":11},{"damage":9,"enemies":"Blue Slaver","floor":12,"turns":3},{"damage":1,"enemies":"2 Fungi Beasts","floor":13,"turns":2},{"damage":11,"enemies":"Large Slime","floor":14,"turns":5},{"damage":31,"enemies":"Fading Forest","floor":16,"turns":11},{"damage":7,"enemies":"3 Byrds","floor":18,"turns":5},{"damage":26,"enemies":"Centurion and Healer","floor":19,"turns":5},{"damage":24,"enemies":"Snake Plant","floor":20,"turns":4},{"damage":40,"enemies":"Shelled Parasite and Fungi","floor":21,"turns":5},{"damage":12,"enemies":"Centurion and Healer","floor":22,"turns":1}],"seed_played":"-6662347845449625227","potions_obtained":[{"floor":4,"key":"Dexterity Potion"},{"floor":6,"key":"Weak Potion"},{"floor":13,"key":"SkillPotion"},{"floor":14,"key":"Ancient Potion"},{"floor":18,"key":"FearPotion"},{"floor":19,"key":"Venom Potion"}],"is_trial":false,"path_per_floor":["M","?","M","M","M","E","?","?","T","R","?","M","M","M","R","B",null,"M","M","M","M","M"],"character_chosen":"IRONCLAD","items_purchased":[],"campfire_rested":0,"item_purchase_floors":[],"current_hp_per_floor":[80,80,80,78,75,46,30,30,30,30,10,7,12,7,31,26,80,79,59,41,7,0,0],"gold":493,"neow_bonus":"RANDOM_COMMON_RELIC","is_daily":false,"chose_seed":false,"campfire_upgraded":0,"win_rate":0.0,"timestamp":1609308119,"path_taken":["M","?","M","M","M","E","?","?","T","R","?","?","M","M","R","BOSS","M","M","M","M","M"],"items_purchased_type":[],"build_version":"2020-12-22","purchased_purges":0,"victory":false,"max_hp_per_floor":[80,80,80,80,80,80,80,80,80,80,80,80,80,80,80,80,80,80,80,80,80,80,80],"card_choices":[{"not_picked":["hubris:ReadiedAction","Run Through"],"picked":"jedi:collectorstrike","floor":1},{"not_picked":["Body Slam","Pummel"],"picked":"jedi:collectorstrike","floor":3},{"not_picked":["Fire Breathing","Flex","Headbutt"],"picked":"SKIP","floor":4},{"not_picked":["Perfected Strike","Flex","True Grit"],"picked":"SKIP","floor":5},{"not_picked":["Reaper","Clothesline"],"picked":"Inflame","floor":6},{"not_picked":["True Grit","Shrug It Off"],"picked":"Flex","floor":12},{"not_picked":["Carnage","Run Through","Whirlwind"],"picked":"SKIP","floor":13},{"not_picked":["DemoMod:BlackBlade","Bloodletting"],"picked":"jedi:collectorstrike","floor":14},{"not_picked":["Brutality","Reaper"],"picked":"jedi:collectorstrike","floor":16},{"not_picked":["Burning Pact","Iron Wave"],"picked":"jedi:collectorstrike","floor":18},{"not_picked":["jedi:collectorstrike","Flex"],"picked":"Rampage+1","floor":19},{"not_picked":["Reckless Charge","Shrug It Off"],"picked":"jedi:collectorstrike","floor":20},{"not_picked":["Perfected Strike+1","Evolve"],"picked":"jedi:collectorstrike","floor":21}],"player_experience":205175,"relics_obtained":[{"floor":6,"key":"Runesmith:AutoHammer"},{"floor":9,"key":"Lantern"}],"event_choices":[{"damage_healed":0,"gold_gain":0,"player_choice":"Entered Light","damage_taken":16,"max_hp_gain":0,"max_hp_loss":0,"event_name":"Shining Light","floor":7,"gold_loss":0,"cards_upgraded":["Body Slam","Cleave"]},{"damage_healed":0,"gold_gain":0,"player_choice":"Take Damage","damage_taken":20,"relics_obtained":["Golden Idol"],"max_hp_gain":0,"max_hp_loss":0,"event_name":"Golden Idol","floor":11,"gold_loss":0}],"is_beta":false,"boss_relics":[{"not_picked":["Painkiller Herb","hubris:CrackedHourglass"],"picked":"jedi:battlestandard"}],"items_purged_floors":[],"is_endless":false,"potions_floor_spawned":[4,6,13,14,18,19],"killed_by":"Centurion and Healer","ascension_level":0}}