{"host":"w5ovz9boloi14a0g","time":1609304986,"event":{"mods":["BaseMod","Googly Eyes","Minty Spire (QoL Compilation)","StSLib","SuperFastMode"],"gold_per_floor":[114,127,138,138,152,152,181,181,181,216,216,216,280,300,300,300,300],"floor_reached":16,"playtime":2025,"items_purged":[],"score":118,"play_id":"db14ef5e-45d4-40de-97d9-b92ac5af6926","local_time":"20201229230946","is_ascension_mode":true,"campfire_choices":[{"data":"Dualcast","floor":6,"key":"SMITH"},{"floor":8,"key":"REST"},{"data":"Zap","floor":11,"key":"SMITH"},{"data":"Consume","floor":15,"key":"SMITH"}],"circlet_count":0,"master_deck":["Strike_B","Strike_B","Strike_B","Strike_B","Defend_B","Defend_B","Defend_B","Defend_B","Zap+1","Dualcast+1","White Noise","Sweeping Beam","Leap","Lockon","Consume+1"],"relics":["Cracked Core","Meat on the Bone","HornCleat","Potion Belt","SsserpentHead"],"acts_visited":["Exordium"],"potions_floor_usage":[],"damage_taken":[{"damage":12,"enemies":"Small Slimes","floor":1,"turns":4},{"damage":8,"enemies":"2 Louse","floor":2,"turns":3},{"damage":1,"enemies":"Cultist","floor":3,"turns":3},{"damage":8,"enemies":"Exordium Wildlife","floor":5,"turns":4},{"damage":22,"enemies":"3 Sentries","floor":7,"turns":9},{"damage":9,"enemies":"Lagavulin","floor":10,"turns":5},{"damage":2,"enemies":"Blue Slaver","floor":13,"turns":2},{"damage":0,"enemies":"Large Slime","floor":14,"turns":3},{"damage":44,"enemies":"The Guardian","floor":16,"turns":11}],"seed_played":"7297853629863479060","potions_obtained":[{"floor":3,"key":"Weak Potion"},{"floor":5,"key":"FearPotion"},{"floor":14,"key":"Swift Potion"}],"is_trial":false,"path_per_floor":["M","M","M","?","M","R","E","R","T","E","R","?","M","M","R","B"],"character_chosen":"DEFECT","items_purchased":[],"campfire_rested":1,"item_purchase_floors":[],"current_hp_per_floor":[70,62,61,61,53,53,31,55,55,46,46,46,44,44,44,0,0],"gold":300,"neow_bonus":"TEN_PERCENT_HP_BONUS","is_daily":false,"chose_seed":false,"campfire_upgraded":3,"win_rate":0.0,"timestamp":1609304986,"path_taken":["M","M","M","?","M","R","E","R","T","E","R","?","?","M","R","BOSS"],"items_purchased_type":[],"build_version":"2020-12-22","purchased_purges":0,"victory":false,"max_hp_per_floor":[82,82,82,82,82,82,82,82,82,82,82,82,82,82,82,82,82],"card_choices":[{"not_picked":["Gash","Cold Snap"],"picked":"White Noise","floor":1},{"not_picked":["Gash","Streamline","Compile Driver"],"picked":"SKIP","floor":2},{"not_picked":["Stack","Redo"],"picked":"Sweeping Beam","floor":3},{"not_picked":["Gash","Chill"],"picked":"Leap","floor":5},{"not_picked":["Machine Learning","Hello World"],"picked":"Lockon","floor":7},{"not_picked":["Coolheaded","BootSequence","Sweeping Beam"],"picked":"SKIP","floor":10},{"not_picked":["Sweeping Beam","Turbo"],"picked":"Consume","floor":13},{"not_picked":["Lockon","Go for the Eyes","Leap"],"picked":"SKIP","floor":14}],"player_experience":41122,"relics_obtained":[{"floor":7,"key":"Meat on the Bone"},{"floor":9,"key":"HornCleat"},{"floor":10,"key":"Potion Belt"}],"event_choices":[{"damage_healed":0,"gold_gain":0,"player_choice":"Ignored","damage_taken":0,"max_hp_gain":0,"max_hp_loss":0,"event_name":"Golden Wing","floor":4,"gold_loss":0},{"damage_healed":0,"gold_gain":0,"player_choice":"Trade","damage_taken":0,"relics_obtained":["SsserpentHead"],"max_hp_gain":0,"max_hp_loss":0,"event_name":"FaceTrader","floor":12,"gold_loss":0}],"is_beta":false,"boss_relics":[],"items_purged_floors":[],"is_endless":false,"potions_floor_spawned":[3,5,14],"killed_by":"The Guardian","ascension_level":1}}