{"host":"cyiefo55v5hz1ih5","time":1609355751,"event":{"mods":["2.2 Compatiblity","AchievementEnabler","BaseMod","GifTheSpireLib","Hubris","Minty Spire (QoL Compilation)","Replay The Spire","Spicy Shops","StSLib","The Marked"],"gold_per_floor":[110,121,11,11,11,11,42,54,90,116,128,140,164,76,76,172,172,189,104,104,120,130,130,155,168,168,182,182,200,200,259,259,354,354,368,368,38,88,88,88],"floor_reached":39,"playtime":2698,"items_purged":["theMarked:Strike","theMarked:Strike","theMarked:Strike"],"score":422,"play_id":"1e814057-b7a2-4727-bd2f-bf2345183c22","local_time":"20201230141551","is_ascension_mode":false,"campfire_choices":[{"floor":6,"key":"RECALL"},{"floor":8,"key":"REST"},{"data":"theMarked:RepellingDischarge","floor":15,"key":"SMITH"},{"floor":23,"key":"REST"},{"floor":28,"key":"REST"},{"floor":30,"key":"REST"},{"data":"theMarked:SummonStrength","floor":32,"key":"SMITH"}],"circlet_count":0,"master_deck":["theMarked:Strike","theMarked:Strike","theMarked:Defend","theMarked:Defend","theMarked:Defend","theMarked:Defend","theMarked:SoldierOfQuellstein+1","theMarked:Opportunist","theMarked:ElementalBlade+1","theMarked:RepellingDischarge+1","theMarked:SummonStrength+1","theMarked:SwordAndMagic+1","Writhe","theMarked:EnhanceMovement","theMarked:Overthink","theMarked:TwofoldDefense+1","ReplayTheSpireMod:Splinters","CurseOfTheBell","theMarked:EmpowerWeapon+1","Injury"],"relics":["theMarked:ArtifactOfAir","hubris:Towel","MawBank","hubris:TenFootPole","theMarked:SpiritSword","Calipers","Replay:Ringing Soul","Blue Candle","Replay:WaspNest","Meat on the Bone","Calling Bell","hubris:ToyBattleship","theMarked:NailFile","theMarked:KettuFlask","hubris:Icosahedron","Replay:Wax Seal","Bag of Preparation","Sling","Torii"],"acts_visited":["Exordium","TheCity","TheBeyond"],"potions_floor_usage":[13,16,24,24,25,29],"damage_taken":[{"damage":1,"enemies":"Cultist","floor":1,"turns":3},{"damage":1,"enemies":"2 Louse","floor":2,"turns":2},{"damage":24,"enemies":"Gremlin Nob","floor":7,"turns":4},{"damage":0,"enemies":"Small Slimes","floor":10,"turns":3},{"damage":15,"enemies":"Exordium Thugs","floor":13,"turns":4},{"damage":28,"enemies":"Slime Boss","floor":16,"turns":14},{"damage":2,"enemies":"Shell Parasite","floor":18,"turns":6},{"damage":14,"enemies":"Spheric Guardian","floor":21,"turns":4},{"damage":14,"enemies":"Chosen and Byrds","floor":22,"turns":6},{"damage":48,"enemies":"Slavers","floor":24,"turns":6},{"damage":11,"enemies":"Centurion and Healer","floor":25,"turns":4},{"damage":1,"enemies":"Snake Plant","floor":27,"turns":3},{"damage":6,"enemies":"3 Cultists","floor":29,"turns":5},{"damage":54,"enemies":"Collector","floor":33,"turns":9},{"damage":16,"enemies":"Orb Walker","floor":35,"turns":3},{"damage":52,"enemies":"Mind Bloom Boss Battle","floor":38,"turns":4},{"damage":44,"enemies":"3 Darklings","floor":39,"turns":3}],"seed_played":"-8986103364621069142","potions_obtained":[{"floor":1,"key":"LiquidMemories"},{"floor":10,"key":"Weak Potion"},{"floor":16,"key":"Explosive Potion"},{"floor":21,"key":"Strength Potion"},{"floor":24,"key":"Energy Potion"},{"floor":27,"key":"Regen Potion"},{"floor":29,"key":"Fire Potion"},{"floor":31,"key":"CultistPotion"},{"floor":35,"key":"Elixir"}],"is_trial":false,"path_per_floor":["M","M","$","?","?","R","E","R","T","M","?","?","M","$","R","B",null,"M","?","?","M","M","R","E","M","T","M","R","M","R","?","R","B",null,"M","?","$","?","M"],"character_chosen":"THE_DEFAULT","items_purchased":["theMarked:Opportunist","Replay:Wax Seal","Bag of Preparation","Sling"],"campfire_rested":4,"item_purchase_floors":[3,37,37,37],"current_hp_per_floor":[69,68,68,68,68,68,44,65,65,65,65,70,55,55,55,27,75,73,73,76,62,48,71,26,18,18,20,46,54,80,83,83,41,93,80,80,83,43,0,0],"gold":88,"neow_bonus":"UPGRADE_CARD","is_daily":false,"chose_seed":false,"campfire_upgraded":2,"win_rate":0.0,"timestamp":1609355751,"path_taken":["M","M","$","?","?","R","E","R","T","M","?","?","?","?","R","BOSS","M","?","?","M","?","R","E","M","T","M","R","M","R","?","R","BOSS","M","?","$","?","M"],"items_purchased_type":["Card","Relic","Relic","Relic"],"build_version":"2020-12-22","purchased_purges":3,"victory":false,"max_hp_per_floor":[70,70,70,70,70,70,70,70,70,70,70,75,75,75,75,75,75,75,75,78,78,78,78,81,84,84,87,87,87,87,90,90,90,93,96,96,99,99,99,99],"card_choices":[{"not_picked":["theMarked:EmpowerWeapon","theMarked:ChainLightning","theMarked:Frustration"],"picked":"SKIP","floor":1},{"not_picked":["theMarked:PowerFlow","theMarked:Parry","theMarked:WastefulDefense"],"picked":"SKIP","floor":2},{"not_picked":["theMarked:WardOff","theMarked:Aftermath","theMarked:ElectricStrings"],"picked":"SKIP","floor":7},{"not_picked":["theMarked:Frustration","theMarked:MysticalArsenal"],"picked":"theMarked:ElementalBlade","floor":10},{"not_picked":["theMarked:WastefulDefense","theMarked:EmpowerWeapon"],"picked":"theMarked:RepellingDischarge","floor":13},{"not_picked":["theMarked:MuscleMemory","theMarked:SoldierForm"],"picked":"theMarked:SummonStrength","floor":16},{"not_picked":["theMarked:Static+1","theMarked:ResourceFulStrike"],"picked":"theMarked:SwordAndMagic+1","floor":18},{"not_picked":["theMarked:Panic+1","theMarked:BanishingStrike","theMarked:Polarize"],"picked":"SKIP","floor":21},{"not_picked":["theMarked:Frustration","theMarked:SwordAndMagic","theMarked:Standoff"],"picked":"SKIP","floor":22},{"not_picked":["theMarked:DeterminationOfTheMarked","theMarked:ElectricStrings"],"picked":"theMarked:EnhanceMovement","floor":24},{"not_picked":["theMarked:Aftermath","theMarked:Panic+1"],"picked":"theMarked:Overthink","floor":25},{"not_picked":["theMarked:PowerFlow","theMarked:Reabsorb"],"picked":"theMarked:TwofoldDefense+1","floor":27},{"not_picked":["theMarked:ElectricStrings","theMarked:RepellingDischarge","theMarked:WastefulDefense"],"picked":"SKIP","floor":29},{"not_picked":["theMarked:Parry","theMarked:WastefulDefense+1"],"picked":"theMarked:EmpowerWeapon+1","floor":35}],"player_experience":588018,"relics_obtained":[{"floor":7,"key":"MawBank"},{"floor":9,"key":"hubris:TenFootPole"},{"floor":24,"key":"Blue Candle"},{"floor":26,"key":"Replay:WaspNest"},{"floor":31,"key":"Meat on the Bone"},{"floor":34,"key":"hubris:ToyBattleship"},{"floor":34,"key":"theMarked:NailFile"},{"floor":34,"key":"theMarked:KettuFlask"},{"floor":38,"key":"Torii"}],"event_choices":[{"damage_healed":0,"gold_gain":0,"player_choice":"Ignored","damage_taken":0,"max_hp_gain":0,"max_hp_loss":0,"event_name":"Liars Game","floor":4,"gold_loss":0},{"damage_healed":0,"gold_gain":0,"player_choice":"Donut","damage_taken":0,"max_hp_gain":5,"max_hp_loss":0,"event_name":"Big Fish","floor":12,"gold_loss":0},{"damage_healed":0,"gold_gain":0,"player_choice":"Obtained Relic","damage_taken":0,"relics_obtained":["Calipers"],"max_hp_gain":0,"max_hp_loss":0,"event_name":"Addict","floor":19,"gold_loss":85},{"damage_healed":0,"gold_gain":0,"player_choice":"Opened","damage_taken":0,"relics_obtained":["Replay:Ringing Soul"],"max_hp_gain":0,"max_hp_loss":0,"event_name":"The Mausoleum","floor":20,"gold_loss":0,"cards_obtained":["Writhe"]},{"damage_healed":0,"gold_gain":0,"player_choice":"Fight","damage_taken":0,"max_hp_gain":0,"max_hp_loss":0,"event_name":"MindBloom","floor":38,"gold_loss":0}],"is_beta":false,"boss_relics":[{"not_picked":["Snecko Eye","Busted Crown"],"picked":"theMarked:SpiritSword"},{"not_picked":["Astrolabe","Velvet Choker"],"picked":"Calling Bell"}],"items_purged_floors":[3,14,37],"is_endless":false,"potions_floor_spawned":[1,10,16,21,24,27,29,35],"killed_by":"3 Darklings","ascension_level":0}}