{"host":"r6wilvrr1tovskr2","time":1609317483,"event":{"mods":["2.2 Compatiblity","AchievementEnabler","Aspiration","BaseMod","Bestiary","Better Altar","Better Match","Better Note","Better Sensory Stone","Better Skull","Better Third Choice","Colored Powertips","Conspire","Energized Spire","GifTheSpireLib","Halation","Highlight Path","Hubris","Infinite Spire","Marked Mod","Minty Spire (QoL Compilation)","Quick Restart","Replay The Spire","Shop Mod","Spicy Shops","Spikes Relics","StSLib","Stuff the Spire","vexMod"],"gold_per_floor":[109,120,120,120,120,153,153,182,209,221,240,240,240,257,257,360,360,380,347,347,367,367,367,367],"floor_reached":23,"playtime":2029,"items_purged":[],"score":366,"play_id":"0203123e-0ba7-4f77-bdf8-d21d31d946fd","local_time":"20201230023803","is_ascension_mode":true,"campfire_choices":[{"floor":7,"key":"RECALL"},{"floor":13,"key":"REST"},{"floor":15,"key":"REST"}],"circlet_count":0,"master_deck":["conspire:GhostlyStrike","conspire:GhostlyStrike","conspire:GhostlyStrike","conspire:GhostlyStrike","conspire:GhostlyDefend","conspire:GhostlyDefend","conspire:GhostlyDefend","conspire:GhostlyDefend","conspire:GhostlyDefend","Survivor","Neutralize","Hidden Blade","Heel Hook","Footwork","Dagger Spray","Acrobatics","Dagger Spray","Die Die Die","AbeCurse","Decay","Hallucinations"],"relics":["Ring of the Snake","NeowsBlessing","Pet Ghost","Pocketwatch","Replay:Baseball","Abe\u0027s Treasure","Pantograph"],"acts_visited":["Exordium","TheCity"],"potions_floor_usage":[16,16,19,21],"damage_taken":[{"damage":0,"enemies":"2 Louse","floor":1,"turns":1},{"damage":0,"enemies":"Small Slimes","floor":2,"turns":1},{"damage":0,"enemies":"Lagavulin","floor":6,"turns":1},{"damage":20,"enemies":"3 Sentries","floor":8,"turns":22},{"damage":7,"enemies":"Jaw Worm","floor":10,"turns":3},{"damage":3,"enemies":"Red Slaver","floor":11,"turns":4},{"damage":0,"enemies":"Blue Slaver","floor":14,"turns":4},{"damage":9,"enemies":"The Guardian","floor":16,"turns":11},{"damage":5,"enemies":"3 Byrds","floor":18,"turns":3},{"damage":27,"enemies":"2 Thieves","floor":19,"turns":5},{"damage":35,"enemies":"Shelled Parasite and Fungi","floor":21,"turns":12},{"damage":19,"enemies":"Nightmare","floor":23,"turns":3}],"seed_played":"-5519769845034277543","potions_obtained":[{"floor":11,"key":"SteroidPotion"},{"floor":12,"key":"conspire:TimeTravelPotion"},{"floor":12,"key":"LiquidBronze"},{"floor":19,"key":"Adrenaline Potion"}],"is_trial":false,"path_per_floor":["M","M","?","?","T","E","R","E","T","M","M","?","R","M","R","B",null,"M","M","?","M","?","NM"],"character_chosen":"THE_SILENT","items_purchased":[],"campfire_rested":2,"item_purchase_floors":[],"current_hp_per_floor":[63,63,56,56,56,56,56,36,36,29,26,26,47,47,68,59,67,62,54,54,19,19,0,0],"gold":367,"neow_bonus":"THREE_ENEMY_KILL","is_daily":false,"chose_seed":false,"campfire_upgraded":0,"win_rate":0.0,"timestamp":1609317483,"path_taken":["M","M","?","?","?","E","R","E","T","M","?","?","R","M","R","BOSS","M","M","?","?","?","NM"],"items_purchased_type":[],"build_version":"2020-12-22","purchased_purges":0,"victory":false,"max_hp_per_floor":[70,70,70,70,70,70,70,70,70,70,70,70,70,70,70,70,70,70,70,70,70,70,70,70],"card_choices":[{"not_picked":["Tactician","Underhanded Strike"],"picked":"Hidden Blade","floor":1},{"not_picked":["Backflip","Dagger Throw"],"picked":"Heel Hook","floor":2},{"not_picked":["conspire:PoisonWeapons","Dagger Spray"],"picked":"Footwork","floor":6},{"not_picked":["StuffTheSpire:BumpUp","ReplayTheSpireMod:The Works"],"picked":"Dagger Spray","floor":8},{"not_picked":["hubris:SlightOfHand","Replay:Poison Smokescreen"],"picked":"Acrobatics","floor":10},{"not_picked":["hubris:TrickCloak","Outmaneuver"],"picked":"Dagger Spray","floor":11},{"not_picked":["Pace","Tactician","Quick Slash"],"picked":"SKIP","floor":14},{"not_picked":["Corpse Explosion","Unload"],"picked":"Die Die Die","floor":16},{"not_picked":["ReplayTheSpireMod:Tripwire+1","StuffTheSpire:BumpUp","Deadly Poison"],"picked":"SKIP","floor":18},{"not_picked":["Blur","StuffTheSpire:Sprint","Prepared"],"picked":"SKIP","floor":19},{"not_picked":["ReplayTheSpireMod:The Works","Prepared+1","StuffTheSpire:Injection+1"],"picked":"SKIP","floor":21}],"player_experience":1150213,"relics_obtained":[{"floor":6,"key":"Pet Ghost"},{"floor":8,"key":"Pocketwatch"},{"floor":9,"key":"Replay:Baseball"}],"event_choices":[{"cards_removed":["Strike_G"],"damage_healed":0,"gold_gain":0,"player_choice":"Card Removal","damage_taken":7,"max_hp_gain":0,"max_hp_loss":0,"event_name":"Golden Wing","floor":3,"gold_loss":0},{"damage_healed":0,"gold_gain":0,"player_choice":"Agree","damage_taken":0,"max_hp_gain":0,"max_hp_loss":0,"event_name":"conspire:LoneGhost","floor":4,"gold_loss":0},{"damage_healed":0,"gold_gain":0,"player_choice":"Got Potions","damage_taken":0,"max_hp_gain":0,"max_hp_loss":0,"event_name":"Lab","floor":12,"gold_loss":0},{"damage_healed":0,"gold_gain":0,"player_choice":"Cursed","damage_taken":0,"max_hp_gain":0,"max_hp_loss":0,"event_name":"Wheel of Change","floor":20,"gold_loss":0,"cards_obtained":["Decay"]}],"is_beta":false,"boss_relics":[{"not_picked":["hubris:Stopwatch","Ring of the Serpent"],"picked":"Abe\u0027s Treasure"}],"items_purged_floors":[],"is_endless":false,"potions_floor_spawned":[11,14,19],"killed_by":"Nightmare","ascension_level":8}}