{"host":"1zjc08c6hob33401","time":1609355142,"event":{"mods":["AchievementEnabler","Act Like it!","Aspiration","BaseMod","Downfall","Energized Spire","Evolution","GifTheSpireLib","Hubris","Infinite Spire","Jedi Mod","Minty Spire (QoL Compilation)","Pale of the Ancients","Quick Restart","Replay The Spire","Retaliation","Shop Mod","StSLib","Stuff the Spire","The Blue Laboratory","Wandering Minibosses","vexMod"],"gold_per_floor":[115,35,51,66,80,80,80,80],"floor_reached":7,"playtime":413,"items_purged":[],"score":58,"play_id":"baf0f5a5-3d71-4cd0-93af-7048cc811c86","local_time":"20201230210542","is_ascension_mode":true,"campfire_choices":[{"data":"Unload","floor":6,"key":"SMITH"}],"circlet_count":0,"master_deck":["Strike_G","Strike_G","Strike_G","Strike_G","Strike_G","Defend_G","Defend_G","Defend_G","Defend_G","Defend_G","Survivor","Neutralize","Atom Bomb","ReplayTheSpireMod:The Works","Atom Bomb","Quick Slash","Underhanded Strike","Unload+1"],"relics":["Ring of the Snake","EVO:Axolotl"],"acts_visited":["Exordium"],"potions_floor_usage":[5,7],"damage_taken":[{"damage":1,"enemies":"Cultist","floor":1,"turns":4},{"damage":9,"enemies":"Jaw Worm","floor":3,"turns":5},{"damage":23,"enemies":"infinitespire:Voidling","floor":4,"turns":4},{"damage":17,"enemies":"Large Slime","floor":5,"turns":8},{"damage":30,"enemies":"Gremlin Nob","floor":7,"turns":3}],"seed_played":"3473801539831869436","potions_obtained":[{"floor":4,"key":"blueLaboratory:BubblePotion"},{"floor":5,"key":"Poison Potion"}],"is_trial":false,"path_per_floor":["M","$","M","M","M","R","E"],"character_chosen":"THE_SILENT","items_purchased":["Atom Bomb"],"campfire_rested":0,"item_purchase_floors":[2],"current_hp_per_floor":[62,62,53,30,13,13,0,0],"gold":80,"neow_bonus":"THREE_RARE_CARDS","is_daily":false,"chose_seed":false,"campfire_upgraded":1,"win_rate":0.0,"timestamp":1609355142,"path_taken":["M","?","M","?","M","R","E"],"items_purchased_type":["Card"],"build_version":"2020-12-22","purchased_purges":0,"victory":false,"max_hp_per_floor":[63,63,63,63,63,63,63,63],"card_choices":[{"not_picked":["Tools of the Trade","jedi:rejectivetoxin"],"picked":"Atom Bomb","floor":0},{"not_picked":["Expertise","Cloak And Dagger"],"picked":"ReplayTheSpireMod:The Works","floor":1},{"not_picked":["StuffTheSpire:Incantation","ReplayTheSpireMod:Tripwire"],"picked":"Quick Slash","floor":3},{"not_picked":["Blur","Noxious Fumes"],"picked":"Underhanded Strike","floor":4},{"not_picked":["Quick Slash","StuffTheSpire:ClusterCrunch"],"picked":"Unload","floor":5}],"player_experience":412281,"relics_obtained":[],"event_choices":[],"is_beta":false,"boss_relics":[],"items_purged_floors":[],"is_endless":false,"potions_floor_spawned":[4,5],"killed_by":"Gremlin Nob","ascension_level":7}}