{"host":"34kve6bedbwpq90u","time":1609340300,"event":{"mods":["AchievementEnabler","Arknights The Spire","BaseMod","BetterRewards","Colored Map","Custom Start","Decade(王小明)","Defuse TimeMaze Blight","Downfall","Friendly Minions","GifTheSpireLib","HexUI Lib","HololiveMod","Minty Spire (QoL Compilation)","MostiFishMod","Quarter Circle Forward PUNCH!","RumiaBox-露米娅的神秘盒子","Ryuuou龙王","Shop Mod","Spicy Shops","StSLib","TestMod","The Fake Hero","The Runesmith","Waifu the Spire","WarShipGirlsR/战舰少女R mod","vexMod"],"gold_per_floor":[120,66,141,141,81,162,162,112,136,241,241,340,427,472,472,775,775,805,561,597,645,419,497,554,641,641,641,716,716,716,791,791,1103,1103,1142,1142,1142,1199,859,949,979,1060,1084,1162,1207,1306,1381,1414,1414,1414],"floor_reached":51,"playtime":2694,"items_purged":["Hololive_CallYogiri","Hololive_Defend","Hololive_CallYozoraMel+1","Hololive_Strike+1","Hololive_CallRoboco+1"],"score":1547,"play_id":"0ff447bf-abda-46b3-9de7-2d0be3a2c027","local_time":"20201230225820","daily_mods":["DeadlyEvents","Elite Swarm","Midas","Night Terrors"],"is_ascension_mode":false,"campfire_choices":[{"floor":7,"key":"REST"},{"floor":11,"key":"REST"},{"floor":15,"key":"REST"},{"floor":27,"key":"REST"},{"floor":30,"key":"REST"},{"floor":32,"key":"REST"},{"floor":49,"key":"REST"}],"circlet_count":0,"master_deck":["Hololive_Strike+1","Hololive_Defend+1","Hololive_ILoveYou+1","Hololive_CallRoboco+1","Hololive_ILoveYou+1","Hololive_StarCraft+1","Hololive_IdolExercise+1","Hololive_IdolExercise+1","Hololive_StarCraft+1","Hololive_CocoNews+1","Hololive_DurableLive+1","Hololive_CallManoAloe+1","Hololive_Recruit+1","Hololive_CocoNews+1","Hololive_Spy+1","Hololive_Psychosis+1","Hololive_Rebirth+1","Hololive_HighAtkLowDef+1","Hololive_CallAkaiHaato+1","Hololive_Yoholoon+1","Hololive_ASMR+1","Hololive_FlyingPonyTail+1","Hololive_CallManoAloe+1","Hololive_HighAtkLowDef+1"],"relics":["Hololive_TheStar","testmod-TestBox","DaveBox","testmod-BlackFramedGlasses","Nloth\u0027s Gift","Matryoshka","qcfpunch:Necklace_of_Skulls","Membership Card","Toxic Egg 2","Molten Egg 2","Frozen Egg 2","SynthV:TestCard","MerchantsRug","qcfpunch:Wild_Herbs_Ointment","ats:Originium","Bag of Marbles","testmod-AssaultLearning","Runesmith:AutoHammer","Thread and Needle","Runesmith:Locket","qcfpunch:Black_Training_Shirt","Astrolabe","vexMod:MemoryStick","ChiLing","Chi","Ling","MealTicket","LastBattle","Darkstone Periapt","Civilization","qcfpunch:Chain_With_Nametags","StrikeDummy","Runesmith:Nanobots","testmod-Nine","Shuriken","Lee\u0027s Waffle","Art of War","testmod-FatalChain","CeramicFish","Hololive_LightStick","vexMod:FocusSash","Pear"],"acts_visited":["Exordium","TheCity","TheBeyond"],"potions_floor_usage":[25,33,33],"damage_taken":[{"damage":0,"enemies":"Cultist","floor":1,"turns":4},{"damage":0,"enemies":"Lagavulin","floor":6,"turns":7},{"damage":0,"enemies":"3 Sentries","floor":10,"turns":7},{"damage":0,"enemies":"Lagavulin","floor":12,"turns":5},{"damage":0,"enemies":"Gremlin Nob","floor":13,"turns":4},{"damage":0,"enemies":"Small Slimes","floor":14,"turns":3},{"damage":0,"enemies":"Slime Boss","floor":16,"turns":8},{"damage":0,"enemies":"3 Byrds","floor":18,"turns":4},{"damage":9,"enemies":"2 Thieves","floor":20,"turns":3},{"damage":0,"enemies":"Centurion and Healer","floor":21,"turns":5},{"damage":0,"enemies":"Gremlin Leader","floor":23,"turns":5},{"damage":18,"enemies":"Snake Plant","floor":24,"turns":4},{"damage":1,"enemies":"Book of Stabbing","floor":25,"turns":3},{"damage":16,"enemies":"Gremlin Leader","floor":28,"turns":8},{"damage":5,"enemies":"Slavers","floor":31,"turns":4},{"damage":0,"enemies":"Champ","floor":33,"turns":5},{"damage":1,"enemies":"3 Darklings","floor":35,"turns":3},{"damage":5,"enemies":"3 Shapes","floor":38,"turns":3},{"damage":1,"enemies":"Giant Head","floor":40,"turns":6},{"damage":0,"enemies":"Writhing Mass","floor":41,"turns":3},{"damage":0,"enemies":"Reptomancer","floor":42,"turns":5},{"damage":0,"enemies":"Nemesis","floor":44,"turns":3},{"damage":0,"enemies":"Transient","floor":45,"turns":5},{"damage":0,"enemies":"Giant Head","floor":46,"turns":4},{"damage":0,"enemies":"Nemesis","floor":47,"turns":3},{"damage":0,"enemies":"Spire Growth","floor":48,"turns":2},{"damage":0,"enemies":"Time Eater","floor":50,"turns":4}],"seed_played":"-7517339963499128319","potions_obtained":[{"floor":10,"key":"Explosive Potion"},{"floor":12,"key":"Weak Potion"},{"floor":14,"key":"CultistPotion"},{"floor":33,"key":"PowerPotion"},{"floor":38,"key":"GamblersBrew"},{"floor":42,"key":"PowerPotion"}],"is_trial":true,"path_per_floor":["M","$","?","?","$","E","R","$","T","E","R","E","E","M","R","B",null,"M","$","M","M","$","E","M","E","T","R","E","?","R","E","R","B",null,"M","?","T","M","$","E","M","E","T","E","M","E","E","M","R","B",null],"character_chosen":"Hololive_HololiveCharacter","items_purchased":["MerchantsRug","Hololive_ILoveYou+1","vexMod:MemoryStick","ChiLing","Hololive_Spy+1","MealTicket","Hololive_Psychosis+1","LastBattle","Hololive_Yoholoon+1","Lee\u0027s Waffle","Art of War"],"campfire_rested":7,"item_purchase_floors":[2,5,19,19,19,22,22,22,39,39,39],"current_hp_per_floor":[35,35,24,17,17,24,30,30,30,30,25,25,25,25,20,20,20,20,20,17,22,22,24,13,15,15,23,21,21,25,33,30,41,41,58,58,58,75,85,106,128,155,155,183,212,242,283,315,310,343],"gold":1414,"neow_bonus":"","is_daily":false,"chose_seed":false,"campfire_upgraded":0,"win_rate":0.0,"timestamp":1609340300,"path_taken":["M","?","?","?","?","E","R","$","T","E","R","?","E","M","R","BOSS","M","$","M","M","$","E","M","E","T","R","E","?","R","E","R","BOSS","M","?","?","M","$","E","?","?","T","E","M","?","E","M","R","BOSS"],"items_purchased_type":["Relic","Card","Relic","Relic","Card","Relic","Card","Relic","Card","Relic","Relic"],"build_version":"2020-12-22","purchased_purges":5,"victory":true,"max_hp_per_floor":[35,35,35,35,35,35,30,30,30,30,25,25,25,25,20,20,20,20,20,24,24,24,24,28,28,28,23,30,30,25,35,30,41,41,58,58,58,78,85,106,128,155,155,183,212,242,283,315,310,343],"card_choices":[{"not_picked":["Hololive_HuntDinosaur+1","Hololive_CallRosalyn+1","Hololive_CallHoshimachiSuisei+1"],"picked":"Hololive_CallFriendA+1","floor":1},{"not_picked":["Hololive_HighAtkLowDef+1","Hololive_IdolExercise+1","Hololive_DiamondStrike+1","Hololive_MaximGun+1","Hololive_DDD+1"],"picked":"Hololive_StarCraft+1","floor":6},{"not_picked":["Hololive_WolfAndLamb+1","Hololive_AWSL","Hololive_Rebirth+1","Hololive_BeCareful+1","Hololive_MaximGun+1"],"picked":"Hololive_IdolExercise+1","floor":10},{"not_picked":["Hololive_ASMR+1","Hololive_DurableLive+1","Hololive_Recruit+1","Hololive_DDD+1","Hololive_FlareMind+1"],"picked":"Hololive_IdolExercise+1","floor":12},{"not_picked":["Hololive_ScarfAndHalo+1","Hololive_AWSL","Hololive_WolfAndLamb+1","Hololive_ASMR+1","Hololive_Rebirth+1"],"picked":"Hololive_StarCraft+1","floor":13},{"not_picked":["Hololive_CallAyundaRisu+1","Hololive_Psychosis+1","Hololive_Breathe+1","Hololive_CallShishiroBotan+1","Hololive_CallAiraniIofifteen+1"],"picked":"Hololive_CocoNews+1","floor":14},{"not_picked":["Hololive_FlareMind+1","Hololive_MaximGun+1","Hololive_DDD+1","Hololive_Recruit+1","Hololive_Rebirth+1"],"picked":"Hololive_DurableLive+1","floor":16},{"not_picked":["Hololive_CallRosalyn+1","Hololive_CallAyundaRisu+1","Hololive_CallMurasakiShion+1","Hololive_StrengthChampion+1","Hololive_CallInugamiKorone+1"],"picked":"Hololive_CocoNews+1","floor":18},{"not_picked":["Hololive_Sequa+1","Hololive_Psychosis+1","Hololive_OvertimeWork+1","Hololive_CallKiryuuCoco+1","Hololive_CallTsunomakiWatame+1","Hololive_CallAkaiHaato+1"],"picked":"SKIP","floor":20},{"not_picked":["Hololive_CallTokinoSora+1","Hololive_Sequa+1","Hololive_CocoNews+1","Hololive_Breathe+1","Hololive_CandyCastle+1","Hololive_CallShirakamiFubuki+1"],"picked":"SKIP","floor":21},{"not_picked":["Hololive_AWSL","Hololive_ScarfAndHalo+1","Hololive_IdolExercise+1","Hololive_MaximGun+1","Hololive_DDD+1"],"picked":"Hololive_Rebirth+1","floor":23},{"not_picked":["Hololive_CallAZKi+1","Hololive_HuntDinosaur+1","Hololive_Drill+1","Hololive_LuckPotion+1","Hololive_FlyingPonyTail+1","Hololive_OvertimeWork+1"],"picked":"SKIP","floor":24},{"not_picked":["Hololive_Recruit+1","Hololive_DDD+1","Hololive_ScarfAndHalo+1","Hololive_OpenUp+1","Hololive_IdolExercise+1","Hololive_DurableLive+1"],"picked":"SKIP","floor":25},{"not_picked":["Hololive_FlareMind+1","Hololive_IdolExercise+1","Hololive_DiamondStrike+1","Hololive_AWSL","Hololive_StarCraft+1","Hololive_Rebirth+1"],"picked":"SKIP","floor":28},{"not_picked":["Hololive_AWSL","Hololive_Rebirth+1","Hololive_WolfAndLamb+1","Hololive_IdolExercise+1","Hololive_ASMR+1","Hololive_DiamondStrike+1"],"picked":"SKIP","floor":31},{"not_picked":["Hololive_ScarfAndHalo+1","Hololive_DDD+1","Hololive_DurableLive+1","Hololive_Nanodesu+1","Hololive_OpenUp+1"],"picked":"Hololive_HighAtkLowDef+1","floor":33},{"not_picked":["Hololive_WolfAndLamb+1","Hololive_Trident+1","Hololive_Sequa+1","Hololive_CocoNews+1","Hololive_Drill+1","Hololive_Spy+1"],"picked":"SKIP","floor":35},{"not_picked":["Hololive_CocoNews+1","Hololive_CallOzoraSubaru+1","Hololive_StrengthChampion+1","Hololive_HuntDinosaur+1","Hololive_Watashimo+1"],"picked":"Hololive_CallAkaiHaato+1","floor":38},{"not_picked":["Hololive_FlareMind+1","Hololive_ScarfAndHalo+1","Hololive_HighAtkLowDef+1","Hololive_DDD+1","Hololive_WolfAndLamb+1"],"picked":"Hololive_ASMR+1","floor":40},{"not_picked":["Hololive_CallShirakamiFubuki+1","Hololive_CallMinatoAqua+1","Hololive_Trident+1","Hololive_CallAmaneKanata+1","Hololive_LuckPotion+1"],"picked":"Hololive_FlyingPonyTail+1","floor":41},{"not_picked":["Hololive_Recruit+1","Hololive_WolfAndLamb+1","Hololive_HighAtkLowDef+1","Hololive_ScarfAndHalo+1","Hololive_DiamondStrike+1","Hololive_IdolExercise+1"],"picked":"SKIP","floor":42},{"not_picked":["Hololive_Nanodesu+1","Hololive_Recruit+1","Hololive_DDD+1","Hololive_ASMR+1","Hololive_WolfAndLamb+1","Hololive_OpenUp+1"],"picked":"SKIP","floor":44},{"not_picked":["Hololive_CallOzoraSubaru+1","Hololive_CocoNews+1","Hololive_FlyingPonyTail+1","Hololive_OvertimeWork+1","Hololive_Drill+1"],"picked":"Hololive_CallManoAloe+1","floor":45},{"not_picked":["Hololive_DiamondStrike+1","Hololive_WolfAndLamb+1","Hololive_StarCraft+1","Hololive_Nanodesu+1","Hololive_FlareMind+1"],"picked":"Hololive_HighAtkLowDef+1","floor":46},{"not_picked":["Hololive_OpenUp+1","Hololive_AWSL","Hololive_Nanodesu+1","Hololive_HighAtkLowDef+1","Hololive_IdolExercise+1","Hololive_FlareMind+1"],"picked":"SKIP","floor":47},{"not_picked":["Hololive_OvertimeWork+1","Hololive_Rebound+1","Hololive_HuntDinosaur+1","Hololive_Breathe+1","Hololive_RevenueBasedLive+1","Hololive_Drill+1"],"picked":"SKIP","floor":48}],"player_experience":63435,"relics_obtained":[{"floor":1,"key":"SynthV:TestCard"},{"floor":6,"key":"ats:Originium"},{"floor":6,"key":"Bag of Marbles"},{"floor":9,"key":"testmod-AssaultLearning"},{"floor":9,"key":"Runesmith:AutoHammer"},{"floor":10,"key":"ats:Originium"},{"floor":10,"key":"Thread and Needle"},{"floor":12,"key":"ats:Originium"},{"floor":12,"key":"Runesmith:Locket"},{"floor":13,"key":"qcfpunch:Black_Training_Shirt"},{"floor":23,"key":"Darkstone Periapt"},{"floor":25,"key":"Civilization"},{"floor":26,"key":"qcfpunch:Chain_With_Nametags"},{"floor":26,"key":"StrikeDummy"},{"floor":28,"key":"Runesmith:Nanobots"},{"floor":37,"key":"Shuriken"},{"floor":40,"key":"testmod-FatalChain"},{"floor":42,"key":"CeramicFish"},{"floor":43,"key":"Hololive_LightStick"},{"floor":46,"key":"vexMod:FocusSash"},{"floor":47,"key":"Pear"}],"event_choices":[{"damage_healed":0,"gold_gain":75,"player_choice":"Gather Gold","damage_taken":11,"max_hp_gain":0,"max_hp_loss":0,"event_name":"World of Goop","floor":3,"gold_loss":0},{"damage_healed":0,"gold_gain":0,"player_choice":"Success","damage_taken":7,"relics_obtained":["qcfpunch:Wild_Herbs_Ointment"],"max_hp_gain":0,"max_hp_loss":0,"event_name":"Scrap Ooze","floor":4,"gold_loss":0},{"damage_healed":0,"gold_gain":0,"player_choice":"Ignored","damage_taken":0,"max_hp_gain":0,"max_hp_loss":0,"event_name":"给自己的盒子","floor":29,"gold_loss":0}],"is_beta":false,"boss_relics":[{"not_picked":["FixedStarFall","Empty Cage"],"picked":"Astrolabe"},{"not_picked":["Snecko Eye","OneHitWonderSystem"],"picked":"testmod-Nine"}],"items_purged_floors":[2,8,19,39,39],"is_endless":false,"potions_floor_spawned":[10,12,14,16,23,24,33,38,42,45,46,47],"ascension_level":0}}