{"host":"kw4o7b3ro2ktmmbe","time":1609331193,"event":{"mods":["BaseMod","Evolution","Minty Spire (QoL Compilation)","Shade Mod","StSLib"],"gold_per_floor":[111,286,286,304,81,81,93,93,93,123,149,161,202,248,260,377,389,411,423,424,458,569,581,634,646,658,687,721,519,519,519],"floor_reached":30,"playtime":2149,"items_purged":["Doubt"],"score":360,"play_id":"aa6dbe15-751c-4880-ada4-8a57d8732179","local_time":"20201231012633","is_ascension_mode":true,"campfire_choices":[{"data":"Shade:AnimateDead","floor":6.0,"key":"SMITH"},{"data":"Shade:CarefulCut","floor":8.0,"key":"SMITH"},{"data":"Shade:Defend_Shade","floor":12.0,"key":"SMITH"},{"data":"Shade:AuraOfUnlife","floor":15.0,"key":"SMITH"},{"floor":23,"key":"REST"},{"data":"Shade:Carnophage","floor":25,"key":"SMITH"}],"circlet_count":0,"master_deck":["Shade:Strike_Shade","Shade:Strike_Shade","Shade:Strike_Shade","Shade:Strike_Shade","Shade:Defend_Shade+1","Shade:Defend_Shade","Shade:Defend_Shade","Shade:Defend_Shade","Shade:AnimateDead+1","Shade:CarefulCut+1","Shade:AuraOfUnlife+1","Shade:Carnophage+1","Shade:Bite_Shade+1","Shade:Carnophage+1","Shade:SkeletonArmy+1","Shade:OpenGraves"],"relics":["Shade:YorickSkull","EVO:Axolotl","Regal Pillow","CeramicFish","Bag of Marbles","MawBank","Blood Vial","Sozu","Toxic Egg 2","Torii","Akabeko"],"acts_visited":["Exordium","TheCity"],"potions_floor_usage":[],"damage_taken":[{"damage":0.0,"enemies":"Jaw Worm","floor":1.0,"turns":3.0},{"damage":0.0,"enemies":"Cultist","floor":4.0,"turns":3.0},{"damage":0.0,"enemies":"Small Slimes","floor":7.0,"turns":2.0},{"damage":1.0,"enemies":"2 Fungi Beasts","floor":10.0,"turns":3.0},{"damage":8.0,"enemies":"Gremlin Gang","floor":11.0,"turns":4.0},{"damage":0.0,"enemies":"Blue Slaver","floor":13.0,"turns":3.0},{"damage":0.0,"enemies":"3 Sentries","floor":14.0,"turns":6.0},{"damage":0.0,"enemies":"The Guardian","floor":16.0,"turns":11.0},{"damage":14.0,"enemies":"Spheric Guardian","floor":18.0,"turns":4.0},{"damage":10,"enemies":"2 Thieves","floor":20,"turns":4},{"damage":39,"enemies":"Sentry and Sphere","floor":21,"turns":10},{"damage":39,"enemies":"Slavers","floor":24,"turns":8},{"damage":7,"enemies":"Centurion and Healer","floor":27,"turns":9},{"damage":24,"enemies":"Snake Plant","floor":28,"turns":6},{"damage":51,"enemies":"Snecko","floor":30,"turns":4}],"seed_played":"-5021828489951173527","potions_obtained":[{"floor":4.0,"key":"GamblersBrew"},{"floor":7.0,"key":"Dexterity Potion"},{"floor":11.0,"key":"Explosive Potion"},{"floor":13.0,"key":"PowerPotion"}],"is_trial":false,"path_per_floor":["M","?","T","M","$","R","M","R","T","M","M","R","M","E","R","B",null,"M","?","M","M","?","R","E","R","T","M","M","$","M"],"character_chosen":"SHADE","items_purchased":["Bag of Marbles","Akabeko","Shade:OpenGraves"],"campfire_rested":1,"item_purchase_floors":[5,29,29],"current_hp_per_floor":[65,65,65,65,65,65,65,65,65,64,56,56,56,56,56,58,65,51,75,65,28,28,65,40,40,40,53,43,43,0,0],"gold":519,"neow_bonus":"RANDOM_COMMON_RELIC","is_daily":false,"chose_seed":false,"campfire_upgraded":5,"win_rate":0.0,"timestamp":1609331193,"path_taken":["M","?","?","M","$","R","M","R","T","M","M","R","M","E","R","BOSS","M","?","?","M","?","R","E","R","T","M","M","$","M"],"items_purchased_type":["Relic","Relic","Card"],"build_version":"2020-12-22","purchased_purges":1,"victory":false,"max_hp_per_floor":[65,65,65,65,65,65,65,65,65,65,65,65,65,65,65,65,65,65,75,75,75,75,75,75,75,75,75,75,75,75,75],"card_choices":[{"not_picked":["Shade:Trample","Shade:FeralStrike","Shade:CoffinDance"],"picked":"SKIP","floor":1.0},{"not_picked":["Shade:Excise","Shade:FuneraryArmor","Shade:Premonition"],"picked":"SKIP","floor":4.0},{"not_picked":["Shade:ExtraLimbs","Shade:AncientSpear","Shade:WallOfFlesh"],"picked":"SKIP","floor":7.0},{"not_picked":["Shade:GreyBargain","Shade:GoDigging","Shade:GreaterAnimation"],"picked":"SKIP","floor":10.0},{"not_picked":["Shade:AncientSpear","Shade:DangerousRitual","Shade:CommandSoldier"],"picked":"SKIP","floor":11.0},{"not_picked":["Shade:Frenzy","Shade:Premonition"],"picked":"Shade:AuraOfUnlife","floor":13.0},{"not_picked":["Shade:Trample","Shade:CommandSoldier","Shade:Premonition"],"picked":"SKIP","floor":14.0},{"not_picked":["Shade:OminousRitual","Shade:MadHubris"],"picked":"Shade:Tombstone","floor":16.0},{"not_picked":["Shade:FingerOfDeath","Shade:GreyBargain+1","Shade:StitchTogether"],"picked":"SKIP","floor":18.0},{"not_picked":["Shade:SpontaneousRitual","Shade:AncientSpear"],"picked":"Shade:Carnophage","floor":20},{"not_picked":["Shade:AblativeArmor","Shade:LyeBath"],"picked":"Shade:Bite_Shade+1","floor":21},{"not_picked":["Shade:TouchOfTheGrave+1","Shade:Frenzy+1"],"picked":"Shade:Carnophage+1","floor":24},{"not_picked":["Shade:WallOfFlesh+1","Shade:GreyBargain+1","Shade:ExtraLimbs"],"picked":"SKIP","floor":27},{"not_picked":["Shade:PotionOfRestlessness","Shade:FuneraryArmor+1"],"picked":"Shade:SkeletonArmy+1","floor":28}],"player_experience":1804435,"relics_obtained":[{"floor":3.0,"key":"CeramicFish"},{"floor":9.0,"key":"MawBank"},{"floor":14.0,"key":"Blood Vial"},{"floor":24,"key":"Toxic Egg 2"},{"floor":26,"key":"Torii"}],"event_choices":[{"damage_healed":0.0,"max_hp_gain":0.0,"max_hp_loss":0.0,"gold_gain":175.0,"event_name":"Liars Game","player_choice":"AGREE","floor":2.0,"gold_loss":0.0,"damage_taken":0.0,"cards_obtained":["Doubt"]},{"cards_removed":["Shade:Tombstone"],"damage_healed":14.0,"max_hp_gain":10.0,"max_hp_loss":0.0,"gold_gain":0.0,"event_name":"Bonfire Elementals","player_choice":"Offered Rare","floor":19.0,"gold_loss":0.0,"damage_taken":0.0},{"damage_healed":0,"gold_gain":99,"player_choice":"Stole From Cult","damage_taken":0,"max_hp_gain":0,"max_hp_loss":0,"event_name":"Nest","floor":22,"gold_loss":0}],"is_beta":false,"boss_relics":[{"not_picked":["SacredBark","Fusion Hammer"],"picked":"Sozu"}],"items_purged_floors":[5],"is_endless":false,"potions_floor_spawned":[4,7,11,13,20,24,27],"killed_by":"Snecko","ascension_level":2}}