{"host":"kpyoctgc7jne3jiy","time":1609371774,"event":{"mods":["AchievementEnabler","BaseMod","Minty Spire (QoL Compilation)","Relic Stats"],"gold_per_floor":[99,99,99,99,70,70,70,70,70,70,70,70,70,70,70,70,70],"floor_reached":16,"playtime":603,"items_purged":[],"score":115,"play_id":"59fda098-8296-457f-8298-c26d8a46769d","local_time":"20201231004254","is_ascension_mode":true,"campfire_choices":[{"data":"Zap","floor":6,"key":"SMITH"},{"data":"BootSequence","floor":8,"key":"SMITH"},{"data":"Sweeping Beam","floor":10,"key":"SMITH"},{"data":"Consume","floor":15,"key":"SMITH"}],"circlet_count":0,"master_deck":["Strike_B","Strike_B","Defend_B","Defend_B","Defend_B","Defend_B","Zap+1","Dualcast","BootSequence+1","Sweeping Beam+1","Leap","Go for the Eyes","Auto Shields","Consume+1"],"relics":["Ectoplasm","Pear","Oddly Smooth Stone"],"acts_visited":["Exordium"],"potions_floor_usage":[],"damage_taken":[{"damage":0,"enemies":"2 Louse","floor":1,"turns":3},{"damage":0,"enemies":"Jaw Worm","floor":2,"turns":3},{"damage":30,"enemies":"3 Sentries","floor":7,"turns":8},{"damage":0,"enemies":"Small Slimes","floor":11,"turns":4},{"damage":2,"enemies":"Exordium Thugs","floor":12,"turns":6},{"damage":0,"enemies":"Lots of Slimes","floor":13,"turns":4},{"damage":48,"enemies":"Hexaghost","floor":16,"turns":15}],"seed_played":"-5192883800252662016","potions_obtained":[{"floor":11,"key":"FearPotion"}],"is_trial":false,"path_per_floor":["M","M","?","$","?","R","E","R","T","R","M","M","M","?","R","B"],"character_chosen":"DEFECT","items_purchased":[],"campfire_rested":0,"item_purchase_floors":[],"current_hp_per_floor":[75,75,68,68,68,68,48,48,48,48,48,46,46,46,46,0,0],"gold":70,"neow_bonus":"BOSS_RELIC","is_daily":false,"chose_seed":false,"campfire_upgraded":4,"win_rate":0.0,"timestamp":1609371774,"path_taken":["M","M","?","$","?","R","E","R","T","R","M","M","M","?","R","BOSS"],"items_purchased_type":[],"build_version":"2020-12-22","purchased_purges":0,"victory":false,"max_hp_per_floor":[75,75,75,75,75,75,85,85,85,85,85,85,85,85,85,85,85],"relic_stats":{"counters":[7,43],"Ectoplasm":144,"obtain_stats":[{"Pear":7,"Oddly Smooth Stone":9,"Ectoplasm":0,"Cracked Core":0},{"Pear":3,"Oddly Smooth Stone":3,"Ectoplasm":0,"Cracked Core":0},{"Pear":14,"Oddly Smooth Stone":14,"Ectoplasm":0,"Cracked Core":0}]},"card_choices":[{"not_picked":["Gash","Barrage"],"picked":"BootSequence","floor":1},{"not_picked":["Tempest","Beam Cell"],"picked":"Sweeping Beam","floor":2},{"not_picked":["Steam","Thunder Strike"],"picked":"Leap","floor":7},{"not_picked":["Stack","Hologram","Beam Cell"],"picked":"SKIP","floor":11},{"not_picked":["Cold Snap","Heatsinks"],"picked":"Go for the Eyes","floor":12},{"not_picked":["Leap","Go for the Eyes"],"picked":"Auto Shields","floor":13}],"player_experience":268605,"relics_obtained":[{"floor":7,"key":"Pear"},{"floor":9,"key":"Oddly Smooth Stone"}],"event_choices":[{"cards_removed":["Strike_B"],"damage_healed":0,"gold_gain":0,"player_choice":"Card Removal","damage_taken":7,"max_hp_gain":0,"max_hp_loss":0,"event_name":"Golden Wing","floor":3,"gold_loss":0},{"damage_healed":0,"gold_gain":0,"player_choice":"Left Gold","damage_taken":0,"max_hp_gain":0,"max_hp_loss":0,"event_name":"World of Goop","floor":5,"gold_loss":29},{"damage_healed":0,"gold_gain":0,"cards_transformed":["Strike_B"],"player_choice":"Change","damage_taken":0,"max_hp_gain":0,"max_hp_loss":0,"event_name":"Living Wall","floor":14,"gold_loss":0,"cards_obtained":["Consume"]}],"is_beta":false,"boss_relics":[],"items_purged_floors":[],"is_endless":false,"potions_floor_spawned":[11],"killed_by":"Hexaghost","ascension_level":3}}