{"host":"vcrofm1hbk0ziuql","time":1609366229,"event":{"mods":["2.2 Compatiblity","BaseMod","Colored Map","DeckTracker","Downfall","Googly Eyes","Highlight Path","Minty Spire (QoL Compilation)","StSLib"],"gold_per_floor":[349,364,639,655,674,674,674,774,874,874,937,493,493,555,574,677,677,677,689,709,721,166,183,183,333,258,340,490,507,507,526,543,640,640,640,653,142,159,155,187,187,112,125,145,155,155,173,173,173,173],"floor_reached":48,"playtime":3827,"items_purged":["Regret","Regret","hexamod:Strike","hexamod:Strike"],"score":608,"play_id":"81fe708a-cb6c-424d-a68d-424567adcc1f","local_time":"20201230221029","is_ascension_mode":false,"campfire_choices":[{"data":"hexamod:Sear","floor":1,"key":"SMITH"},{"data":"hexamod:SpectersWail","floor":10,"key":"SMITH"},{"floor":13,"key":"REST"},{"data":"hexamod:SearingWound","floor":18,"key":"SMITH"},{"floor":26,"key":"REST"},{"floor":30,"key":"REST"},{"floor":35,"key":"RECALL"},{"data":"hexamod:GiftsFromTheDead","floor":42,"key":"SMITH"},{"data":"hexamod:SearingWound","floor":46,"key":"SMITH"}],"circlet_count":0,"master_deck":["hexamod:Strike","hexamod:Strike+1","hexamod:Defend","hexamod:Defend","hexamod:Defend+1","hexamod:Defend+1","hexamod:Sear+1","hexamod:Float","hexamod:NightmareStrike","hexamod:SpectersWail+1","hexamod:GhostShield","hexamod:DynamicBlow","hexamod:SearingWound+1","hexamod:Again","hexamod:GhostLash","hexamod:SearingWound+1","hexamod:NightmareGuise+1","hexamod:EtherealExpedition+1","hexamod:EtherealExpedition+1","hexamod:Hexaguard","hexamod:ChargedBarrage","hexamod:DynamicBlow","hexamod:GiftsFromTheDead+1","hexamod:ExtraCrispy+1","hexamod:UnleashSpirits","hexamod:ThermalTransfer+1","hexamod:PhantomCloak","hexamod:BurningTouch","hexamod:PhantomCloak","hexamod:NightmareGuise","hexamod:FlamesFromBeyond","hexamod:ExtraCrispy","hexamod:RainOfEmbers","Parasite","hexamod:GhostShield+1","hexamod:SpectersWail+1"],"relics":["hexamod:SpiritBrand","Matryoshka","downfall:CloakOfManyFaces","CultistMask","FaceOfCleric","NlothsMask","GremlinMask","SsserpentHead","Singing Bowl","Black Star","Kunai","Medical Kit","hexamod:SoulConsumer","HornCleat","downfall:HeartBlessingBlue","Red Mask","Runic Pyramid","Torii","hexamod:MatchstickCase","Gremlin Horn","Prayer Wheel","Happy Flower","Girya","downfall:HeartBlessingRed"],"acts_visited":["Exordium","TheCity","TheBeyond"],"potions_floor_usage":[16,16,23,25,27,29,32,36,39,40,45,48,48],"damage_taken":[{"damage":0,"enemies":"Small Slimes","floor":2,"turns":3},{"damage":2,"enemies":"Cultist","floor":4,"turns":3},{"damage":0,"enemies":"2 Louse","floor":5,"turns":2},{"damage":20,"enemies":"downfall:FaceTrader","floor":9,"turns":7},{"damage":8,"enemies":"Blue Slaver","floor":11,"turns":3},{"damage":7,"enemies":"downfall:FleeingMerchant","floor":12,"turns":4},{"damage":2,"enemies":"3 Louse","floor":14,"turns":3},{"damage":0,"enemies":"Red Slaver","floor":15,"turns":3},{"damage":41,"enemies":"downfall:Silent","floor":16,"turns":6},{"damage":4,"enemies":"Chosen","floor":19,"turns":3},{"damage":2,"enemies":"Cultist and Chosen","floor":20,"turns":6},{"damage":17,"enemies":"Centurion and Healer","floor":21,"turns":6},{"damage":3,"enemies":"downfall:FleeingMerchant","floor":22,"turns":4},{"damage":12,"enemies":"3 Cultists","floor":23,"turns":6},{"damage":47,"enemies":"Colosseum Nobs","floor":25,"turns":6},{"damage":19,"enemies":"Masked Bandits","floor":27,"turns":5},{"damage":0,"enemies":"Cultist and Chosen","floor":29,"turns":4},{"damage":0,"enemies":"Snake Plant","floor":31,"turns":3},{"damage":0,"enemies":"Chosen and Byrds","floor":32,"turns":3},{"damage":3,"enemies":"downfall:Defect","floor":33,"turns":6},{"damage":11,"enemies":"3 Shapes","floor":36,"turns":4},{"damage":0,"enemies":"downfall:FleeingMerchant","floor":37,"turns":4},{"damage":2,"enemies":"3 Darklings","floor":38,"turns":8},{"damage":1,"enemies":"downfall:FleeingMerchant","floor":39,"turns":3},{"damage":1,"enemies":"Nemesis","floor":40,"turns":7},{"damage":1,"enemies":"Sphere and 2 Shapes","floor":43,"turns":5},{"damage":1,"enemies":"Transient","floor":44,"turns":5},{"damage":11,"enemies":"Writhing Mass","floor":45,"turns":6},{"damage":6,"enemies":"3 Darklings","floor":47,"turns":5},{"damage":91,"enemies":"Giant Head","floor":48,"turns":9}],"seed_played":"-5475423171855097421","potions_obtained":[{"floor":4,"key":"SpeedPotion"},{"floor":9,"key":"LiquidMemories"},{"floor":14,"key":"hexamod:DoubleChargePotion"},{"floor":16,"key":"Regen Potion"},{"floor":19,"key":"SneckoOil"},{"floor":27,"key":"champ:CounterPotion"},{"floor":31,"key":"DuplicationPotion"},{"floor":32,"key":"champ:CounterPotion"},{"floor":38,"key":"LiquidMemories"},{"floor":43,"key":"hexamod:EctoCoolerPotion"},{"floor":44,"key":"champ:CounterPotion"},{"floor":45,"key":"DuplicationPotion"}],"is_trial":false,"path_per_floor":["R","M","?","M","M","?","T","?","?","R","M","$","R","M","M","B",null,"R","M","M","M","$","M","T","?","R","?","?","M","R","M","M","B",null,"R","M","$","M","$","E","T","R","M","M","M","R","M","E"],"character_chosen":"THE_SPIRIT","items_purchased":["Singing Bowl","hexamod:SearingWound","Kunai","hexamod:Hexaguard","Medical Kit","hexamod:PhantomCloak","hexamod:BurningTouch","Torii","hexamod:MatchstickCase","PowerPotion"],"campfire_rested":3,"item_purchase_floors":[12,12,22,22,22,37,37,37,39,39],"current_hp_per_floor":[63,63,63,61,61,61,61,61,41,41,34,28,47,46,47,7,68,68,65,64,50,48,54,54,8,44,26,26,27,54,55,58,56,95,95,85,88,89,91,91,91,91,91,91,83,83,80,0,0,0],"gold":173,"neow_bonus":"TWO_FIFTY_GOLD","is_daily":false,"chose_seed":false,"campfire_upgraded":5,"win_rate":0.0,"timestamp":1609366229,"path_taken":["R","M","?","?","M","?","T","?","?","R","?","?","R","?","M","BOSS","R","M","M","M","$","M","T","?","R","?","?","M","R","M","M","BOSS","R","M","?","M","$","E","T","R","M","M","M","R","M","E"],"items_purchased_type":["Relic","Card","Relic","Card","Relic","Card","Card","Relic","Relic","Potion"],"build_version":"2020-12-22","purchased_purges":4,"victory":false,"max_hp_per_floor":[63,63,63,63,63,63,63,63,63,63,64,65,65,66,67,68,68,68,69,70,73,74,77,77,78,88,89,89,90,90,91,94,95,95,95,96,99,102,105,106,106,106,107,108,111,111,114,114,114,114],"card_choices":[{"not_picked":["hexamod:NightmareStrike","hexamod:HauntingEcho","hexamod:BacktrackSmack"],"picked":"SKIP","floor":2},{"not_picked":["hexamod:FastForward","hexamod:BacktrackSmack"],"picked":"hexamod:NightmareStrike","floor":4},{"not_picked":["hexamod:FastForward","hexamod:SwordOfDarkness","hexamod:SpectralAdrenaline"],"picked":"SKIP","floor":5},{"not_picked":["hexamod:PowerFromBeyond","hexamod:SecondSeal"],"picked":"hexamod:SpectersWail","floor":9},{"not_picked":["hexamod:BacktrackSmack","hexamod:ChargedBarrage"],"picked":"hexamod:GhostShield","floor":11},{"not_picked":["hexamod:ThermalTransfer","hexamod:SpectersWail"],"picked":"hexamod:DynamicBlow","floor":12},{"not_picked":["hexamod:NightmareGuise","hexamod:ShieldOfDarkness"],"picked":"hexamod:Again","floor":14},{"not_picked":["hexamod:Haunt","hexamod:HauntingEcho"],"picked":"hexamod:GhostLash","floor":15},{"not_picked":["hexamod:TurnItUp","hexamod:CrushingStance"],"picked":"hexamod:SearingWound","floor":16},{"not_picked":["hexamod:NightmareStrike+1","hexamod:BacktrackSmack"],"picked":"hexamod:NightmareGuise+1","floor":19},{"not_picked":["hexamod:ShieldOfDarkness","hexamod:NightmareGuise"],"picked":"hexamod:EtherealExpedition+1","floor":20},{"not_picked":["hexamod:NightmareGuise","hexamod:GhostShield","hexamod:RetreatToShadows+1"],"picked":"Singing Bowl","floor":21},{"not_picked":["hexamod:RadiantFlame","hexamod:SpectersWail+1"],"picked":"hexamod:EtherealExpedition+1","floor":22},{"not_picked":["hexamod:PhantomFireball","hexamod:StepThrough","hexamod:SpectersWail"],"picked":"Singing Bowl","floor":23},{"not_picked":["hexamod:ShieldOfDarkness+1","hexamod:Hexaguard+1"],"picked":"hexamod:ChargedBarrage","floor":25},{"not_picked":["hexamod:GhostShield","hexamod:Hexaguard"],"picked":"hexamod:DynamicBlow","floor":27},{"not_picked":["hexamod:ShieldOfDarkness","hexamod:HauntingEcho+1"],"picked":"hexamod:GiftsFromTheDead","floor":29},{"not_picked":["hexamod:RainOfEmbers","hexamod:FastForward+1"],"picked":"hexamod:ExtraCrispy+1","floor":31},{"not_picked":["hexamod:FourthSeal","hexamod:SwordOfDarkness","hexamod:NightmareStrike"],"picked":"Singing Bowl","floor":32},{"not_picked":["hexamod:TurnItUp","hexamod:ParanormalForm"],"picked":"hexamod:UnleashSpirits","floor":33},{"not_picked":["hexamod:AdvancingGuard+1","hexamod:HeatMetal+1"],"picked":"hexamod:ThermalTransfer+1","floor":36},{"not_picked":["hexamod:FourthSeal","hexamod:EmpoweredFlame+1","hexamod:RetreatToShadows"],"picked":"Singing Bowl","floor":37},{"not_picked":["hexamod:FourthSeal","hexamod:NightmareGuise+1","hexamod:SpectersWail"],"picked":"Singing Bowl","floor":38},{"not_picked":["hexamod:Again","hexamod:GhostflameInferno","hexamod:Haunt"],"picked":"Singing Bowl","floor":39},{"not_picked":["hexamod:ShieldOfDarkness+1","hexamod:ThirdSeal"],"picked":"hexamod:PhantomCloak","floor":40},{"not_picked":["hexamod:ChargedBarrage","hexamod:SwordOfDarkness+1"],"picked":"hexamod:NightmareGuise","floor":43},{"not_picked":["hexamod:CatchUp+1","hexamod:NightmareGuise+1"],"picked":"hexamod:FlamesFromBeyond","floor":43},{"not_picked":["hexamod:AdvancingGuard+1","hexamod:Firestarter+1"],"picked":"hexamod:ExtraCrispy","floor":44},{"not_picked":["hexamod:ShieldOfDarkness","hexamod:Incineration+1"],"picked":"hexamod:RainOfEmbers","floor":44},{"not_picked":["hexamod:BacktrackSmack+1","hexamod:ThermalTransfer"],"picked":"hexamod:GhostShield+1","floor":45},{"not_picked":["hexamod:HauntingEcho+1","hexamod:GhostOfSpirePast","hexamod:GhostflameBarrier+1"],"picked":"Singing Bowl","floor":45},{"not_picked":["hexamod:SpectralAdrenaline","hexamod:SwordOfDarkness","hexamod:CrushingStance"],"picked":"Singing Bowl","floor":47},{"not_picked":["hexamod:InspiringFlames","hexamod:NightmareGuise"],"picked":"hexamod:SpectersWail+1","floor":47}],"player_experience":574103,"relics_obtained":[{"floor":7,"key":"Matryoshka"},{"floor":9,"key":"downfall:CloakOfManyFaces"},{"floor":25,"key":"hexamod:SoulConsumer"},{"floor":25,"key":"HornCleat"},{"floor":27,"key":"Red Mask"},{"floor":40,"key":"Gremlin Horn"},{"floor":40,"key":"Prayer Wheel"},{"floor":41,"key":"Happy Flower"},{"floor":41,"key":"Girya"}],"event_choices":[{"damage_healed":0,"gold_gain":0,"player_choice":"Fought Bandits","damage_taken":0,"max_hp_gain":0,"max_hp_loss":0,"event_name":"Masked Bandits","floor":27,"gold_loss":0}],"is_beta":false,"boss_relics":[{"not_picked":["downfall:Hecktoplasm","Coffee Dripper"],"picked":"Black Star"},{"not_picked":["Snecko Eye","Velvet Choker"],"picked":"Runic Pyramid"}],"items_purged_floors":[12,22,37,39],"is_endless":false,"potions_floor_spawned":[4,9,14,16,19,20,27,31,32,38,43,44,45],"killed_by":"Giant Head","ascension_level":0}}