{"host":"sc0o2qwpf9j16a4i","time":1609363815,"event":{"mods":["AchievementEnabler","BaseMod","BetterRewards","Block Reminder","Colored Map","Colored Powertips","Custom Start","Highlight Path","Minty Spire (QoL Compilation)","Relic Stats"],"gold_per_floor":[113,113,126,126,137,165,165,193,193,93,105,105,118,129,129,129,129],"floor_reached":16,"playtime":483,"items_purged":["Strike_G","Strike_G"],"score":324,"play_id":"df87acec-c642-4496-97c0-f6eab6a1708e","local_time":"20201230233015","is_ascension_mode":true,"campfire_choices":[{"floor":7,"key":"REST"},{"floor":12,"key":"REST"},{"floor":15,"key":"REST"}],"circlet_count":0,"master_deck":["AscendersBane","Strike_G","Strike_G","Defend_G","Defend_G","Defend_G","Defend_G","Defend_G","Survivor","Neutralize","Noxious Fumes+1","Dagger Spray","Quick Slash","Reflex","Skewer","Dagger Throw","Dagger Throw","Crippling Poison","Well Laid Plans"],"relics":["Ring of the Snake","Tiny Chest","Ornamental Fan","Bag of Marbles"],"acts_visited":["Exordium"],"potions_floor_usage":[6,6,15],"damage_taken":[{"damage":0,"enemies":"Jaw Worm","floor":1,"turns":5},{"damage":4,"enemies":"Small Slimes","floor":3,"turns":3},{"damage":0,"enemies":"Cultist","floor":5,"turns":4},{"damage":24,"enemies":"Gremlin Nob","floor":6,"turns":4},{"damage":25,"enemies":"3 Sentries","floor":8,"turns":6},{"damage":10,"enemies":"Gremlin Gang","floor":11,"turns":4},{"damage":0,"enemies":"3 Louse","floor":13,"turns":3},{"damage":0,"enemies":"Exordium Wildlife","floor":14,"turns":4},{"damage":35,"enemies":"Slime Boss","floor":16,"turns":6}],"seed_played":"8060124695660857291","potions_obtained":[{"floor":8,"key":"Weak Potion"},{"floor":14,"key":"Fruit Juice"}],"is_trial":false,"path_per_floor":["M","?","M","?","M","E","R","E","T","$","M","R","M","M","R","B"],"character_chosen":"THE_SILENT","items_purchased":["Noxious Fumes","AttackPotion","Block Potion"],"campfire_rested":3,"item_purchase_floors":[0,0,0],"current_hp_per_floor":[52,52,48,48,48,24,43,18,18,18,8,27,27,27,53,18,18],"gold":129,"neow_bonus":"","is_daily":false,"chose_seed":false,"campfire_upgraded":0,"win_rate":0.0,"timestamp":1609363815,"path_taken":["M","?","M","?","?","E","R","E","T","$","?","R","M","M","R","BOSS"],"items_purchased_type":["Card","Potion","Potion"],"build_version":"2020-12-22","purchased_purges":2,"victory":false,"max_hp_per_floor":[66,66,66,66,66,66,66,66,66,66,66,66,66,66,71,71,71],"relic_stats":{"counters":[17,68],"Ornamental Fan":[16],"Tiny Chest":0,"obtain_stats":[{"NeowsBlessing":0,"Mummified Hand":6,"Ornamental Fan":8,"Tiny Chest":6,"Snake Skull":8,"Juzu Bracelet":9,"Bag of Marbles":9,"Ring of the Snake":0},{"NeowsBlessing":0,"Mummified Hand":3,"Ornamental Fan":13,"Tiny Chest":12,"Snake Skull":4,"Juzu Bracelet":4,"Bag of Marbles":13,"Ring of the Snake":0},{"NeowsBlessing":0,"Mummified Hand":3,"Ornamental Fan":51,"Tiny Chest":45,"Snake Skull":8,"Juzu Bracelet":8,"Bag of Marbles":51,"Ring of the Snake":0}],"Ring of the Snake":[34]},"card_choices":[{"not_picked":["Deflect","Deadly Poison"],"picked":"Dagger Spray","floor":1},{"not_picked":["All Out Attack","Blade Dance"],"picked":"Quick Slash","floor":3},{"not_picked":["Quick Slash","Flying Knee","Blade Dance"],"picked":"SKIP","floor":5},{"not_picked":["Tactician","Quick Slash"],"picked":"Skewer","floor":6},{"not_picked":["Distraction","Unload"],"picked":"Dagger Throw","floor":8},{"not_picked":["Underhanded Strike","Flechettes"],"picked":"Dagger Throw","floor":11},{"not_picked":["Blade Dance","Bane"],"picked":"Crippling Poison","floor":13},{"not_picked":["Quick Slash","Reflex"],"picked":"Well Laid Plans","floor":14}],"player_experience":455686,"relics_obtained":[{"floor":6,"key":"Tiny Chest"},{"floor":8,"key":"Ornamental Fan"},{"floor":9,"key":"Bag of Marbles"}],"event_choices":[{"damage_healed":0,"gold_gain":0,"player_choice":"Grow","damage_taken":0,"max_hp_gain":0,"max_hp_loss":0,"event_name":"Living Wall","floor":2,"gold_loss":0,"cards_upgraded":["Noxious Fumes"]},{"damage_healed":0,"gold_gain":0,"cards_transformed":["Strike_G"],"player_choice":"Transformed","damage_taken":0,"max_hp_gain":0,"max_hp_loss":0,"event_name":"Transmorgrifier","floor":4,"gold_loss":0,"cards_obtained":["Reflex"]}],"is_beta":false,"boss_relics":[],"items_purged_floors":[0,10],"is_endless":false,"potions_floor_spawned":[5,8,14],"killed_by":"Slime Boss","ascension_level":20}}