{"host":"2no1vwhhkhf0ohz3","time":1609316831,"event":{"mods":["AchievementEnabler","BaseMod","Colored Map","DeckTracker","Keyboard Shortcuts","Minty Spire (QoL Compilation)","Relic Stats","SuperFastMode"],"gold_per_floor":[116,116,130,130,146,146,189,189,216,297,151,164,164,164],"floor_reached":13,"playtime":112,"items_purged":["Strike_R"],"score":116,"play_id":"b5afa69f-feaf-4877-a004-bad5e9635b9d","local_time":"20201230172711","is_ascension_mode":true,"campfire_choices":[{"data":"Bash","floor":6,"key":"SMITH"},{"data":"Twin Strike","floor":8,"key":"SMITH"}],"circlet_count":0,"master_deck":["Strike_R+1","Strike_R","Strike_R+1","Strike_R","Defend_R","Defend_R","Defend_R","Defend_R","Bash+1","Feel No Pain","Clash","Twin Strike+1","Inflame"],"relics":["Burning Blood","NeowsBlessing","Golden Idol","Boot","Bag of Marbles","Mercury Hourglass"],"acts_visited":["Exordium"],"potions_floor_usage":[],"damage_taken":[{"damage":0,"enemies":"2 Louse","floor":1,"turns":1},{"damage":0,"enemies":"Jaw Worm","floor":3,"turns":1},{"damage":0,"enemies":"Cultist","floor":5,"turns":1},{"damage":30,"enemies":"Lagavulin","floor":7,"turns":5},{"damage":2,"enemies":"3 Louse","floor":12,"turns":2},{"damage":0,"enemies":"3 Sentries","floor":13,"turns":1}],"seed_played":"-4516332044516595499","potions_obtained":[{"floor":1,"key":"PowerPotion"},{"floor":3,"key":"BloodPotion"}],"is_trial":false,"path_per_floor":["M","?","M","?","M","R","E","R","T","T","$","M","E"],"character_chosen":"IRONCLAD","items_purchased":["Inflame"],"campfire_rested":0,"item_purchase_floors":[11],"current_hp_per_floor":[78,62,68,68,74,74,50,50,50,50,50,54,54,54],"gold":164,"neow_bonus":"THREE_ENEMY_KILL","is_daily":false,"chose_seed":false,"campfire_upgraded":2,"win_rate":0.0,"timestamp":1609316831,"path_taken":["M","?","M","?","M","R","E","R","T","?","$","M","E"],"items_purchased_type":["Card"],"build_version":"2020-12-22","purchased_purges":1,"victory":false,"max_hp_per_floor":[80,80,80,74,74,74,74,74,74,74,74,74,74,74],"relic_stats":{"counters":[6,11],"Golden Idol":15,"Boot":[0],"obtain_stats":[{"NeowsBlessing":0,"Golden Idol":4,"Bag of Marbles":9,"Boot":7,"Burning Blood":0,"Mercury Hourglass":10},{"NeowsBlessing":0,"Golden Idol":2,"Bag of Marbles":4,"Boot":4,"Burning Blood":0,"Mercury Hourglass":4},{"NeowsBlessing":0,"Golden Idol":2,"Bag of Marbles":8,"Boot":8,"Burning Blood":0,"Mercury Hourglass":8}],"Burning Blood":30,"Mercury Hourglass":[21]},"card_choices":[{"not_picked":["Warcry","Metallicize"],"picked":"Feel No Pain","floor":1},{"not_picked":["Iron Wave","Clothesline","Juggernaut"],"picked":"SKIP","floor":3},{"not_picked":["Metallicize","True Grit"],"picked":"Clash","floor":5},{"not_picked":["Ghostly Armor","Warcry"],"picked":"Twin Strike","floor":7},{"not_picked":["Intimidate","Searing Blow","Flex"],"picked":"SKIP","floor":12}],"player_experience":272500,"relics_obtained":[{"floor":7,"key":"Boot"},{"floor":9,"key":"Bag of Marbles"},{"floor":10,"key":"Mercury Hourglass"}],"event_choices":[{"damage_healed":0,"gold_gain":0,"player_choice":"Entered Light","damage_taken":16,"max_hp_gain":0,"max_hp_loss":0,"event_name":"Shining Light","floor":2,"gold_loss":0,"cards_upgraded":["Strike_R","Strike_R"]},{"damage_healed":0,"gold_gain":0,"player_choice":"Lose Max HP","damage_taken":0,"relics_obtained":["Golden Idol"],"max_hp_gain":0,"max_hp_loss":6,"event_name":"Golden Idol","floor":4,"gold_loss":0}],"is_beta":false,"boss_relics":[],"items_purged_floors":[11],"is_endless":false,"potions_floor_spawned":[1,3],"killed_by":"3 Sentries","ascension_level":8}}