{"host":"88q0baq93r2cvn7j","time":1609350112,"event":{"mods":["AchievementEnabler","Act Like it!","Arknights The Spire","BaseMod","Minty Spire (QoL Compilation)","StSLib"],"gold_per_floor":[109,121,137,148,118,118,118,118],"floor_reached":7,"playtime":591,"items_purged":[],"score":43,"play_id":"add3e7ad-5dc1-4717-b1e1-408a120d9d14","local_time":"20201231014152","is_ascension_mode":false,"campfire_choices":[{"data":"Chrysalis","floor":6,"key":"SMITH"}],"circlet_count":0,"master_deck":["ats:Strike C","ats:Strike G","ats:Strike S","ats:Strike V","ats:Armor Crushing Shot","ats:Defend","ats:Defend","ats:Defend","ats:Defend","ats:Emotion Absorption","Chrysalis+1","ats:Thermite Blade","ats:Hammer On","ats:Shell Defense","ats:Encircling Forest"],"relics":["ats:Sanity"],"acts_visited":["Exordium"],"potions_floor_usage":[],"damage_taken":[{"damage":12,"enemies":"2 Louse","floor":1,"turns":4},{"damage":13,"enemies":"Jaw Worm","floor":2,"turns":5},{"damage":0,"enemies":"Cultist","floor":3,"turns":2},{"damage":10,"enemies":"Red Slaver","floor":4,"turns":5},{"damage":10,"enemies":"Looter","floor":5,"turns":4},{"damage":22,"enemies":"Lagavulin","floor":7,"turns":5}],"seed_played":"-8907470351205698175","potions_obtained":[{"floor":1,"key":"Energy Potion"},{"floor":4,"key":"FairyPotion"}],"is_trial":false,"path_per_floor":["M","M","M","M","M","R","E"],"character_chosen":"DOCTOR_CLASS","items_purchased":[],"campfire_rested":0,"item_purchase_floors":[],"current_hp_per_floor":[54,41,41,31,22,22,1,1],"gold":118,"neow_bonus":"RANDOM_COLORLESS_2","is_daily":false,"chose_seed":false,"campfire_upgraded":1,"win_rate":0.0,"timestamp":1609350112,"path_taken":["M","M","M","M","M","R","E"],"items_purchased_type":[],"build_version":"2020-12-22","purchased_purges":0,"victory":false,"max_hp_per_floor":[65,65,65,65,65,65,65,65],"card_choices":[{"not_picked":["Secret Weapon","Secret Technique"],"picked":"Chrysalis","floor":0},{"not_picked":["ats:Leaping Hammer","ats:Consecutive Shot Auto"],"picked":"ats:Thermite Blade","floor":1},{"not_picked":["ats:Revitalization","ats:Ignite"],"picked":"ats:Hammer On","floor":2},{"not_picked":["ats:Hammer On","ats:Leaping Hammer"],"picked":"ats:Shell Defense","floor":3},{"not_picked":["ats:Cat Scratch","ats:Curse Doll","ats:Flexible Camouflage"],"picked":"SKIP","floor":4},{"not_picked":["ats:Leaping Hammer","ats:Apocalypse"],"picked":"ats:Encircling Forest","floor":5}],"player_experience":320608,"relics_obtained":[],"event_choices":[],"is_beta":false,"boss_relics":[],"items_purged_floors":[],"is_endless":false,"potions_floor_spawned":[1,4],"killed_by":"Lagavulin","ascension_level":0}}