{"host":"sav7uxregyirlf69","time":1609309817,"event":{"mods":["AchievementEnabler","BaseMod","Colored Map","DeckTracker","Keyboard Shortcuts","Minty Spire (QoL Compilation)","READ ME - Guardian Mod","StSLib","SuperFastMode"],"gold_per_floor":[119,44,44,94,94,120,120,149,184,196,224,248,279,313,325,414,426,449,461,489,513,525,537,537],"floor_reached":23,"playtime":361,"items_purged":["Strike_G"],"score":498,"play_id":"855b81b4-a7ba-49ea-b2ff-2b6df8c8e782","local_time":"20201230153017","is_ascension_mode":true,"campfire_choices":[{"data":"Poisoned Stab","floor":7,"key":"SMITH"},{"data":"Neutralize","floor":10,"key":"SMITH"},{"data":"Noxious Fumes","floor":15,"key":"SMITH"}],"circlet_count":0,"master_deck":["AscendersBane","Strike_G","Strike_G","Strike_G","Defend_G","Defend_G","Defend_G","Defend_G","Defend_G","Survivor","Neutralize+1","Poisoned Stab+1","PiercingWail","Blur","Blade Dance","Noxious Fumes+1","Corpse Explosion","Deadly Poison"],"relics":["Ring of the Snake","NeowsBlessing","Nunchaku","Mercury Hourglass","MawBank","Omamori","Odd Mushroom","Philosopher\u0027s Stone","Centennial Puzzle"],"acts_visited":["Exordium","TheCity"],"potions_floor_usage":[18,21,23],"damage_taken":[{"damage":0.0,"enemies":"2 Louse","floor":1.0,"turns":1.0},{"damage":0,"enemies":"Gremlin Nob","floor":6,"turns":1},{"damage":0,"enemies":"Lagavulin","floor":8,"turns":1},{"damage":0,"enemies":"Small Slimes","floor":11,"turns":2},{"damage":0,"enemies":"Cultist","floor":12,"turns":3},{"damage":0,"enemies":"2 Fungi Beasts","floor":13,"turns":3},{"damage":9,"enemies":"The Mushroom Lair","floor":14,"turns":4},{"damage":11,"enemies":"Hexaghost","floor":16,"turns":9},{"damage":0,"enemies":"Chosen","floor":18,"turns":5},{"damage":15,"enemies":"Spheric Guardian","floor":20,"turns":4},{"damage":22,"enemies":"Snecko","floor":21,"turns":6},{"damage":48,"enemies":"Book of Stabbing","floor":23,"turns":5}],"seed_played":"-459792770489134286","potions_obtained":[{"floor":1.0,"key":"Regen Potion"},{"floor":8,"key":"SpeedPotion"},{"floor":20,"key":"Regen Potion"}],"is_trial":false,"path_per_floor":["M","$","?","?","$","E","R","E","T","R","M","M","M","?","R","B",null,"M","?","M","M","?","E"],"character_chosen":"THE_SILENT","items_purchased":[],"campfire_rested":0,"item_purchase_floors":[],"current_hp_per_floor":[59,59,48,42,42,42,42,42,42,42,42,42,42,33,33,22,55,55,55,40,33,33,0,0],"gold":537,"neow_bonus":"THREE_ENEMY_KILL","is_daily":false,"chose_seed":false,"campfire_upgraded":3,"win_rate":0.0,"timestamp":1609309817,"path_taken":["M","$","?","?","$","E","R","E","T","R","M","M","?","?","R","BOSS","M","?","?","M","?","E"],"items_purchased_type":[],"build_version":"2020-12-22","purchased_purges":1,"victory":false,"max_hp_per_floor":[66,66,66,66,66,66,66,66,66,66,66,66,66,66,66,66,66,66,66,66,66,66,66,66],"card_choices":[{"not_picked":["Quick Slash","Bane","Setup"],"picked":"SKIP","floor":1.0},{"not_picked":["Quick Slash","Backflip"],"picked":"Poisoned Stab","floor":6},{"not_picked":["Acrobatics","Underhanded Strike","Deflect"],"picked":"SKIP","floor":8},{"not_picked":["Bane","Outmaneuver"],"picked":"PiercingWail","floor":11},{"not_picked":["Sucker Punch","Choke"],"picked":"Blur","floor":12},{"not_picked":["Poisoned Stab","Prepared"],"picked":"Blade Dance","floor":13},{"not_picked":["Backflip","Wraith Form v2"],"picked":"Noxious Fumes","floor":14},{"not_picked":["Night Terror","Adrenaline"],"picked":"Corpse Explosion","floor":16},{"not_picked":["Slice","Expertise"],"picked":"Deadly Poison","floor":18},{"not_picked":["Acrobatics","Poisoned Stab","Expertise"],"picked":"SKIP","floor":20},{"not_picked":["Dagger Spray","Outmaneuver","Underhanded Strike"],"picked":"SKIP","floor":21}],"player_experience":1067356,"relics_obtained":[{"floor":6,"key":"Mercury Hourglass"},{"floor":8,"key":"MawBank"},{"floor":9,"key":"Omamori"},{"floor":14,"key":"Odd Mushroom"}],"event_choices":[{"damage_healed":0.0,"max_hp_gain":0.0,"max_hp_loss":0.0,"gold_gain":0.0,"event_name":"Scrap Ooze","player_choice":"Success","floor":3.0,"gold_loss":0.0,"damage_taken":11.0,"relics_obtained":["Nunchaku"]},{"damage_healed":0,"gold_gain":50,"player_choice":"Touch","damage_taken":6,"max_hp_gain":0,"max_hp_loss":0,"event_name":"FaceTrader","floor":4,"gold_loss":0},{"damage_healed":0,"gold_gain":0,"player_choice":"Fought Mushrooms","damage_taken":0,"max_hp_gain":0,"max_hp_loss":0,"event_name":"Mushrooms","floor":14,"gold_loss":0},{"cards_removed":["Strike_G"],"damage_healed":0,"gold_gain":0,"player_choice":"Card Removal","damage_taken":0,"max_hp_gain":0,"max_hp_loss":0,"event_name":"Wheel of Change","floor":19,"gold_loss":0},{"damage_healed":0,"gold_gain":0,"player_choice":"Opened","damage_taken":0,"relics_obtained":["Centennial Puzzle"],"max_hp_gain":0,"max_hp_loss":0,"event_name":"The Mausoleum","floor":22,"gold_loss":0,"cards_obtained":["Writhe"]}],"is_beta":false,"boss_relics":[{"not_picked":["Runic Dome","SlaversCollar"],"picked":"Philosopher\u0027s Stone"}],"items_purged_floors":[2],"is_endless":false,"potions_floor_spawned":[1,8,14,20],"killed_by":"Book of Stabbing","ascension_level":20}}