{"host":"npubv26u89aif4fa","time":1609319323,"event":{"mods":["Astrologer","BaseMod","Better Vampires","Better-Laid Plans","Colored Powertips","GifTheSpireLib","GungeonMod","HornydragonMod","Hubris","Jedi Mod","Minty Spire (QoL Compilation)","Quick Restart","Remilia（蕾米莉亚）","Replay The Spire","StSLib","Td1madao Mod","The Administrix","The Alterego","The Bug Knight","The Cursed","The Runesmith","Yuri Mod","残留之物"],"gold_per_floor":[117,137,11,11,11,11,29,29,54,54,82,82,92,106,106,204,204,215,215,215,67,79,94,128,128,128,159,174,189,223,242,242,337,337,352,352,363,363,382,382,407,407,434,484,498,512,537,550,550,550,550,550,23,50,50],"floor_reached":56,"playtime":3260,"items_purged":["Bash","Strike_R","jedi:bloodyhammer"],"score":2043,"play_id":"54255e4c-4e32-48a5-8c72-7cbfc789404d","local_time":"20201230170843","is_ascension_mode":true,"campfire_choices":[{"floor":6.0,"key":"RECALL"},{"data":"hubris:ReadiedAction","floor":8.0,"key":"SMITH"},{"data":"Anger","floor":10.0,"key":"SMITH"},{"data":"Inflame","floor":12.0,"key":"SMITH"},{"data":"Flex","floor":15,"key":"SMITH"},{"data":"hubris:SharpeningStone","floor":25,"key":"SMITH"},{"data":"Flex","floor":32,"key":"SMITH"},{"data":"Rage","floor":40,"key":"SMITH"},{"data":"Inflame","floor":42,"key":"SMITH"},{"data":"Rage","floor":49,"key":"SMITH"},{"data":"hubris:SharpeningStone","floor":52,"key":"SMITH"}],"circlet_count":0,"master_deck":["Strike_R","Strike_R+1","Defend_R","Defend_R+1","Defend_R","Defend_R","Flex+1","Anger+1","hubris:ReadiedAction+1","Inflame+1","Flex","hubris:SharpeningStone+1","Replay:Undeath\u0027s Touch","Bloodletting+1","Flex+1","Rage+1","Intimidate","Warcry","Berserk","Warcry","Inflame+1","Replay:Undeath\u0027s Touch+1","Seeing Red+1","Body Slam+1","hubris:SharpeningStone+1","Rage+1","Seeing Red+1","jedi:forcepull","Flex","Life Link","Disarm"],"relics":["Burning Blood","Unceasing Top","Eternal Feather","Ancient Tea Set","Vajra","hubris:TerracottaHorce","hubris:Towel","Lizard Tail","Prayer Wheel","hubris:PeanutButter","Happy Flower","Coffee Dripper","PlaceholderMod:DaolothFragment","DemoMod:WhiteGuonStone","FossilizedHelix","DemoMod:NanoMachines","DemoMod:PoisonVial"],"acts_visited":["Exordium","TheCity","TheBeyond","TheEnding"],"potions_floor_usage":[16,24,33,35,39,45,50,50,50,55,55,55],"damage_taken":[{"damage":0.0,"enemies":"2 Louse","floor":1.0,"turns":2.0},{"damage":4.0,"enemies":"Small Slimes","floor":2.0,"turns":3.0},{"damage":1.0,"enemies":"Cultist","floor":7.0,"turns":4.0},{"damage":2.0,"enemies":"3 Sentries","floor":11.0,"turns":3.0},{"damage":0.0,"enemies":"2 Fungi Beasts","floor":13.0,"turns":3.0},{"damage":17.0,"enemies":"Exordium Thugs","floor":14.0,"turns":4.0},{"damage":2,"enemies":"Hexaghost","floor":16,"turns":7},{"damage":29,"enemies":"Chosen","floor":18,"turns":5},{"damage":13,"enemies":"2 Thieves","floor":22,"turns":3},{"damage":33,"enemies":"Cultist and Chosen","floor":23,"turns":7},{"damage":6,"enemies":"Gremlin Leader","floor":24,"turns":3},{"damage":6,"enemies":"Book of Stabbing","floor":27,"turns":2},{"damage":0,"enemies":"3 Cultists","floor":28,"turns":3},{"damage":15,"enemies":"Snecko","floor":29,"turns":5},{"damage":1,"enemies":"Gremlin Leader","floor":30,"turns":2},{"damage":1,"enemies":"Cultist and Chosen","floor":31,"turns":2},{"damage":18,"enemies":"Pondfish","floor":33,"turns":3},{"damage":5,"enemies":"3 Shapes","floor":35,"turns":4},{"damage":3,"enemies":"Orb Walker","floor":37,"turns":2},{"damage":62,"enemies":"Sphere and 2 Shapes","floor":39,"turns":7},{"damage":9,"enemies":"Giant Head","floor":41,"turns":2},{"damage":13,"enemies":"Mind Bloom Boss Battle","floor":44,"turns":2},{"damage":0,"enemies":"Writhing Mass","floor":45,"turns":2},{"damage":3,"enemies":"3 Darklings","floor":46,"turns":2},{"damage":0,"enemies":"Nemesis","floor":47,"turns":1},{"damage":0,"enemies":"Transient","floor":48,"turns":5},{"damage":57,"enemies":"Time Eater","floor":50,"turns":6},{"damage":0,"enemies":"Shield and Spear","floor":54,"turns":1},{"damage":99,"enemies":"The Heart","floor":55,"turns":11}],"seed_played":"3941226024735534918","potions_obtained":[{"floor":1.0,"key":"ColorlessPotion"},{"floor":13.0,"key":"DemoMod:LeadSkinPotion"},{"floor":22,"key":"LifebloodPotion"},{"floor":23,"key":"BloodPotion"},{"floor":28,"key":"DemoMod:LeadSkinPotion"},{"floor":29,"key":"AttackPotion"},{"floor":33,"key":"Regen Potion"},{"floor":37,"key":"Adrenaline Potion"},{"floor":39,"key":"Block Potion"},{"floor":47,"key":"FearPotion"}],"is_trial":false,"path_per_floor":["M","M","$","?","?","R","M","R","T","R","E","R","M","M","R","B",null,"M","?","?","$","M","M","E","R","T","E","M","M","E","M","R","B",null,"M","?","M","T","M","R","E","R","T","?","M","M","E","M","R","B",null,"R","$","E","B",null],"character_chosen":"IRONCLAD","items_purchased":["Anger","Replay:Undeath\u0027s Touch","jedi:forcepull","DemoMod:LeadSkinPotion","Languid Potion","Flex","Life Link","Disarm"],"campfire_rested":0,"item_purchase_floors":[3,21,53,53,53,53,53,53],"current_hp_per_floor":[62,64,64,57,57,63,68,74,74,80,80,80,80,69,75,79,80,57,57,57,57,50,23,39,48,48,48,54,45,50,55,64,52,73,80,80,80,80,24,36,33,45,45,38,44,47,53,59,74,23,66,80,80,80,44],"gold":50,"neow_bonus":"ONE_RARE_RELIC","is_daily":false,"chose_seed":false,"campfire_upgraded":10,"win_rate":0.0,"timestamp":1609319323,"path_taken":["M","M","$","?","?","R","?","R","T","R","E","R","M","M","R","BOSS","M","?","?","$","?","M","E","R","T","E","M","M","E","M","R","BOSS","M","?","M","?","M","R","E","R","T","?","M","?","E","?","R","BOSS","R","$","E","BOSS"],"items_purchased_type":["Card","Card","Card","Undefined","Potion","Card","Card","Card"],"build_version":"2020-12-22","purchased_purges":3,"victory":true,"max_hp_per_floor":[80,80,80,80,80,80,80,80,80,80,80,80,80,80,80,80,80,80,80,80,80,80,80,80,80,80,80,80,80,80,80,80,80,80,80,80,80,80,80,80,80,80,80,80,80,80,80,80,80,80,80,80,80,80,80],"card_choices":[{"not_picked":["Shrug It Off","Power Through"],"picked":"Flex","floor":1.0},{"not_picked":["Hemokinesis","Wild Strike"],"picked":"Pummel","floor":2.0},{"not_picked":["Sever Soul","Sword Boomerang"],"picked":"hubris:ReadiedAction","floor":7.0},{"not_picked":["Pommel Strike","Entrench"],"picked":"Inflame","floor":11.0},{"not_picked":["hubris:ReadiedAction","Combust"],"picked":"Flex","floor":13.0},{"not_picked":["Sever Soul","Massacre","Clothesline"],"picked":"SKIP","floor":14.0},{"not_picked":["Sever Soul","Massacre","Clothesline"],"picked":"SKIP","floor":14.0},{"not_picked":["Clothesline","Run Through"],"picked":"hubris:SharpeningStone","floor":18},{"not_picked":["Uppercut","True Grit","Pummel+1"],"picked":"SKIP","floor":22},{"not_picked":["Shrug It Off+1","Cleave+1"],"picked":"Bloodletting+1","floor":23},{"not_picked":["Dropkick","Battle Trance"],"picked":"Flex","floor":24},{"not_picked":["Blood for Blood","Corruption","True Grit"],"picked":"SKIP","floor":27},{"not_picked":["True Grit","jedi:hate","Uppercut+1"],"picked":"SKIP","floor":28},{"not_picked":["Abandon+1","hubris:ReadiedAction+1","True Grit"],"picked":"SKIP","floor":28},{"not_picked":["Dark Embrace","Iron Wave+1","Armaments+1"],"picked":"SKIP","floor":29},{"not_picked":["Perfected Strike","Havoc","Armaments"],"picked":"SKIP","floor":29},{"not_picked":["Heavy Blade","Wild Strike","Shrug It Off+1"],"picked":"SKIP","floor":30},{"not_picked":["Rampage+1","Pommel Strike"],"picked":"jedi:bloodyhammer","floor":31},{"not_picked":["ReplayTheSpireMod:Strike From Hell","Dark Embrace","Havoc"],"picked":"SKIP","floor":31},{"not_picked":["Havoc+1","Wild Strike+1"],"picked":"Rage","floor":35},{"not_picked":["Battle Trance","jedi:collectorstrike+1"],"picked":"Intimidate","floor":35},{"not_picked":["Fire Breathing+1","jedi:suffering+1"],"picked":"Warcry","floor":37},{"not_picked":["Wild Strike+1","jedi:controlledanger+1","jedi:fear"],"picked":"SKIP","floor":37},{"not_picked":["Entrench+1","Run Through+1"],"picked":"Berserk","floor":39},{"not_picked":["Wild Strike+1","Shockwave"],"picked":"Warcry","floor":39},{"not_picked":["ReplayTheSpireMod:Strike From Hell+1","Sentinel+1"],"picked":"Inflame","floor":41},{"not_picked":["ReplayTheSpireMod:Strike From Hell+1","Sentinel+1"],"picked":"Replay:Undeath\u0027s Touch+1","floor":44},{"not_picked":["Burning Pact","Ghostly Armor"],"picked":"Seeing Red+1","floor":45},{"not_picked":["ReplayTheSpireMod:Strike From Hell","jedi:collectorstrike+1","Wild Strike"],"picked":"SKIP","floor":45},{"not_picked":["DemoMod:BlackBlade+1","Iron Wave+1"],"picked":"Body Slam+1","floor":46},{"not_picked":["Thunderclap+1","Combust"],"picked":"hubris:SharpeningStone","floor":46},{"not_picked":["Dual Wield","Armaments"],"picked":"Rage","floor":47},{"not_picked":["Dropkick","Twin Strike"],"picked":"Seeing Red+1","floor":48},{"not_picked":["Heavy Blade+1","Second Wind+1","Wild Strike+1"],"picked":"SKIP","floor":48},{"not_picked":["Headbutt","Iron Wave","Perfected Strike"],"picked":"SKIP","floor":54}],"player_experience":213774,"relics_obtained":[{"floor":9.0,"key":"Ancient Tea Set"},{"floor":11.0,"key":"Vajra"},{"floor":24,"key":"Lizard Tail"},{"floor":26,"key":"Prayer Wheel"},{"floor":27,"key":"hubris:PeanutButter"},{"floor":30,"key":"Happy Flower"},{"floor":41,"key":"PlaceholderMod:DaolothFragment"},{"floor":43,"key":"DemoMod:WhiteGuonStone"},{"floor":44,"key":"FossilizedHelix"},{"floor":47,"key":"DemoMod:NanoMachines"},{"floor":54,"key":"DemoMod:PoisonVial"}],"event_choices":[{"cards_removed":["Strike_R"],"damage_healed":0.0,"max_hp_gain":0.0,"max_hp_loss":0.0,"gold_gain":0.0,"event_name":"Golden Wing","player_choice":"Card Removal","floor":4.0,"gold_loss":0.0,"damage_taken":7.0},{"cards_removed":["Pummel"],"damage_healed":0.0,"max_hp_gain":0.0,"max_hp_loss":0.0,"gold_gain":0.0,"event_name":"WeMeetAgain","player_choice":"Gave Card","floor":5.0,"gold_loss":0.0,"damage_taken":0.0,"relics_obtained":["Eternal Feather"]},{"cards_removed":["Strike_R"],"damage_healed":0,"gold_gain":0,"player_choice":"Elegance","damage_taken":0,"max_hp_gain":0,"max_hp_loss":0,"event_name":"Back to Basics","floor":20,"gold_loss":0},{"damage_healed":0,"gold_gain":0,"player_choice":"Ignored","damage_taken":0,"max_hp_gain":0,"max_hp_loss":0,"event_name":"Tomb of Lord Red Mask","floor":36,"gold_loss":0},{"damage_healed":0,"gold_gain":0,"player_choice":"Fight","damage_taken":0,"max_hp_gain":0,"max_hp_loss":0,"event_name":"MindBloom","floor":44,"gold_loss":0}],"is_beta":false,"boss_relics":[{"not_picked":["Kintsugi","hubris:HollowSoul"],"picked":"hubris:TerracottaHorce"},{"not_picked":["jedi:paperlyon","Replay:Grab Bag"],"picked":"Coffee Dripper"}],"items_purged_floors":[3,21,53],"is_endless":false,"potions_floor_spawned":[1,13,22,23,28,29,30,33,37,39,47],"ascension_level":5}}