{"host":"93n4kdg5le7r8dks","time":1609363334,"event":{"mods":["AlwaysNeverKeys","BaseMod","Better Note","Better Sensory Stone","Better Skull","Better Third Choice","Block Reminder","Colored Map","Colored Powertips","DeckTracker","Infinite Spire","Minty Spire (QoL Compilation)","Quick Restart","StSLib"],"gold_per_floor":[110,110,110,129,54,84,84,116,116,144,175,75,75,86,86,184,184,196,196,213,230,230,258,145,177,224,258,277,277,304,337,337,439,439,458,469,469,9,9,40,40,69,69,100,147,159,159,189,189,293,293,308,10,19,28,40,71,71,99,122,147,159,194,236,268,280,390,402,426,452,539,561,573,585,609,629,641,679,691,703,731,748,760,851,863,875,962,1016,435,735,755,759,762,787,804,798,600,620,100,100,197,197,211,286,91,108,58,82,82,111,111,126,126,140,148,178,178,275,275,288,6,6,6,17,17,40,40,66,88,112,125,139,170,170,253,253,263,267,99,99,108,145,145,145,145,172,179,173,194,83,83,171,171,171,121,139,199],"floor_reached":158,"playtime":6182,"items_purged":["Warcry","Sword Boomerang","Rampage","Cleave+1","Infernal Blade","Rage","Reprogram","Armaments+1","Metallicize+1","Thunderclap+1","infinitespire:Oblivion+1"],"score":5276,"play_id":"5214577e-1022-4a9a-9e74-dc43e53b41ef","local_time":"20201230152214","daily_mods":["Draft","Vintage","Heirloom","DeadlyEvents","Elite Swarm"],"is_ascension_mode":false,"campfire_choices":[{"data":"1","floor":7.0,"key":"LIFT"},{"data":"2","floor":13.0,"key":"LIFT"},{"data":"3","floor":15.0,"key":"LIFT"},{"data":"Armaments","floor":32.0,"key":"SMITH"},{"data":"infinitespire:OneForAll","floor":47.0,"key":"SMITH"},{"data":"infinitespire:TheBestDefense","floor":49.0,"key":"SMITH"},{"data":"infinitespire:NeuralNetwork","floor":58.0,"key":"SMITH"},{"data":"Feed","floor":62.0,"key":"SMITH"},{"data":"Exhume","floor":66.0,"key":"SMITH"},{"data":"Whirlwind","floor":74.0,"key":"SMITH"},{"data":"Barricade","floor":80.0,"key":"SMITH"},{"data":"Seeing Red","floor":83.0,"key":"SMITH"},{"data":"Double Tap","floor":100,"key":"SMITH"},{"data":"Flame Barrier","floor":109,"key":"SMITH"},{"data":"Thunderclap","floor":113,"key":"SMITH"},{"data":"Demon Form","floor":117,"key":"SMITH"},{"data":"Juggernaut","floor":125,"key":"SMITH"},{"data":"Metallicize","floor":127,"key":"SMITH"},{"data":"Juggernaut+1","floor":134,"key":"PURGE"},{"data":"Demon Form+1","floor":143,"key":"PURGE"},{"data":"Flame Barrier+1","floor":151,"key":"PURGE"},{"data":"Seeing Red+1","floor":154,"key":"PURGE"}],"circlet_count":7,"master_deck":["infinitespire:OneForAll+1","Whirlwind+1","Shockwave+1","Double Tap+1","Limit Break+1","Feed+1","Reaper+1","Barricade+1","infinitespire:TheBestDefense+1","Exhume+1","infinitespire:NeuralNetwork+1","Offering+1","infinitespire:FutureSight+1","Dark Shackles+1","Impervious+1","infinitespire:Menacing+1"],"relics":["Burning Blood","TungstenRod","Question Card","Nunchaku","Girya","Matryoshka","Calipers","Akabeko","Bag of Marbles","Pantograph","infinitespire:WardingShard","Turnip","Ornamental Fan","Coffee Dripper","MealTicket","infinitespire:Satchel","Smiling Mask","MutagenicStrength","infinitespire:CursedDice","Centennial Puzzle","infinitespire:ShieldingShard","War Paint","Bronze Scales","Oddly Smooth Stone","WingedGreaves","Mercury Hourglass","Prayer Wheel","infinitespire:Burning Sword","Strawberry","White Beast Statue","Chemical X","Pear","Blue Candle","FossilizedHelix","Meat on the Bone","Shuriken","Bird Faced Urn","CeramicFish","infinitespire:Joker Card","infinitespire:Bottled Soul","Empty Cage","Omamori","Potion Belt","Dream Catcher","Boot","Toxic Egg 2","Ancient Tea Set","Du-Vu Doll","Unceasing Top","Blood Vial","MawBank","Anchor","Singing Bowl","Gremlin Horn","Runic Pyramid","Eternal Feather","infinitespire:Beetle Shell","Sundial","infinitespire:Eraser","Toy Ornithopter","Molten Egg 2","Self Forming Clay","Bottled Tornado","Regal Pillow","Red Skull","Whetstone","Busted Crown","Orichalcum","CaptainsWheel","Thread and Needle","Bottled Lightning","infinitespire:Lucky Rock","OrangePellets","Old Coin","Mummified Hand","Pen Nib","infinitespire:FocusingShard","Bag of Preparation","Vajra","Gambling Chip","Lee\u0027s Waffle","Frozen Egg 2","Lantern","Charon\u0027s Ashes","Philosopher\u0027s Stone","PreservedInsect","Happy Flower","Tiny Chest","Dead Branch","HornCleat","Letter Opener","Darkstone Periapt","StoneCalendar","Kunai","infinitespire:CheckeredPen","The Courier","infinitespire:Golems Mask","infinitespire:BottledMercury","infinitespire:EmpoweringShard","infinitespire:Midas Blood","Paper Frog","Mango","Peace Pipe","Lizard Tail","infinitespire:Magic Flask","infinitespire:Lychee Nut","Runic Cube","Ginger","Magic Flower","Membership Card","Pocketwatch","Torii","Circlet","HandDrill","infinitespire:Cupcake"],"acts_visited":["Exordium","TheCity","TheBeyond","Exordium","TheCity","TheBeyond","Exordium","TheCity","TheBeyond","TheEnding"],"potions_floor_usage":[101,101,133,152,152,152],"damage_taken":[{"damage":5.0,"enemies":"2 Louse","floor":1.0,"turns":3.0},{"damage":0.0,"enemies":"Jaw Worm","floor":4.0,"turns":3.0},{"damage":35.0,"enemies":"Gremlin Nob","floor":6.0,"turns":5.0},{"damage":18.0,"enemies":"3 Sentries","floor":8.0,"turns":6.0},{"damage":0.0,"enemies":"Gremlin Nob","floor":10.0,"turns":3.0},{"damage":6.0,"enemies":"Lagavulin","floor":11.0,"turns":5.0},{"damage":0.0,"enemies":"Cultist","floor":14.0,"turns":1.0},{"damage":27.0,"enemies":"The Guardian","floor":16.0,"turns":9.0},{"damage":0.0,"enemies":"3 Byrds","floor":18.0,"turns":4.0},{"damage":30.0,"enemies":"Spheric Guardian","floor":20.0,"turns":6.0},{"damage":8.0,"enemies":"Centurion and Healer","floor":21.0,"turns":3.0},{"damage":33.0,"enemies":"Slavers","floor":23.0,"turns":4.0},{"damage":51.0,"enemies":"Gremlin Leader","floor":25.0,"turns":7.0},{"damage":14.0,"enemies":"Book of Stabbing","floor":27.0,"turns":4.0},{"damage":0.0,"enemies":"3 Cultists","floor":28.0,"turns":2.0},{"damage":2.0,"enemies":"Nightmare","floor":30.0,"turns":7.0},{"damage":0.0,"enemies":"Book of Stabbing","floor":31.0,"turns":3.0},{"damage":3.0,"enemies":"Champ","floor":33.0,"turns":8.0},{"damage":2.0,"enemies":"3 Shapes","floor":35.0,"turns":3.0},{"damage":0.0,"enemies":"3 Darklings","floor":36.0,"turns":1.0},{"damage":15.0,"enemies":"Nightmare","floor":40.0,"turns":4.0},{"damage":2.0,"enemies":"Reptomancer","floor":42.0,"turns":4.0},{"damage":3.0,"enemies":"Giant Head","floor":44.0,"turns":5.0},{"damage":0.0,"enemies":"Spire Growth","floor":46.0,"turns":1.0},{"damage":0.0,"enemies":"Reptomancer","floor":48.0,"turns":4.0},{"damage":5.0,"enemies":"infinitespire:MassOfShapes","floor":50.0,"turns":6.0},{"damage":0.0,"enemies":"Small Slimes","floor":52.0,"turns":1.0},{"damage":0.0,"enemies":"2 Louse","floor":54.0,"turns":1.0},{"damage":0.0,"enemies":"Cultist","floor":56.0,"turns":2.0},{"damage":0.0,"enemies":"Gremlin Nob","floor":57.0,"turns":2.0},{"damage":0.0,"enemies":"3 Sentries","floor":59.0,"turns":1.0},{"damage":0.0,"enemies":"Gremlin Nob","floor":61.0,"turns":1.0},{"damage":0.0,"enemies":"3 Sentries","floor":63.0,"turns":1.0},{"damage":0.0,"enemies":"Lagavulin","floor":64.0,"turns":2.0},{"damage":0.0,"enemies":"Gremlin Nob","floor":65.0,"turns":2.0},{"damage":0.0,"enemies":"Slime Boss","floor":67.0,"turns":3.0},{"damage":0.0,"enemies":"2 Thieves","floor":69.0,"turns":1.0},{"damage":0.0,"enemies":"Chosen","floor":70.0,"turns":1.0},{"damage":0.0,"enemies":"Snake Plant","floor":72.0,"turns":1.0},{"damage":0.0,"enemies":"3 Cultists","floor":75.0,"turns":2.0},{"damage":11.0,"enemies":"Slavers","floor":76.0,"turns":4.0},{"damage":0.0,"enemies":"Book of Stabbing","floor":78.0,"turns":2.0},{"damage":13.0,"enemies":"Slavers","floor":81.0,"turns":2.0},{"damage":0.0,"enemies":"Chosen and Byrds","floor":82.0,"turns":2.0},{"damage":0.0,"enemies":"Champ","floor":84.0,"turns":3.0},{"damage":0.0,"enemies":"3 Shapes","floor":86.0,"turns":1.0},{"damage":0.0,"enemies":"infinitespire:Three Voidlings","floor":87.0,"turns":1.0},{"damage":134.0,"enemies":"Nightmare_Alpha","floor":87.0,"turns":5.0},{"damage":0.0,"enemies":"2 Orb Walkers","floor":88.0,"turns":2.0},{"damage":0,"enemies":"Reptomancer","floor":91,"turns":1},{"damage":0,"enemies":"3 Darklings","floor":92,"turns":1},{"damage":0,"enemies":"Nemesis","floor":93,"turns":3},{"damage":0,"enemies":"Giant Head","floor":95,"turns":1},{"damage":0,"enemies":"Transient","floor":96,"turns":5},{"damage":0,"enemies":"Nemesis","floor":98,"turns":1},{"damage":0,"enemies":"Time Eater","floor":101,"turns":1},{"damage":0,"enemies":"2 Louse","floor":103,"turns":1},{"damage":0,"enemies":"Jaw Worm","floor":106,"turns":1},{"damage":0,"enemies":"Gremlin Nob","floor":108,"turns":1},{"damage":0,"enemies":"3 Sentries","floor":110,"turns":1},{"damage":0,"enemies":"Lagavulin","floor":112,"turns":2},{"damage":0,"enemies":"3 Sentries","floor":114,"turns":1},{"damage":0,"enemies":"infinitespire:Voidling","floor":115,"turns":1},{"damage":0,"enemies":"Lagavulin","floor":116,"turns":1},{"damage":0,"enemies":"Slime Boss","floor":118,"turns":1},{"damage":0,"enemies":"Chosen","floor":120,"turns":1},{"damage":0,"enemies":"Spheric Guardian","floor":124,"turns":1},{"damage":0,"enemies":"Gremlin Leader","floor":126,"turns":1},{"damage":0,"enemies":"Slavers","floor":129,"turns":1},{"damage":0,"enemies":"Book of Stabbing","floor":130,"turns":1},{"damage":0,"enemies":"Centurion and Healer","floor":131,"turns":1},{"damage":0,"enemies":"Sentry and Sphere","floor":132,"turns":1},{"damage":0,"enemies":"Nightmare","floor":133,"turns":1},{"damage":0,"enemies":"Champ","floor":135,"turns":2},{"damage":0,"enemies":"3 Darklings","floor":137,"turns":1},{"damage":0,"enemies":"3 Shapes","floor":138,"turns":1},{"damage":0,"enemies":"Sphere and 2 Shapes","floor":141,"turns":1},{"damage":0,"enemies":"Nightmare","floor":142,"turns":1},{"damage":0,"enemies":"Giant Head","floor":146,"turns":1},{"damage":0,"enemies":"Writhing Mass","floor":147,"turns":1},{"damage":0,"enemies":"Transient","floor":148,"turns":3},{"damage":0,"enemies":"Reptomancer","floor":149,"turns":1},{"damage":0,"enemies":"infinitespire:LordOfFortification","floor":152,"turns":1},{"damage":0,"enemies":"Shield and Spear","floor":156,"turns":1},{"damage":0,"enemies":"The Heart","floor":157,"turns":5}],"seed_played":"-8872438134433337191","potions_obtained":[{"floor":1.0,"key":"ColorlessPotion"},{"floor":6.0,"key":"SkillPotion"},{"floor":8.0,"key":"HeartOfIron"},{"floor":14.0,"key":"SmokeBomb"},{"floor":18.0,"key":"Weak Potion"},{"floor":20.0,"key":"ElixirPotion"},{"floor":27.0,"key":"DistilledChaos"},{"floor":40.0,"key":"SkillPotion"},{"floor":42.0,"key":"Explosive Potion"},{"floor":44.0,"key":"BlessingOfTheForge"},{"floor":46.0,"key":"BloodPotion"},{"floor":48.0,"key":"ColorlessPotion"},{"floor":50.0,"key":"LiquidBronze"},{"floor":52.0,"key":"Weak Potion"},{"floor":54.0,"key":"SneckoOil"},{"floor":56.0,"key":"Fire Potion"},{"floor":57.0,"key":"LiquidBronze"},{"floor":59.0,"key":"SteroidPotion"},{"floor":61.0,"key":"AttackPotion"},{"floor":63.0,"key":"Fruit Juice"},{"floor":64.0,"key":"Swift Potion"},{"floor":65.0,"key":"Energy Potion"},{"floor":69.0,"key":"Dexterity Potion"},{"floor":84.0,"key":"ColorlessPotion"},{"floor":86.0,"key":"SteroidPotion"},{"floor":87.0,"key":"Energy Potion"},{"floor":88.0,"key":"Energy Potion"},{"floor":91,"key":"ColorlessPotion"},{"floor":92,"key":"EssenceOfSteel"},{"floor":93,"key":"Weak Potion"},{"floor":95,"key":"LiquidMemories"},{"floor":98,"key":"Swift Potion"},{"floor":101,"key":"infinitespire:BlackPotion"},{"floor":103,"key":"DistilledChaos"},{"floor":108,"key":"FairyPotion"},{"floor":110,"key":"EssenceOfSteel"},{"floor":118,"key":"FairyPotion"},{"floor":133,"key":"Fruit Juice"},{"floor":135,"key":"Explosive Potion"},{"floor":137,"key":"SteroidPotion"},{"floor":149,"key":"Ancient Potion"},{"floor":152,"key":"ElixirPotion"},{"floor":156,"key":"LiquidMemories"},{"floor":157,"key":"Dexterity Potion"}],"is_trial":true,"path_per_floor":["M","?","?","M","$","E","R","E","T","E","E","$","R","M","R","B",null,"M","?","M","M","?","E","$","E","T","E","M","AVR","NM","E","R","B",null,"M","M","?","$","AVR","NM","$","E","T","E","T","M","R","E","R","B",null,"M","$","M","AVR","M","E","R","E","T","E","R","E","E","E","R","B",null,"M","M","?","M","AVR","R","M","E","T","E","T","R","E","M","R","B",null,"M","?","?","$","AVR","E","M","E","T","E","M","$","E","$","R","B",null,"M","?","$","M","$","E","R","E","T","E","R","E","M","E","R","B",null,"M","$","?","T","M","R","E","R","T","E","E","M","M","NM","R","B",null,"M","M","$","?","M","NM","R","T","T","E","M","M","E","$","R","B",null,"R","$","E","B",null],"character_chosen":"IRONCLAD","items_purchased":["Metallicize","Flame Barrier","Chemical X","Pear","Potion Belt","Dream Catcher","Bottled Lightning","infinitespire:Lucky Rock","OrangePellets","Lee\u0027s Waffle","Lantern","Charon\u0027s Ashes","Dark Shackles+1","Happy Flower","infinitespire:Golems Mask","Membership Card","HandDrill"],"campfire_rested":0,"item_purchase_floors":[24,24,38,38,53,53,89,89,89,97,99,99,99,105,121,139,150],"current_hp_per_floor":[80,58,52,58,58,29,29,17,17,23,26,26,26,62,62,74,86,89,89,68,69,69,91,98,98,98,93,102,102,107,107,107,111,111,118,118,112,122,122,120,125,125,125,129,129,129,129,129,129,129,129,129,129,132,132,132,135,135,135,135,135,135,140,142,144,144,146,146,146,146,133,143,143,146,146,151,151,158,158,158,164,164,164,166,166,166,128,144,159,159,176,176,182,182,184,188,195,197,197,197,197,197,197,179,194,197,197,199,199,201,201,207,207,209,213,215,215,217,217,217,217,217,217,217,217,219,219,219,235,237,237,241,187,187,193,193,193,197,197,197,201,203,203,203,203,205,205,209,211,211,211,213,213,213,213,215,217],"gold":199,"neow_bonus":"","is_daily":false,"chose_seed":false,"campfire_upgraded":15,"win_rate":0.0,"timestamp":1609363334,"path_taken":["M","?","?","M","$","E","R","E","T","?","E","$","R","M","R","BOSS","M","?","?","M","?","E","?","E","T","E","M","AVR","NM","?","R","BOSS","M","M","?","$","AVR","NM","$","E","T","E","?","?","R","?","R","BOSS","M","$","?","AVR","M","E","R","E","T","E","R","E","?","E","R","BOSS","M","M","?","?","AVR","R","M","E","T","E","?","R","E","M","R","BOSS","M","?","?","?","AVR","E","?","E","T","E","M","$","?","$","R","BOSS","M","?","$","M","$","E","R","E","T","E","R","E","?","?","R","BOSS","M","$","?","?","?","R","E","R","T","?","E","M","M","NM","R","BOSS","M","M","$","?","M","NM","R","?","T","E","M","M","?","$","R","BOSS","R","$","E","BOSS"],"items_purchased_type":["Card","Card","Relic","Relic","Relic","Relic","Relic","Relic","Relic","Relic","Relic","Relic","Card","Relic","Relic","Relic","Relic"],"build_version":"2020-12-13","purchased_purges":11,"victory":true,"max_hp_per_floor":[80,80,80,80,80,80,80,80,80,80,83,83,83,83,83,86,86,89,89,92,95,95,98,98,98,98,101,104,104,107,107,107,111,111,118,118,112,122,122,125,125,125,125,129,129,129,129,129,129,129,129,129,129,132,132,132,135,135,135,135,135,135,140,142,144,144,146,146,146,146,146,146,146,146,146,152,152,158,158,158,164,164,164,166,166,166,172,174,174,174,176,176,182,182,184,188,195,197,197,197,197,197,197,197,197,197,197,199,199,201,201,207,207,209,213,215,215,217,217,217,217,217,217,217,217,219,219,219,235,237,237,241,187,187,193,193,193,197,197,197,201,203,203,203,203,205,205,209,211,211,211,213,213,213,213,215,217],"card_choices":[{"not_picked":["Clash","Clothesline"],"picked":"infinitespire:OneForAll","floor":0.0},{"not_picked":["Body Slam","Iron Wave"],"picked":"Armaments","floor":0.0},{"not_picked":["Sentinel","Shrug It Off"],"picked":"Thunderclap","floor":0.0},{"not_picked":["infinitespire:OneForAll","Heavy Blade"],"picked":"Sword Boomerang","floor":0.0},{"not_picked":["Pommel Strike","Disarm"],"picked":"Ghostly Armor","floor":0.0},{"not_picked":["True Grit","Wild Strike"],"picked":"Perfected Strike","floor":0.0},{"not_picked":["Disarm","Warcry"],"picked":"Cleave","floor":0.0},{"not_picked":["Headbutt","Clash"],"picked":"Whirlwind","floor":0.0},{"not_picked":["Pommel Strike","Whirlwind"],"picked":"Rampage","floor":0.0},{"not_picked":["Body Slam","Pummel"],"picked":"Rage","floor":0.0},{"not_picked":["True Grit","Bloodletting"],"picked":"Warcry","floor":0.0},{"not_picked":["Wild Strike","Rampage"],"picked":"Seeing Red","floor":0.0},{"not_picked":["Body Slam","Heavy Blade"],"picked":"Infernal Blade","floor":0.0},{"not_picked":["Headbutt","Sever Soul"],"picked":"Shockwave","floor":0.0},{"not_picked":["Shrug It Off","Iron Wave"],"picked":"Thunderclap","floor":0.0},{"not_picked":["Brutality","Impervious","Offering"],"picked":"Double Tap","floor":6.0},{"not_picked":["Corruption","Double Tap","Demon Form"],"picked":"Limit Break","floor":8.0},{"not_picked":["Juggernaut","Limit Break","Double Tap"],"picked":"Feed","floor":10.0},{"not_picked":["Exhume","Demon Form","Corruption"],"picked":"Reaper","floor":11.0},{"not_picked":["Feed","Corruption","Immolate"],"picked":"Juggernaut","floor":16.0},{"not_picked":["Impervious","Corruption","Juggernaut"],"picked":"Barricade","floor":23.0},{"not_picked":["Fiend Fire","Corruption","Double Tap","Berserk"],"picked":"SKIP","floor":25.0},{"not_picked":["Brutality","Juggernaut","Limit Break"],"picked":"Demon Form","floor":27.0},{"not_picked":["Double Tap","Reaper","Limit Break"],"picked":"Exhume","floor":30.0},{"not_picked":["Bludgeon","Demon Form","Offering","Corruption"],"picked":"SKIP","floor":31.0},{"not_picked":["Fiend Fire","Juggernaut","Immolate","Reaper"],"picked":"SKIP","floor":40.0},{"not_picked":["Bludgeon","Reaper","Impervious","Offering"],"picked":"SKIP","floor":42.0},{"not_picked":["Brutality","Exhume","Demon Form","Limit Break"],"picked":"SKIP","floor":44.0},{"not_picked":["Feed","Double Tap","Limit Break","Brutality"],"picked":"SKIP","floor":48.0},{"not_picked":["Corruption","Berserk","Demon Form"],"picked":"Offering+1","floor":57.0},{"not_picked":["Juggernaut","Demon Form","Immolate","Exhume+1"],"picked":"SKIP","floor":59.0},{"not_picked":["Double Tap+1","Fiend Fire","Berserk","Corruption"],"picked":"SKIP","floor":61.0},{"not_picked":["Feed","Brutality","Fiend Fire","Immolate"],"picked":"SKIP","floor":63.0},{"not_picked":["Corruption","Juggernaut","Impervious+1","Offering+1"],"picked":"Singing Bowl","floor":64.0},{"not_picked":["Limit Break+1","Bludgeon","Offering+1","Demon Form"],"picked":"Singing Bowl","floor":65.0},{"not_picked":["Impervious+1","Fiend Fire","Corruption","Exhume+1"],"picked":"Singing Bowl","floor":67.0},{"not_picked":["infinitespire:Gouge","infinitespire:Fortify"],"picked":"infinitespire:FutureSight","floor":67.0},{"not_picked":["Feed+1","Double Tap+1","Bludgeon+1","Barricade"],"picked":"Singing Bowl","floor":76.0},{"not_picked":["Barricade","Offering+1","Double Tap+1","Corruption"],"picked":"Singing Bowl","floor":78.0},{"not_picked":["Offering+1","Demon Form","Exhume+1","Corruption"],"picked":"Singing Bowl","floor":81.0},{"not_picked":["Reaper+1","Immolate+1","Bludgeon+1","Offering+1"],"picked":"Singing Bowl","floor":84.0},{"not_picked":["infinitespire:SevenWalls","infinitespire:DeathsTouch"],"picked":"infinitespire:Oblivion","floor":87.0},{"not_picked":["Reckless Charge+1","Iron Wave+1"],"picked":"Singing Bowl","floor":87.0},{"not_picked":["Twin Strike+1","Power Through+1"],"picked":"Singing Bowl","floor":88.0},{"not_picked":["Bludgeon+1","Feed+1"],"picked":"Singing Bowl","floor":91},{"not_picked":["Demon Form","Brutality"],"picked":"Singing Bowl","floor":93},{"not_picked":["Exhume+1","Offering+1"],"picked":"Singing Bowl","floor":95},{"not_picked":["Limit Break+1","Corruption+1"],"picked":"Singing Bowl","floor":98},{"not_picked":["Juggernaut+1"],"picked":"Impervious+1","floor":101},{"not_picked":["Juggernaut+1","Bludgeon+1"],"picked":"Singing Bowl","floor":108},{"not_picked":["Offering+1","Fiend Fire+1"],"picked":"Singing Bowl","floor":110},{"not_picked":["Offering+1","Impervious+1"],"picked":"Singing Bowl","floor":112},{"not_picked":["Berserk+1","Barricade+1"],"picked":"Singing Bowl","floor":114},{"not_picked":["Offering+1","Impervious+1"],"picked":"Singing Bowl","floor":116},{"not_picked":["Limit Break+1","Fiend Fire+1"],"picked":"Singing Bowl","floor":118},{"not_picked":["Corruption+1","Immolate+1"],"picked":"Singing Bowl","floor":126},{"not_picked":["Offering+1","Berserk+1"],"picked":"Singing Bowl","floor":129},{"not_picked":["Fiend Fire+1","Brutality+1"],"picked":"Singing Bowl","floor":130},{"not_picked":["Offering+1","Limit Break+1"],"picked":"Singing Bowl","floor":133},{"not_picked":["Bludgeon+1","Brutality+1"],"picked":"Singing Bowl","floor":135},{"not_picked":["infinitespire:SevenWalls","infinitespire:Fortify"],"picked":"infinitespire:Menacing","floor":142},{"not_picked":["Reaper+1","Berserk+1"],"picked":"Singing Bowl","floor":142},{"not_picked":["Corruption+1","Bludgeon+1"],"picked":"Singing Bowl","floor":146},{"not_picked":["Impervious+1","Demon Form+1"],"picked":"Singing Bowl","floor":149},{"not_picked":["Offering+1","Demon Form+1"],"picked":"Singing Bowl","floor":152},{"not_picked":["Double Tap+1","Bludgeon+1"],"picked":"Singing Bowl","floor":156},{"not_picked":["Feed+1","Corruption+1"],"picked":"Singing Bowl","floor":157}],"player_experience":83113,"relics_obtained":[{"floor":1.0,"key":"Question Card"},{"floor":4.0,"key":"Matryoshka"},{"floor":6.0,"key":"Calipers"},{"floor":8.0,"key":"Akabeko"},{"floor":9.0,"key":"Bag of Marbles"},{"floor":9.0,"key":"Pantograph"},{"floor":10.0,"key":"infinitespire:WardingShard"},{"floor":11.0,"key":"Turnip"},{"floor":14.0,"key":"Ornamental Fan"},{"floor":18.0,"key":"MealTicket"},{"floor":20.0,"key":"infinitespire:Satchel"},{"floor":21.0,"key":"Smiling Mask"},{"floor":23.0,"key":"infinitespire:CursedDice"},{"floor":25.0,"key":"Centennial Puzzle"},{"floor":26.0,"key":"infinitespire:ShieldingShard"},{"floor":26.0,"key":"War Paint"},{"floor":27.0,"key":"Bronze Scales"},{"floor":28.0,"key":"Oddly Smooth Stone"},{"floor":30.0,"key":"Mercury Hourglass"},{"floor":31.0,"key":"Prayer Wheel"},{"floor":35.0,"key":"Strawberry"},{"floor":36.0,"key":"White Beast Statue"},{"floor":40.0,"key":"FossilizedHelix"},{"floor":42.0,"key":"Meat on the Bone"},{"floor":43.0,"key":"Shuriken"},{"floor":44.0,"key":"Bird Faced Urn"},{"floor":45.0,"key":"CeramicFish"},{"floor":46.0,"key":"infinitespire:Joker Card"},{"floor":48.0,"key":"infinitespire:Bottled Soul"},{"floor":52.0,"key":"Omamori"},{"floor":54.0,"key":"Boot"},{"floor":56.0,"key":"Ancient Tea Set"},{"floor":57.0,"key":"Du-Vu Doll"},{"floor":59.0,"key":"Unceasing Top"},{"floor":60.0,"key":"Blood Vial"},{"floor":61.0,"key":"MawBank"},{"floor":63.0,"key":"Anchor"},{"floor":64.0,"key":"Singing Bowl"},{"floor":65.0,"key":"Gremlin Horn"},{"floor":69.0,"key":"Eternal Feather"},{"floor":70.0,"key":"infinitespire:Beetle Shell"},{"floor":72.0,"key":"Sundial"},{"floor":75.0,"key":"Toy Ornithopter"},{"floor":76.0,"key":"Molten Egg 2"},{"floor":77.0,"key":"Self Forming Clay"},{"floor":78.0,"key":"Bottled Tornado"},{"floor":79.0,"key":"Regal Pillow"},{"floor":81.0,"key":"Red Skull"},{"floor":82.0,"key":"Whetstone"},{"floor":86.0,"key":"Orichalcum"},{"floor":87.0,"key":"CaptainsWheel"},{"floor":88.0,"key":"Thread and Needle"},{"floor":91,"key":"Mummified Hand"},{"floor":92,"key":"Pen Nib"},{"floor":93,"key":"infinitespire:FocusingShard"},{"floor":94,"key":"Bag of Preparation"},{"floor":95,"key":"Vajra"},{"floor":96,"key":"Gambling Chip"},{"floor":98,"key":"Frozen Egg 2"},{"floor":103,"key":"PreservedInsect"},{"floor":106,"key":"Tiny Chest"},{"floor":108,"key":"Dead Branch"},{"floor":110,"key":"HornCleat"},{"floor":111,"key":"Letter Opener"},{"floor":112,"key":"Darkstone Periapt"},{"floor":114,"key":"StoneCalendar"},{"floor":115,"key":"Kunai"},{"floor":116,"key":"infinitespire:CheckeredPen"},{"floor":120,"key":"The Courier"},{"floor":123,"key":"infinitespire:BottledMercury"},{"floor":124,"key":"infinitespire:EmpoweringShard"},{"floor":126,"key":"infinitespire:Midas Blood"},{"floor":128,"key":"Paper Frog"},{"floor":129,"key":"Mango"},{"floor":130,"key":"Peace Pipe"},{"floor":131,"key":"Lizard Tail"},{"floor":132,"key":"infinitespire:Magic Flask"},{"floor":133,"key":"infinitespire:Lychee Nut"},{"floor":137,"key":"Ginger"},{"floor":138,"key":"Magic Flower"},{"floor":141,"key":"Pocketwatch"},{"floor":142,"key":"Torii"},{"floor":144,"key":"Circlet"},{"floor":145,"key":"Circlet"},{"floor":146,"key":"Circlet"},{"floor":147,"key":"Circlet"},{"floor":148,"key":"Circlet"},{"floor":149,"key":"Circlet"},{"floor":156,"key":"Circlet"}],"event_choices":[{"damage_healed":0.0,"max_hp_gain":0.0,"max_hp_loss":0.0,"gold_gain":1.0,"event_name":"betterThird:BetterScrap","player_choice":"Card Relic Relic ","floor":2.0,"gold_loss":0.0,"damage_taken":30.0,"cards_obtained":["Reprogram","Devotion"]},{"cards_removed":["Perfected Strike"],"damage_healed":0.0,"max_hp_gain":0.0,"max_hp_loss":0.0,"gold_gain":0.0,"event_name":"Golden Wing","player_choice":"Card Removal","floor":3.0,"gold_loss":0.0,"damage_taken":7.0},{"damage_healed":0.0,"max_hp_gain":0.0,"max_hp_loss":0.0,"gold_gain":0.0,"event_name":"betterNote:BetterNote","player_choice":"Ignored","floor":19.0,"gold_loss":0.0,"damage_taken":0.0,"cards_obtained":["Doubt"]},{"damage_healed":0.0,"max_hp_gain":0.0,"max_hp_loss":0.0,"gold_gain":0.0,"event_name":"Drug Dealer","player_choice":"Inject Mutagens","floor":22.0,"gold_loss":0.0,"damage_taken":0.0,"relics_obtained":["MutagenicStrength"]},{"damage_healed":0.0,"max_hp_gain":0.0,"max_hp_loss":6.0,"gold_gain":0.0,"event_name":"Winding Halls","player_choice":"Max HP","floor":37.0,"gold_loss":0.0,"damage_taken":0.0},{"damage_healed":0.0,"max_hp_gain":0.0,"max_hp_loss":0.0,"gold_gain":75.0,"event_name":"FaceTrader","player_choice":"Touch","floor":71.0,"gold_loss":0.0,"damage_taken":14.0},{"damage_healed":0.0,"max_hp_gain":0.0,"max_hp_loss":0.0,"gold_gain":0.0,"event_name":"Mysterious Sphere","player_choice":"Fight","floor":88.0,"gold_loss":0.0,"damage_taken":0.0},{"damage_healed":0,"gold_gain":75,"player_choice":"Touch","damage_taken":19,"max_hp_gain":0,"max_hp_loss":0,"event_name":"FaceTrader","floor":104,"gold_loss":0},{"damage_healed":0,"gold_gain":0,"player_choice":"Ignored","damage_taken":0,"max_hp_gain":0,"max_hp_loss":0,"event_name":"N\u0027loth","floor":122,"gold_loss":0},{"damage_healed":0,"gold_gain":0,"player_choice":"Ignored","damage_taken":0,"max_hp_gain":0,"max_hp_loss":0,"event_name":"betterThird:BetterPortal","floor":140,"gold_loss":0}],"is_beta":false,"boss_relics":[{"not_picked":["Mark of Pain","infinitespire:Cupcake"],"picked":"Coffee Dripper"},{"not_picked":["Velvet Choker","Runic Dome"],"picked":"infinitespire:Burning Sword"},{"not_picked":["Calling Bell","Tiny House"],"picked":"Empty Cage"},{"not_picked":["Mark of Pain","Black Star"],"picked":"Runic Pyramid"},{"not_picked":["Calling Bell","Snecko Eye"],"picked":"Busted Crown"},{"not_picked":["Cursed Key","Fusion Hammer"],"picked":"Philosopher\u0027s Stone"},{"not_picked":["Astrolabe","Fusion Hammer","Calling Bell"]},{"not_picked":["Tiny House","Runic Dome"],"picked":"Runic Cube"},{"not_picked":["Black Star","SlaversCollar"],"picked":"infinitespire:Cupcake"}],"items_purged_floors":[5,12,38,89,97,105,107,121,139,150,155],"is_endless":true,"potions_floor_spawned":[1,6,8,14,18,20,27,28,40,42,44,46,48,50,52,54,56,57,59,61,63,64,65,67,69,70,72,75,76,78,81,82,84,86,87,87,88,91,92,93,95,96,98,101,103,106,108,110,112,114,115,116,118,120,124,126,129,130,131,132,133,135,137,138,141,146,147,148,149,152,156,157],"ascension_level":0}}