{"host":"q6rs3in4l29iepap","time":1609342749,"event":{"mods":["Aspiration","BaseMod","BetterRewards","Colored Map","Downfall","Friendly Minions","Hermit","Hubris","Infinite Spire","Jorbs\u0027s Wanderer Trilogy","Minty Spire (QoL Compilation)","Replay The Spire","Shade Mod","StSLib","The Bug Knight","The Construct","The Cursed","The Disciple","The Hierophant","The Mystic","The Runesmith"],"gold_per_floor":[119,2,2,17,17,17,17],"floor_reached":6,"playtime":503,"items_purged":[],"score":34,"play_id":"4c366e15-a05c-417f-9ed5-c7b6ddeee1d5","local_time":"20201230073909","is_ascension_mode":false,"campfire_choices":[],"circlet_count":0,"master_deck":["TheCursedMod:Strike_TheCursed","TheCursedMod:Strike_TheCursed","TheCursedMod:Strike_TheCursed","TheCursedMod:Defend_TheCursed","TheCursedMod:Defend_TheCursed","TheCursedMod:Defend_TheCursed","TheCursedMod:CursedWand","TheCursedMod:CleanUpWorkshop","TheCursedMod:Dregs","TheCursedMod:VitalStrike","TheCursedMod:WearCloak","sneckomod:Bewildered","TheCursedMod:BloodBarrier","TheCursedMod:AbyssShockwave","TheCursedMod:CursedMace","TheCursedMod:CircleOfCorruption","TheCursedMod:EmpowerCircles","TheCursedMod:Torture","TheCursedMod:CircleOfFlame"],"relics":["hubris:CuriousFeather","infinitespire:Cubic Diamond","HollowMod:StagPassRelic"],"acts_visited":["Exordium"],"potions_floor_usage":[6],"damage_taken":[{"damage":22,"enemies":"Jaw Worm","floor":1,"turns":7},{"damage":6,"enemies":"Cultist","floor":4,"turns":4},{"damage":13,"enemies":"Lagavulin","floor":6,"turns":3}],"seed_played":"-3187450178225665494","potions_obtained":[{"floor":1,"key":"AttackPotion"},{"floor":4,"key":"Doom Potion"}],"is_trial":false,"path_per_floor":["M","$","?","M","T","E"],"character_chosen":"THE_CURSED","items_purchased":["TheCursedMod:AbyssShockwave","TheCursedMod:CursedMace","TheCursedMod:EmpowerCircles","TheCursedMod:Torture"],"campfire_rested":0,"item_purchase_floors":[0,0,2,2],"current_hp_per_floor":[15,15,15,9,9,0,0],"gold":17,"neow_bonus":"","is_daily":false,"chose_seed":false,"campfire_upgraded":0,"win_rate":0.0,"timestamp":1609342749,"path_taken":["M","$","?","M","?","E"],"items_purchased_type":["Card","Card","Card","Card"],"build_version":"2020-12-13","purchased_purges":0,"victory":false,"max_hp_per_floor":[75,75,75,75,75,75,75],"card_choices":[{"not_picked":["TheCursedMod:RapidMovement","TheCursedMod:WearCloak"],"picked":"TheCursedMod:CircleOfCorruption","floor":1},{"not_picked":["TheCursedMod:RapidMovement","TheCursedMod:FleshFromBone"],"picked":"TheCursedMod:CircleOfFlame","floor":4}],"player_experience":148531,"relics_obtained":[{"floor":5,"key":"HollowMod:StagPassRelic"}],"event_choices":[],"is_beta":false,"boss_relics":[],"items_purged_floors":[],"is_endless":false,"potions_floor_spawned":[1,4],"killed_by":"Lagavulin","ascension_level":0}}