{"host":"jrmqsbok61y7b34d","time":1609362556,"event":{"mods":["BaseMod","Better Skull","Colored Map","Colored Powertips","Emptier Cage","Minty Spire (QoL Compilation)","Permanent Neow","Quick Restart","Relic Stats","StSLib","Unceasing Turn Reminder"],"gold_per_floor":[109,2,2,2,20,46,63,63,63,83,103,128,148,73,73,176,176,188,113,113,35,49,76,76,6,52,64,76,101,113,151,163,271,283,312,337,31,49,67,96,96,123,173,205,205,223,74,89,89,89,89,89,37,65,65],"floor_reached":56,"playtime":8873,"items_purged":["Strike_G","Strike_G","Regret"],"score":1986,"play_id":"6125616b-2ecd-4379-9b3e-b0a8dab6bd84","local_time":"20201230210916","is_ascension_mode":true,"campfire_choices":[{"data":"Noxious Fumes","floor":8,"key":"SMITH"},{"data":"Footwork","floor":15,"key":"SMITH"},{"data":"Leg Sweep","floor":24,"key":"SMITH"},{"data":"Burst","floor":27,"key":"SMITH"},{"data":"Neutralize","floor":32,"key":"SMITH"},{"data":"Well Laid Plans","floor":41,"key":"SMITH"},{"floor":49,"key":"RECALL"},{"data":"Footwork","floor":52,"key":"SMITH"}],"circlet_count":0,"master_deck":["AscendersBane","Strike_G","Defend_G","Defend_G","Defend_G","Defend_G","Defend_G","Survivor","Neutralize+1","Bouncing Flask","Noxious Fumes+1","Cloak And Dagger","Backflip","Footwork+1","PiercingWail","Backstab","Dagger Spray","Leg Sweep+1","Burst+1","After Image","Noxious Fumes","Noxious Fumes","Blur","Die Die Die","Footwork+1","Well Laid Plans+1","Backflip","Expertise","Parasite","Sucker Punch","Backflip"],"relics":["Ring of the Snake","NeowsBlessing","Ice Cream","MealTicket","Blue Candle","Pantograph","Philosopher\u0027s Stone","Enchiridion","Paper Crane","MawBank","TungstenRod","Cursed Key","Frozen Eye","White Beast Statue","Sundial","Akabeko","Bottled Tornado"],"acts_visited":["Exordium","TheCity","TheBeyond","TheEnding"],"potions_floor_usage":[12,12,23,23,40,44,44,50,55,55,55],"damage_taken":[{"damage":0,"enemies":"Cultist","floor":1,"turns":1},{"damage":0,"enemies":"Small Slimes","floor":5,"turns":1},{"damage":0,"enemies":"Lagavulin","floor":6,"turns":1},{"damage":0,"enemies":"2 Louse","floor":7,"turns":3},{"damage":4,"enemies":"2 Fungi Beasts","floor":10,"turns":6},{"damage":1,"enemies":"Large Slime","floor":11,"turns":8},{"damage":15,"enemies":"3 Sentries","floor":12,"turns":7},{"damage":6,"enemies":"Lots of Slimes","floor":13,"turns":5},{"damage":21,"enemies":"Hexaghost","floor":16,"turns":11},{"damage":0,"enemies":"Shell Parasite","floor":18,"turns":8},{"damage":0,"enemies":"Spheric Guardian","floor":22,"turns":5},{"damage":16,"enemies":"Gremlin Leader","floor":23,"turns":8},{"damage":1,"enemies":"Centurion and Healer","floor":29,"turns":7},{"damage":24,"enemies":"Slavers","floor":31,"turns":7},{"damage":0,"enemies":"Automaton","floor":33,"turns":11},{"damage":9,"enemies":"3 Shapes","floor":35,"turns":6},{"damage":0,"enemies":"3 Darklings","floor":36,"turns":5},{"damage":0,"enemies":"Spire Growth","floor":38,"turns":8},{"damage":0,"enemies":"Maw","floor":39,"turns":8},{"damage":5,"enemies":"Reptomancer","floor":40,"turns":10},{"damage":0,"enemies":"Nemesis","floor":42,"turns":9},{"damage":7,"enemies":"Reptomancer","floor":44,"turns":8},{"damage":0,"enemies":"Writhing Mass","floor":46,"turns":7},{"damage":4,"enemies":"3 Darklings","floor":48,"turns":6},{"damage":7,"enemies":"Awakened One","floor":50,"turns":17},{"damage":22,"enemies":"Shield and Spear","floor":54,"turns":9},{"damage":40,"enemies":"The Heart","floor":55,"turns":14}],"seed_played":"9123623923979163388","potions_obtained":[{"floor":7,"key":"PowerPotion"},{"floor":11,"key":"Regen Potion"},{"floor":12,"key":"SkillPotion"},{"floor":16,"key":"CunningPotion"},{"floor":22,"key":"ColorlessPotion"},{"floor":31,"key":"Block Potion"},{"floor":35,"key":"Block Potion"},{"floor":42,"key":"BlessingOfTheForge"},{"floor":44,"key":"CultistPotion"},{"floor":46,"key":"FearPotion"},{"floor":54,"key":"EntropicBrew"}],"is_trial":false,"path_per_floor":["M","$","?","?","M","E","M","R","T","M","M","E","M","$","R","B",null,"M","?","?","$","M","E","R","$","T","R","?","M","?","E","R","B",null,"M","M","$","M","M","E","R","E","T","E","?","M","$","M","R","B",null,"R","$","E","B",null],"character_chosen":"THE_SILENT","items_purchased":["Noxious Fumes","Cloak And Dagger","Noxious Fumes","Blur","Well Laid Plans","Frozen Eye","Sucker Punch","PowerPotion"],"campfire_rested":0,"item_purchase_floors":[2,2,21,25,37,37,47,53],"current_hp_per_floor":[63,63,68,43,43,43,43,43,43,39,38,38,32,47,47,51,69,69,69,53,68,68,52,52,67,67,67,67,66,66,42,42,67,73,64,64,75,75,75,70,70,70,70,63,63,63,71,67,67,64,69,69,71,49,31],"gold":65,"neow_bonus":"THREE_ENEMY_KILL","is_daily":false,"chose_seed":false,"campfire_upgraded":7,"win_rate":0.0,"timestamp":1609362556,"path_taken":["M","$","?","?","M","E","M","R","T","M","M","E","M","$","R","BOSS","M","?","?","$","M","E","R","$","T","R","?","M","?","E","R","BOSS","M","M","$","?","M","E","R","E","T","E","?","M","$","M","R","BOSS","R","$","E","BOSS"],"items_purchased_type":["Card","Card","Card","Card","Card","Relic","Card","Potion"],"build_version":"2020-12-22","purchased_purges":3,"victory":true,"max_hp_per_floor":[70,70,75,75,75,75,75,75,75,75,75,75,75,75,75,75,75,75,75,75,75,75,75,75,75,75,75,75,75,75,75,75,75,75,75,75,75,75,75,75,75,75,75,75,71,71,71,71,71,71,71,71,71,71,71],"relic_stats":{"counters":[27,196],"Sundial":[12],"Blue Candle":[5],"Pantograph":76,"MealTicket":66,"MawBank":132,"Cursed Key":1,"obtain_stats":[{"Ice Cream":4,"NeowsBlessing":0,"Blue Candle":9,"Enchiridion":20,"Paper Crane":23,"Bottled Tornado":54,"MawBank":26,"Cursed Key":34,"White Beast Statue":40,"Akabeko":44,"Frozen Eye":37,"Sundial":42,"Pantograph":12,"MealTicket":6,"Philosopher\u0027s Stone":17,"TungstenRod":31,"Ring of the Snake":0},{"Ice Cream":1,"NeowsBlessing":0,"Blue Candle":4,"Enchiridion":10,"Paper Crane":12,"Bottled Tornado":26,"MawBank":12,"Cursed Key":15,"White Beast Statue":20,"Akabeko":22,"Frozen Eye":17,"Sundial":21,"Pantograph":7,"MealTicket":3,"Philosopher\u0027s Stone":9,"TungstenRod":14,"Ring of the Snake":0},{"Ice Cream":1,"NeowsBlessing":0,"Blue Candle":6,"Enchiridion":51,"Paper Crane":64,"Bottled Tornado":182,"MawBank":64,"Cursed Key":89,"White Beast Statue":126,"Akabeko":143,"Frozen Eye":100,"Sundial":135,"Pantograph":27,"MealTicket":3,"Philosopher\u0027s Stone":43,"TungstenRod":78,"Ring of the Snake":0}],"TungstenRod":34,"Ring of the Snake":[54]},"card_choices":[{"not_picked":["Dagger Throw","Underhanded Strike"],"picked":"Bouncing Flask","floor":1},{"not_picked":["Endless Agony","Quick Slash"],"picked":"Backflip","floor":5},{"not_picked":["Slice","Masterful Stab"],"picked":"Footwork","floor":6},{"not_picked":["Backflip","Dagger Spray"],"picked":"PiercingWail","floor":7},{"not_picked":["Bane","Acrobatics"],"picked":"Backstab","floor":10},{"not_picked":["Deflect","Slice"],"picked":"Dagger Spray","floor":11},{"not_picked":["Sucker Punch","All Out Attack"],"picked":"Leg Sweep","floor":12},{"not_picked":["Expertise","Quick Slash"],"picked":"Burst","floor":13},{"not_picked":["Die Die Die","Doppelganger"],"picked":"After Image","floor":16},{"not_picked":["Leg Sweep","Sucker Punch","Slice"],"picked":"SKIP","floor":18},{"not_picked":["Deadly Poison","Underhanded Strike","Deflect"],"picked":"SKIP","floor":22},{"not_picked":["Reflex","Riddle With Holes"],"picked":"Noxious Fumes","floor":23},{"not_picked":["PiercingWail","Bouncing Flask","Slice"],"picked":"SKIP","floor":29},{"not_picked":["Quick Slash","Heel Hook","Masterful Stab"],"picked":"SKIP","floor":31},{"not_picked":["Acrobatics","Blade Dance+1"],"picked":"Footwork","floor":35},{"not_picked":["Infinite Blades","Bane","Sucker Punch"],"picked":"SKIP","floor":36},{"not_picked":["Endless Agony","Dagger Throw","Flying Knee"],"picked":"SKIP","floor":38},{"not_picked":["Flechettes","Predator"],"picked":"Backflip","floor":39},{"not_picked":["Caltrops","Poisoned Stab","Riddle With Holes+1"],"picked":"SKIP","floor":40},{"not_picked":["Quick Slash","Burst"],"picked":"Expertise","floor":42},{"not_picked":["Heel Hook","Well Laid Plans","Outmaneuver+1"],"picked":"SKIP","floor":44},{"not_picked":["Sucker Punch","Deflect","Slice+1"],"picked":"SKIP","floor":46},{"not_picked":["Finisher","Distraction","Prepared"],"picked":"SKIP","floor":48},{"not_picked":["Bullet Time","Caltrops"],"picked":"Backflip","floor":54}],"player_experience":993865,"relics_obtained":[{"floor":6,"key":"MealTicket"},{"floor":9,"key":"Blue Candle"},{"floor":12,"key":"Pantograph"},{"floor":20,"key":"Enchiridion"},{"floor":23,"key":"Paper Crane"},{"floor":26,"key":"MawBank"},{"floor":31,"key":"TungstenRod"},{"floor":40,"key":"White Beast Statue"},{"floor":42,"key":"Sundial"},{"floor":44,"key":"Akabeko"},{"floor":54,"key":"Bottled Tornado"}],"event_choices":[{"damage_healed":0,"gold_gain":0,"player_choice":"Donut","damage_taken":0,"max_hp_gain":5,"max_hp_loss":0,"event_name":"Big Fish","floor":3,"gold_loss":0},{"damage_healed":0,"gold_gain":0,"player_choice":"Success","damage_taken":25,"relics_obtained":["Ice Cream"],"max_hp_gain":0,"max_hp_loss":0,"event_name":"Scrap Ooze","floor":4,"gold_loss":0},{"cards_removed":["Strike_G"],"damage_healed":0,"gold_gain":0,"player_choice":"Gave Gold","damage_taken":0,"max_hp_gain":0,"max_hp_loss":0,"event_name":"Beggar","floor":19,"gold_loss":75},{"damage_healed":0,"gold_gain":0,"player_choice":"Obtained Book","damage_taken":16,"max_hp_gain":0,"max_hp_loss":0,"event_name":"Cursed Tome","floor":20,"gold_loss":0},{"damage_healed":0,"gold_gain":0,"player_choice":"Ignored","damage_taken":0,"max_hp_gain":0,"max_hp_loss":0,"event_name":"Vampires","floor":28,"gold_loss":0},{"damage_healed":0,"gold_gain":0,"cards_transformed":["Strike_G"],"player_choice":"Transformed","damage_taken":0,"max_hp_gain":0,"max_hp_loss":0,"event_name":"Transmorgrifier","floor":30,"gold_loss":0,"cards_obtained":["Die Die Die"]},{"damage_healed":0,"gold_gain":0,"player_choice":"Max HP","damage_taken":0,"max_hp_gain":0,"max_hp_loss":4,"event_name":"Winding Halls","floor":45,"gold_loss":0}],"is_beta":false,"boss_relics":[{"not_picked":["Empty Cage","Sozu"],"picked":"Philosopher\u0027s Stone"},{"not_picked":["Pandora\u0027s Box","HoveringKite"],"picked":"Cursed Key"}],"items_purged_floors":[14,37,47],"is_endless":false,"potions_floor_spawned":[7,11,12,16,22,31,35,38,42,44,46,48,54],"ascension_level":12}}