{"host":"f5uumzf5hfexzk8l","time":1609301460,"event":{"mods":["AchievementEnabler","BaseMod","Colored Map","Googly Eyes","Highlight Path","Minty Spire (QoL Compilation)","Permanent Neow","StSLib","SuperFastMode","Unceasing Turn Reminder","everything is the same but u backflip on backflip"],"gold_per_floor":[110,110,67,67,84,84,116,135,188,188,200,225,225,225,225,299,299,318,318,2,2,20,20,45,45,45,45,75,89,4,4,4,82,82,100,118,133,158,83,116,0,27,27,2,2,2,2,16,16,16,16],"floor_reached":52,"playtime":2192,"items_purged":["Defend_G"],"score":2029,"play_id":"2c4cd6f5-bb1a-4a36-a850-5e117fcfcd9c","local_time":"20201229201100","is_ascension_mode":true,"campfire_choices":[{"data":"Crippling Poison","floor":6,"key":"SMITH"},{"floor":10,"key":"REST"},{"data":"Catalyst","floor":13,"key":"SMITH"},{"data":"Noxious Fumes","floor":15,"key":"SMITH"},{"data":"Adrenaline","floor":23,"key":"SMITH"},{"floor":25,"key":"REST"},{"floor":27,"key":"REST"},{"data":"Blur","floor":32,"key":"SMITH"},{"data":"Footwork","floor":47,"key":"SMITH"},{"floor":49,"key":"REST"}],"circlet_count":0,"master_deck":["AscendersBane","Defend_G","Defend_G","Defend_G","Defend_G","Survivor","Neutralize+1","Noxious Fumes+1","Well Laid Plans","Crippling Poison+1","Catalyst+1","Blur+1","Adrenaline+1","Bite","Bite","Bite","Bite","Bite","Dodge and Roll+1","Blur","Footwork+1","Madness","Madness"],"relics":["Ring of the Snake","Bag of Marbles","Bag of Preparation","Toy Ornithopter","Mercury Hourglass","Sozu","The Specimen","Anchor","Girya","Meat on the Bone","Gambling Chip","MutagenicStrength","Snecko Eye","TungstenRod","Question Card","Red Mask","CaptainsWheel","Incense Burner"],"acts_visited":["Exordium","TheCity","TheBeyond"],"potions_floor_usage":[7,16],"damage_taken":[{"damage":4,"enemies":"Small Slimes","floor":1,"turns":5},{"damage":1,"enemies":"Jaw Worm","floor":5,"turns":5},{"damage":25,"enemies":"Lagavulin","floor":7,"turns":8},{"damage":0,"enemies":"Cultist","floor":8,"turns":3},{"damage":1,"enemies":"Looter","floor":11,"turns":3},{"damage":16,"enemies":"3 Sentries","floor":12,"turns":6},{"damage":44,"enemies":"Slime Boss","floor":16,"turns":10},{"damage":0,"enemies":"Spheric Guardian","floor":18,"turns":4},{"damage":5,"enemies":"Shell Parasite","floor":22,"turns":4},{"damage":53,"enemies":"Slavers","floor":24,"turns":5},{"damage":35,"enemies":"Book of Stabbing","floor":28,"turns":6},{"damage":13,"enemies":"Snake Plant","floor":29,"turns":4},{"damage":44,"enemies":"Automaton","floor":33,"turns":9},{"damage":0,"enemies":"Orb Walker","floor":35,"turns":3},{"damage":15,"enemies":"3 Darklings","floor":36,"turns":4},{"damage":31,"enemies":"Transient","floor":37,"turns":6},{"damage":0,"enemies":"Mind Bloom Boss Battle","floor":38,"turns":9},{"damage":21,"enemies":"Nemesis","floor":40,"turns":9},{"damage":81,"enemies":"Giant Head","floor":42,"turns":10},{"damage":0,"enemies":"Sphere and 2 Shapes","floor":48,"turns":3},{"damage":28,"enemies":"Awakened One","floor":50,"turns":17},{"damage":0,"enemies":"Donu and Deca","floor":51,"turns":1}],"seed_played":"2477049830831543151","potions_obtained":[{"floor":1,"key":"Regen Potion"},{"floor":7,"key":"FairyPotion"},{"floor":11,"key":"Dexterity Potion"}],"is_trial":false,"path_per_floor":["M","?","$","?","M","R","E","M","T","R","M","E","R","?","R","B",null,"M","?","$","?","M","R","E","R","T","R","E","M","?","?","R","B",null,"M","M","M","?","$","E","?","E","T","$","?","?","R","M","R","B","B",null],"character_chosen":"THE_SILENT","items_purchased":["Well Laid Plans","The Specimen","Footwork"],"campfire_rested":4,"item_purchase_floors":[3,20,44],"current_hp_per_floor":[55,35,35,35,34,34,24,24,24,43,42,26,26,26,26,6,51,51,33,33,33,34,34,1,15,15,29,8,21,21,21,21,23,43,49,40,35,49,49,42,42,30,30,30,30,22,22,28,42,43,43],"gold":16,"neow_bonus":"RANDOM_COMMON_RELIC","is_daily":false,"chose_seed":false,"campfire_upgraded":6,"win_rate":0.0,"timestamp":1609301460,"path_taken":["M","?","$","?","M","R","E","?","T","R","M","E","R","?","R","BOSS","M","?","$","?","M","R","E","R","T","R","E","M","?","?","R","BOSS","M","M","M","?","$","E","?","E","T","?","?","?","R","M","R","BOSS","BOSS"],"items_purchased_type":["Card","Relic","Card"],"build_version":"2020-12-22","purchased_purges":1,"victory":true,"max_hp_per_floor":[66,66,66,66,66,66,66,66,66,66,66,66,66,66,66,66,66,66,71,71,49,49,49,49,49,49,49,49,49,49,49,49,49,49,49,49,49,49,49,49,49,49,49,49,49,49,49,49,49,49,49],"card_choices":[{"not_picked":["Flying Knee","Backflip"],"picked":"Noxious Fumes","floor":1},{"not_picked":["Deflect","Prepared"],"picked":"Crippling Poison","floor":5},{"not_picked":["Tactician","Quick Slash","Grand Finale"],"picked":"SKIP","floor":7},{"not_picked":["Dodge and Roll","Tactician"],"picked":"Catalyst","floor":8},{"not_picked":["Flying Knee","Eviscerate","Calculated Gamble"],"picked":"SKIP","floor":11},{"not_picked":["Skewer","Underhanded Strike"],"picked":"Blur","floor":12},{"not_picked":["Night Terror","Envenom"],"picked":"Adrenaline","floor":16},{"not_picked":["Cloak And Dagger","Underhanded Strike","Bouncing Flask"],"picked":"SKIP","floor":18},{"not_picked":["Blade Dance","Skewer","Deadly Poison"],"picked":"SKIP","floor":22},{"not_picked":["Deflect","Slice","Finisher+1"],"picked":"SKIP","floor":24},{"not_picked":["Acrobatics","Prepared","Underhanded Strike"],"picked":"SKIP","floor":28},{"not_picked":["Masterful Stab","Noxious Fumes"],"picked":"Dodge and Roll+1","floor":29},{"not_picked":["Quick Slash","Dagger Spray+1"],"picked":"Blur","floor":35},{"not_picked":["Deadly Poison","Quick Slash","Dodge and Roll"],"picked":"SKIP","floor":36},{"not_picked":["Grand Finale","Dagger Spray","Deflect"],"picked":"SKIP","floor":37},{"not_picked":["Deadly Poison","Flechettes+1","Accuracy"],"picked":"SKIP","floor":40},{"not_picked":["Deadly Poison","Flechettes+1","Accuracy"],"picked":"SKIP","floor":40},{"not_picked":["Bane","Flying Knee+1","Accuracy","Setup+1"],"picked":"SKIP","floor":42},{"not_picked":["Quick Slash+1","Dagger Throw","Accuracy","Masterful Stab"],"picked":"SKIP","floor":48}],"player_experience":337645,"relics_obtained":[{"floor":7,"key":"Bag of Preparation"},{"floor":9,"key":"Toy Ornithopter"},{"floor":12,"key":"Mercury Hourglass"},{"floor":24,"key":"Anchor"},{"floor":26,"key":"Girya"},{"floor":28,"key":"Meat on the Bone"},{"floor":38,"key":"TungstenRod"},{"floor":40,"key":"Question Card"},{"floor":42,"key":"CaptainsWheel"},{"floor":43,"key":"Incense Burner"}],"event_choices":[{"damage_healed":0,"gold_gain":0,"player_choice":"Entered Light","damage_taken":20,"max_hp_gain":0,"max_hp_loss":0,"event_name":"Shining Light","floor":2,"gold_loss":0,"cards_upgraded":["Strike_G","Strike_G"]},{"damage_healed":0,"gold_gain":0,"player_choice":"Forge","damage_taken":0,"max_hp_gain":0,"max_hp_loss":0,"event_name":"Accursed Blacksmith","floor":4,"gold_loss":0,"cards_upgraded":["Neutralize"]},{"damage_healed":0,"gold_gain":0,"player_choice":"Ignored","damage_taken":0,"max_hp_gain":0,"max_hp_loss":0,"event_name":"Liars Game","floor":14,"gold_loss":0},{"damage_healed":0,"gold_gain":0,"player_choice":"Shed Blood","damage_taken":23,"max_hp_gain":5,"max_hp_loss":0,"event_name":"Forgotten Altar","floor":19,"gold_loss":0},{"damage_healed":0,"gold_gain":0,"player_choice":"Became a vampire","damage_taken":0,"max_hp_gain":0,"max_hp_loss":22,"event_name":"Vampires","floor":21,"gold_loss":0,"cards_obtained":["Bite","Bite","Bite","Bite","Bite"]},{"damage_healed":0,"gold_gain":0,"player_choice":"Obtained Relic","damage_taken":0,"relics_obtained":["Gambling Chip"],"max_hp_gain":0,"max_hp_loss":0,"event_name":"Addict","floor":30,"gold_loss":85},{"damage_healed":0,"gold_gain":0,"player_choice":"Inject Mutagens","damage_taken":0,"relics_obtained":["MutagenicStrength"],"max_hp_gain":0,"max_hp_loss":0,"event_name":"Drug Dealer","floor":31,"gold_loss":0},{"damage_healed":0,"gold_gain":0,"player_choice":"Fight","damage_taken":0,"max_hp_gain":0,"max_hp_loss":0,"event_name":"MindBloom","floor":38,"gold_loss":0},{"damage_healed":0,"gold_gain":0,"player_choice":"Paid","damage_taken":0,"relics_obtained":["Red Mask"],"max_hp_gain":0,"max_hp_loss":0,"event_name":"Tomb of Lord Red Mask","floor":41,"gold_loss":116},{"damage_healed":0,"gold_gain":0,"player_choice":"Memory 1","damage_taken":0,"max_hp_gain":0,"max_hp_loss":0,"event_name":"SensoryStone","floor":45,"gold_loss":0},{"damage_healed":0,"gold_gain":0,"player_choice":"Embrace Madness","damage_taken":9,"max_hp_gain":0,"max_hp_loss":0,"event_name":"Winding Halls","floor":46,"gold_loss":0,"cards_obtained":["Madness","Madness"]}],"is_beta":false,"boss_relics":[{"not_picked":["Velvet Choker","Black Star"],"picked":"Sozu"},{"not_picked":["Tiny House","Astrolabe"],"picked":"Snecko Eye"}],"items_purged_floors":[39],"is_endless":false,"potions_floor_spawned":[1,7,8,11,24,28,29,37,40,42,48],"ascension_level":20}}