{"host":"htqwg582tjjtn9p7","time":1609330069,"event":{"mods":["2.2 Compatiblity","AchievementEnabler","Act Like it!","Aspiration","BaseMod","Better Third Choice","Colored Map","Conspire","Curses Come First","Displayed Cursed Tome","Energized Spire","Force Act Four","GifTheSpireLib","Hermit","Highlight Path","JesterMod","Mad Scientist","Minty Spire (QoL Compilation)","Pale of the Ancients","Permanent Neow","Random Character Button","Relic Stats","Replay The Spire","Robot Space Explorer","Somnambulant","Spicy Shops","Spikes Relics","StSLib","Stuff the Spire","The Blue Laboratory","The Disciple","The Dragon Tamer","The Forsaken","The Gatherer","The Judge","The Jungle","The Marked","The Runesmith","The Servant 0.9.4"],"gold_per_floor":[112,126,126,2,18,51,51,79,79,79,102,102,120,70,70,70,70],"floor_reached":16,"playtime":412,"items_purged":["conspire:NecroticWound"],"score":189,"play_id":"c7ff4b88-4493-4043-8fe5-59fdcc6076fe","local_time":"20201230130749","is_ascension_mode":true,"campfire_choices":[{"data":"Battle Trance","floor":7.0,"key":"SMITH"},{"floor":10.0,"key":"REST"},{"data":"Bloodletting","floor":12.0,"key":"SMITH"},{"data":"Flame Barrier","floor":15.0,"key":"SMITH"}],"circlet_count":0,"master_deck":["AscendersBane","Strike_R","Strike_R","Strike_R","Strike_R","Strike_R","Defend_R","Defend_R","Defend_R","Defend_R","Bash","Immolate+1","Anger","Flame Barrier+1","Battle Trance+1","Bloodletting+1","Feed","True Grit+1"],"relics":["Burning Blood","conspire:Flyswatter","Boot","Mirror","MiniBlackHole"],"acts_visited":["Exordium"],"potions_floor_usage":[16],"damage_taken":[{"damage":2.0,"enemies":"2 Louse","floor":1.0,"turns":2.0},{"damage":0.0,"enemies":"Cultist","floor":2.0,"turns":2.0},{"damage":2.0,"enemies":"Jaw Worm","floor":5.0,"turns":3.0},{"damage":15.0,"enemies":"3 Sentries","floor":6.0,"turns":4.0},{"damage":28.0,"enemies":"Lagavulin","floor":8.0,"turns":7.0},{"damage":8.0,"enemies":"Blue Slaver","floor":13.0,"turns":3.0},{"damage":49,"enemies":"The Guardian","floor":16,"turns":13}],"seed_played":"-7411333046544125392","potions_obtained":[{"floor":5.0,"key":"blueLaboratory:BottleOfVodka"},{"floor":13.0,"key":"Milkshake"}],"is_trial":false,"path_per_floor":["M","M","?","$","M","E","R","E","T","R","T","R","M","$","R","B"],"character_chosen":"IRONCLAD","items_purchased":["blueLaboratory:FruitPunch","True Grit+1"],"campfire_rested":1,"item_purchase_floors":[4,14],"current_hp_per_floor":[72,75,75,75,75,68,68,46,46,69,69,69,67,67,67,18,18],"gold":70,"neow_bonus":"THREE_RARE_CARDS","is_daily":false,"chose_seed":false,"campfire_upgraded":3,"win_rate":0.0,"timestamp":1609330069,"path_taken":["M","M","?","$","?","E","R","E","T","R","?","R","M","?","R","BOSS"],"items_purchased_type":["Potion","Card"],"build_version":"2020-12-22","purchased_purges":1,"victory":false,"max_hp_per_floor":[75,75,75,75,75,77,77,77,77,77,77,77,77,77,77,77,77],"relic_stats":{"counters":[7,34],"Boot":[1],"obtain_stats":[{"MiniBlackHole":11,"Boot":8,"Mirror":9,"Burning Blood":0,"conspire:Flyswatter":6},{"MiniBlackHole":5,"Boot":5,"Mirror":5,"Burning Blood":0,"conspire:Flyswatter":4},{"MiniBlackHole":18,"Boot":18,"Mirror":18,"Burning Blood":0,"conspire:Flyswatter":11}],"Burning Blood":29},"card_choices":[{"not_picked":["Impervious","Demonic Infusion"],"picked":"Immolate","floor":0.0},{"not_picked":["Clothesline","Shrug It Off"],"picked":"Anger","floor":1.0},{"not_picked":["Armaments","Pommel Strike"],"picked":"Flame Barrier","floor":2.0},{"not_picked":["StuffTheSpire:Incineration","Clothesline","Pommel Strike"],"picked":"SKIP","floor":5.0},{"not_picked":["StuffTheSpire:Incineration","Clothesline","Pommel Strike"],"picked":"SKIP","floor":5.0},{"not_picked":["Hemokinesis","Iron Wave"],"picked":"Battle Trance","floor":6.0},{"not_picked":["Power Through","Rupture"],"picked":"Bloodletting","floor":8.0},{"not_picked":["Clothesline","Dual Wield"],"picked":"Feed","floor":13.0}],"player_experience":1826501,"relics_obtained":[{"floor":6.0,"key":"conspire:Flyswatter"},{"floor":8.0,"key":"Boot"},{"floor":9.0,"key":"Mirror"},{"floor":11.0,"key":"MiniBlackHole"}],"event_choices":[{"damage_healed":0.0,"max_hp_gain":0.0,"max_hp_loss":0.0,"gold_gain":0.0,"event_name":"Upgrade Shrine","player_choice":"Upgraded","floor":3.0,"gold_loss":0.0,"damage_taken":0.0,"cards_upgraded":["Immolate"]}],"is_beta":false,"boss_relics":[],"items_purged_floors":[4],"is_endless":false,"potions_floor_spawned":[5,13],"killed_by":"The Guardian","ascension_level":15}}