{"host":"873t0y8ybyo38pfq","time":1609342839,"event":{"mods":["BaseMod","Bestiary","Colored Map","Colored Powertips","Highlight Path","Minty Spire (QoL Compilation)","Quick Restart","RNG Fix","Rare Cards Sparkle","Relic Stats","StSLib"],"gold_per_floor":[119,132,145,161,161,161,196,161,161,176,188,188,200,226,226,226,226],"floor_reached":16,"playtime":3331,"items_purged":[],"score":228,"play_id":"3a78001a-3b5b-4b85-9722-92d5d6051b50","local_time":"20201230104039","is_ascension_mode":true,"campfire_choices":[{"data":"Catalyst","floor":6,"key":"SMITH"},{"data":"Noxious Fumes","floor":12,"key":"SMITH"},{"data":"Deadly Poison","floor":15,"key":"SMITH"}],"circlet_count":0,"master_deck":["AscendersBane","Strike_G","Strike_G","Strike_G","Strike_G","Strike_G","Defend_G","Defend_G","Defend_G","Defend_G","Defend_G","Survivor","Neutralize","Corpse Explosion","Deadly Poison+1","Predator","Catalyst+1","Acrobatics","Backflip","Noxious Fumes+1","Leg Sweep"],"relics":["Ring of the Snake","Strawberry","Eternal Feather","Ornamental Fan"],"acts_visited":["Exordium"],"potions_floor_usage":[11,14,16],"damage_taken":[{"damage":1,"enemies":"Jaw Worm","floor":1,"turns":5},{"damage":0,"enemies":"Cultist","floor":2,"turns":3},{"damage":1,"enemies":"Small Slimes","floor":3,"turns":3},{"damage":10,"enemies":"Red Slaver","floor":4,"turns":5},{"damage":27,"enemies":"3 Sentries","floor":7,"turns":5},{"damage":2,"enemies":"Looter","floor":10,"turns":4},{"damage":10,"enemies":"Exordium Wildlife","floor":11,"turns":3},{"damage":1,"enemies":"Exordium Thugs","floor":13,"turns":4},{"damage":7,"enemies":"Lagavulin","floor":14,"turns":5},{"damage":54,"enemies":"Slime Boss","floor":16,"turns":11}],"seed_played":"-6550595667564202231","potions_obtained":[{"floor":1,"key":"Weak Potion"},{"floor":4,"key":"Weak Potion"},{"floor":11,"key":"BlessingOfTheForge"}],"is_trial":false,"path_per_floor":["M","M","M","M","?","R","E","?","T","M","M","R","M","E","R","B"],"character_chosen":"THE_SILENT","items_purchased":[],"campfire_rested":0,"item_purchase_floors":[],"current_hp_per_floor":[58,58,57,47,52,52,32,50,50,48,38,50,49,42,54,0,0],"gold":226,"neow_bonus":"THREE_RARE_CARDS","is_daily":false,"chose_seed":false,"campfire_upgraded":3,"win_rate":0.0,"timestamp":1609342839,"path_taken":["M","M","M","M","?","R","E","?","T","?","M","R","M","E","R","BOSS"],"items_purchased_type":[],"build_version":"2020-12-22","purchased_purges":0,"victory":false,"max_hp_per_floor":[60,60,60,60,65,65,72,72,72,72,72,72,72,72,72,72,72],"relic_stats":{"counters":[10,48],"Ornamental Fan":[0],"Eternal Feather":24,"obtain_stats":[{"Ornamental Fan":14,"Strawberry":7,"Eternal Feather":9,"Ring of the Snake":0},{"Ornamental Fan":9,"Strawberry":5,"Eternal Feather":5,"Ring of the Snake":0},{"Ornamental Fan":37,"Strawberry":21,"Eternal Feather":21,"Ring of the Snake":0}],"Ring of the Snake":[20]},"card_choices":[{"not_picked":["Die Die Die","Tools of the Trade"],"picked":"Corpse Explosion","floor":0},{"not_picked":["Dagger Spray","Well Laid Plans"],"picked":"Deadly Poison","floor":1},{"not_picked":["Slice","Doppelganger"],"picked":"Predator","floor":2},{"not_picked":["Riddle With Holes","Cloak And Dagger"],"picked":"Catalyst","floor":3},{"not_picked":["Blade Dance","Tactician"],"picked":"Acrobatics","floor":4},{"not_picked":["Dagger Throw","Masterful Stab","Concentrate"],"picked":"SKIP","floor":7},{"not_picked":["Dash","Outmaneuver"],"picked":"Backflip","floor":10},{"not_picked":["Skewer","Deflect"],"picked":"Noxious Fumes","floor":11},{"not_picked":["Reflex","Underhanded Strike","A Thousand Cuts"],"picked":"SKIP","floor":13},{"not_picked":["Finisher","Choke"],"picked":"Leg Sweep","floor":14}],"player_experience":1412370,"relics_obtained":[{"floor":7,"key":"Strawberry"},{"floor":9,"key":"Eternal Feather"},{"floor":14,"key":"Ornamental Fan"}],"event_choices":[{"damage_healed":0,"gold_gain":0,"player_choice":"Donut","damage_taken":0,"max_hp_gain":5,"max_hp_loss":0,"event_name":"Big Fish","floor":5,"gold_loss":0},{"damage_healed":18,"gold_gain":0,"player_choice":"Healed","damage_taken":0,"max_hp_gain":0,"max_hp_loss":0,"event_name":"The Cleric","floor":8,"gold_loss":35}],"is_beta":false,"boss_relics":[],"items_purged_floors":[],"is_endless":false,"potions_floor_spawned":[1,4,7,11],"killed_by":"Slime Boss","ascension_level":20}}