{"host":"1bnrkmg0bmhwam8n","time":1609299867,"event":{"mods":["2.2 Compatiblity","BaseMod","Colored Map","Infinite Spire","Minty Spire (QoL Compilation)","Quick Restart","StSLib"],"gold_per_floor":[118,118,133,107,126,156,166,166,191,191,191,191,252,271,271,367,367,347,347,230,145,160,160,160,160],"floor_reached":24,"playtime":1113,"items_purged":[],"score":223,"play_id":"51cad751-24e7-4e35-ab5f-678557bbcb2f","local_time":"20201229214427","is_ascension_mode":true,"campfire_choices":[{"floor":8,"key":"REST"},{"floor":10,"key":"REST"},{"floor":12,"key":"REST"},{"floor":15,"key":"REST"},{"floor":23,"key":"REST"}],"circlet_count":0,"master_deck":["Strike_G","Strike_G","Strike_G","Strike_G","Strike_G","Defend_G","Defend_G","Defend_G","Defend_G","Defend_G","Survivor","Neutralize","Dodge and Roll","Deflect","Well Laid Plans","Cloak And Dagger","infinitespire:UltimateForm","Blade Dance","Footwork","Backflip"],"relics":["Ring of the Snake","NeowsBlessing","Oddly Smooth Stone","Omamori","Potion Belt","Calling Bell","Centennial Puzzle","infinitespire:CheckeredPen","infinitespire:Lychee Nut","Pantograph"],"acts_visited":["Exordium","TheCity"],"potions_floor_usage":[14,16,16,19],"damage_taken":[{"damage":0,"enemies":"2 Louse","floor":1,"turns":1},{"damage":0,"enemies":"Cultist","floor":3,"turns":1},{"damage":0,"enemies":"Jaw Worm","floor":5,"turns":1},{"damage":60,"enemies":"3 Sentries","floor":6,"turns":21},{"damage":2,"enemies":"Blue Slaver","floor":7,"turns":6},{"damage":25,"enemies":"3 Sentries","floor":13,"turns":19},{"damage":0,"enemies":"Looter","floor":14,"turns":4},{"damage":52,"enemies":"The Guardian","floor":16,"turns":32},{"damage":24,"enemies":"2 Thieves","floor":18,"turns":4},{"damage":23,"enemies":"Masked Bandits","floor":19,"turns":3},{"damage":17,"enemies":"Spheric Guardian","floor":22,"turns":10},{"damage":27,"enemies":"Snake Plant","floor":24,"turns":5}],"seed_played":"-4166321494943816832","potions_obtained":[{"floor":6,"key":"SteroidPotion"},{"floor":7,"key":"Dexterity Potion"},{"floor":13,"key":"Regen Potion"},{"floor":18,"key":"SmokeBomb"}],"is_trial":false,"path_per_floor":["M","?","M","$","M","E","M","R","T","R","?","R","?","M","R","B",null,"M","?","$","?","M","R","M"],"character_chosen":"THE_SILENT","items_purchased":["Deflect","Footwork","Backflip"],"campfire_rested":5,"item_purchase_floors":[4,20,20],"current_hp_per_floor":[70,70,70,70,70,10,8,29,29,50,34,55,30,30,51,14,52,31,13,13,13,2,17,0,0],"gold":160,"neow_bonus":"THREE_ENEMY_KILL","is_daily":false,"chose_seed":false,"campfire_upgraded":0,"win_rate":0.0,"timestamp":1609299867,"path_taken":["M","?","?","?","M","E","?","R","T","R","?","R","?","M","R","BOSS","M","?","$","?","?","R","M"],"items_purchased_type":["Card","Card","Card"],"build_version":"2020-12-22","purchased_purges":0,"victory":false,"max_hp_per_floor":[70,70,70,70,70,70,70,70,70,70,70,70,70,70,70,70,52,52,52,52,52,52,52,52,52],"card_choices":[{"not_picked":["Predator","Quick Slash","Outmaneuver"],"picked":"SKIP","floor":1},{"not_picked":["Choke","Deadly Poison"],"picked":"Dodge and Roll","floor":3},{"not_picked":["Choke","Bane"],"picked":"Well Laid Plans","floor":5},{"not_picked":["Dagger Throw","Burst"],"picked":"Cloak And Dagger","floor":6},{"not_picked":["Riddle With Holes","Dagger Throw","Outmaneuver"],"picked":"SKIP","floor":7},{"not_picked":["infinitespire:DeathsTouch","infinitespire:SevenWalls"],"picked":"infinitespire:UltimateForm","floor":11},{"not_picked":["PiercingWail","Escape Plan","All Out Attack"],"picked":"SKIP","floor":14},{"not_picked":["Reflex","Calculated Gamble"],"picked":"Blade Dance","floor":18},{"not_picked":["Dagger Throw","Dash+1","Concentrate"],"picked":"SKIP","floor":22}],"player_experience":387580,"relics_obtained":[{"floor":6,"key":"Oddly Smooth Stone"},{"floor":9,"key":"Omamori"},{"floor":17,"key":"Centennial Puzzle"},{"floor":17,"key":"infinitespire:CheckeredPen"},{"floor":17,"key":"infinitespire:Lychee Nut"}],"event_choices":[{"damage_healed":0,"gold_gain":0,"player_choice":"Ignored","damage_taken":0,"max_hp_gain":0,"max_hp_loss":0,"event_name":"Purifier","floor":2,"gold_loss":0},{"damage_healed":0,"gold_gain":0,"player_choice":"Searched \u00273\u0027 times","damage_taken":0,"relics_obtained":["Potion Belt"],"max_hp_gain":0,"max_hp_loss":0,"event_name":"Dead Adventurer","floor":13,"gold_loss":0},{"damage_healed":0,"gold_gain":0,"player_choice":"Fought Bandits","damage_taken":0,"max_hp_gain":0,"max_hp_loss":0,"event_name":"Masked Bandits","floor":19,"gold_loss":0},{"damage_healed":0,"gold_gain":0,"player_choice":"Obtained Relic","damage_taken":0,"relics_obtained":["Pantograph"],"max_hp_gain":0,"max_hp_loss":0,"event_name":"Addict","floor":21,"gold_loss":85}],"is_beta":false,"boss_relics":[{"not_picked":["Tiny House","Ring of the Serpent"],"picked":"Calling Bell"}],"items_purged_floors":[],"is_endless":false,"potions_floor_spawned":[6,7,13,18],"killed_by":"Snake Plant","ascension_level":3}}