{"host":"Rich","time":1609365836,"event":{"mods":["AchievementEnabler","BaseMod","Highlight Path","Minty Spire (QoL Compilation)","Relic Stats"],"gold_per_floor":[111,123,123,48,48,76,47,77,100,134,153,185,202,202,202,275,575,593,593,593,553,553],"floor_reached":21,"playtime":525,"items_purged":["Strike_P"],"score":560,"play_id":"72ea0cf6-26a9-46b9-953a-1dd9b6f6c07b","local_time":"20201230170356","is_ascension_mode":true,"campfire_choices":[{"floor":15,"key":"REST"}],"circlet_count":0,"master_deck":["AscendersBane","Strike_P","Strike_P","Strike_P","Defend_P","Defend_P","Defend_P","Defend_P","Eruption","Vigilance","FlurryOfBlows","Prostrate","Tantrum","Halt","BowlingBash","ThirdEye","FlurryOfBlows","ClearTheMind","FlyingSleeves","EmptyFist","Devotion","CurseOfTheBell","Brilliance","Necronomicurse"],"relics":["PureWater","NeowsBlessing","Ginger","Bag of Marbles","Vajra","Regal Pillow","Bronze Scales","Prayer Wheel","Calling Bell","Smiling Mask","Meat on the Bone","Old Coin","Necronomicon"],"acts_visited":["Exordium","TheCity"],"potions_floor_usage":[12,21],"damage_taken":[{"damage":0.0,"enemies":"Small Slimes","floor":1.0,"turns":1.0},{"damage":0.0,"enemies":"Cultist","floor":2.0,"turns":1.0},{"damage":0.0,"enemies":"3 Sentries","floor":6.0,"turns":2.0},{"damage":55.0,"enemies":"Lagavulin","floor":8.0,"turns":9.0},{"damage":0.0,"enemies":"Gremlin Nob","floor":10.0,"turns":2.0},{"damage":0.0,"enemies":"2 Louse","floor":11.0,"turns":1.0},{"damage":0,"enemies":"Lagavulin","floor":12,"turns":4},{"damage":0,"enemies":"Red Slaver","floor":13,"turns":3},{"damage":30,"enemies":"Slime Boss","floor":16,"turns":6},{"damage":11,"enemies":"3 Byrds","floor":18,"turns":3},{"damage":22,"enemies":"2 Thieves","floor":21,"turns":1}],"seed_played":"6299509907709020070","potions_obtained":[{"floor":1.0,"key":"SkillPotion"},{"floor":8.0,"key":"LiquidMemories"},{"floor":13,"key":"SpeedPotion"},{"floor":16,"key":"FearPotion"}],"is_trial":false,"path_per_floor":["M","M","?","$","T","E","$","E","T","E","M","E","M","?","R","B",null,"M","?","?","M"],"character_chosen":"WATCHER","items_purchased":["BowlingBash"],"campfire_rested":1,"item_purchase_floors":[7],"current_hp_per_floor":[61,61,61,61,61,61,61,6,6,6,6,6,6,6,41,11,54,43,22,22,0,0],"gold":553,"neow_bonus":"THREE_ENEMY_KILL","is_daily":false,"chose_seed":false,"campfire_upgraded":0,"win_rate":0.0,"timestamp":1609365836,"path_taken":["M","M","?","$","?","E","$","E","T","E","M","E","M","?","R","BOSS","M","?","?","?"],"items_purchased_type":["Card"],"build_version":"2020-12-18","purchased_purges":1,"victory":false,"max_hp_per_floor":[68,68,68,68,68,68,68,68,68,68,68,68,68,68,68,68,68,68,68,68,68,68],"relic_stats":{"Regal Pillow":15,"counters":[11,33],"Bronze Scales":[74],"Prayer Wheel":2,"Necronomicon":[0],"Ginger":[0],"Smiling Mask":0,"obtain_stats":[{"Regal Pillow":9,"NeowsBlessing":0,"Vajra":8,"Ginger":5,"Smiling Mask":17,"Old Coin":17,"Calling Bell":17,"Bronze Scales":10,"Prayer Wheel":12,"Bag of Marbles":6,"Necronomicon":19,"PureWater":0,"Meat on the Bone":17},{"Regal Pillow":4,"NeowsBlessing":0,"Vajra":4,"Ginger":2,"Smiling Mask":9,"Old Coin":9,"Calling Bell":9,"Bronze Scales":5,"Prayer Wheel":7,"Bag of Marbles":3,"Necronomicon":10,"PureWater":0,"Meat on the Bone":9},{"Regal Pillow":13,"NeowsBlessing":0,"Vajra":13,"Ginger":2,"Smiling Mask":29,"Old Coin":29,"Calling Bell":29,"Bronze Scales":15,"Prayer Wheel":20,"Bag of Marbles":4,"Necronomicon":32,"PureWater":0,"Meat on the Bone":29}],"Meat on the Bone":0},"card_choices":[{"not_picked":["Indignation","Protect"],"picked":"FlurryOfBlows","floor":1.0},{"not_picked":["PathToVictory","Protect"],"picked":"Prostrate","floor":2.0},{"not_picked":["FollowUp","Perseverance"],"picked":"Halt","floor":6.0},{"not_picked":["DeceiveReality","Weave"],"picked":"ThirdEye","floor":8.0},{"not_picked":["Evaluate","CutThroughFate"],"picked":"FlurryOfBlows","floor":10.0},{"not_picked":["FollowUp","MasterReality"],"picked":"ClearTheMind","floor":11.0},{"not_picked":["Conclude","MasterReality"],"picked":"FlyingSleeves","floor":12},{"not_picked":["ClearTheMind","Evaluate"],"picked":"EmptyFist","floor":13},{"not_picked":["JustLucky","ClearTheMind","EmptyFist"],"picked":"SKIP","floor":13},{"not_picked":["Wish","Brilliance"],"picked":"Devotion","floor":16},{"not_picked":["Sanctity+1","FollowUp"],"picked":"Brilliance","floor":18},{"not_picked":["EmptyMind","Protect","Collect"],"picked":"SKIP","floor":18}],"player_experience":1944290,"relics_obtained":[{"floor":5.0,"key":"Ginger"},{"floor":6.0,"key":"Bag of Marbles"},{"floor":8.0,"key":"Vajra"},{"floor":9.0,"key":"Regal Pillow"},{"floor":10.0,"key":"Bronze Scales"},{"floor":12,"key":"Prayer Wheel"},{"floor":17,"key":"Smiling Mask"},{"floor":17,"key":"Meat on the Bone"},{"floor":17,"key":"Old Coin"},{"floor":19,"key":"Necronomicon"}],"event_choices":[{"damage_healed":0.0,"max_hp_gain":0.0,"max_hp_loss":0.0,"gold_gain":0.0,"event_name":"Match and Keep!","player_choice":"1 cards matched","floor":3.0,"gold_loss":0.0,"damage_taken":0.0,"cards_obtained":["Tantrum"]},{"damage_healed":0,"gold_gain":0,"player_choice":"Cursed","damage_taken":0,"max_hp_gain":0,"max_hp_loss":0,"event_name":"Wheel of Change","floor":14,"gold_loss":0,"cards_obtained":["Decay"]},{"damage_healed":0,"gold_gain":0,"player_choice":"Obtained Book","damage_taken":21,"max_hp_gain":0,"max_hp_loss":0,"event_name":"Cursed Tome","floor":19,"gold_loss":0},{"cards_removed":["Decay"],"damage_healed":0,"gold_gain":0,"player_choice":"Removed Curses","damage_taken":0,"max_hp_gain":0,"max_hp_loss":0,"event_name":"Fountain of Cleansing","floor":20,"gold_loss":0}],"is_beta":true,"boss_relics":[{"not_picked":["Sozu","Runic Pyramid"],"picked":"Calling Bell"}],"items_purged_floors":[4],"is_endless":false,"potions_floor_spawned":[1,8,13,16],"killed_by":"2 Thieves","ascension_level":20}}