{"host":"68ryiucqar8jyfi2","time":1609349103,"event":{"mods":["2.2 Compatiblity","Act Like it!","Aspiration","BaseMod","Better Match","Better Note","Better Skull","Better Third Choice","CCEM","CapriCore","Curses Come First","Defuse TimeMaze Blight","Displayed Cursed Tome","Emptier Cage","Energized Spire","Friendly Minions","GifTheSpireLib","HexUI Lib","Hubris","Hyrulean Relics","Minty Spire (QoL Compilation)","Permanent Neow","RNG Fix","Replay The Spire","Robot Space Explorer","StSLib","Stuff the Spire","The Blue Laboratory","Trackpad","Transform Curses","Uncapped","Wandering Minibosses"],"gold_per_floor":[114,214,214,225,235,235,235,248,248,279,306,306,332,73,73,168,168,128,128,145,145,106,106,180,196,248,359,359],"floor_reached":27,"playtime":890,"items_purged":[],"score":383,"play_id":"a218719a-0f10-4b04-957d-470ff3de2e08","local_time":"20201230172503","daily_mods":["Vintage","Heirloom","Flight"],"is_ascension_mode":false,"campfire_choices":[{"data":"Zap","floor":6,"key":"SMITH"},{"data":"Dualcast","floor":7,"key":"SMITH"},{"data":"1","floor":15,"key":"LIFT"},{"data":"StuffTheSpire:ForEach","floor":23,"key":"SMITH"}],"circlet_count":0,"master_deck":["Strike_B","Strike_B","Defend_B+1","Defend_B","Defend_B","Defend_B","Zap+1","Dualcast+1","StuffTheSpire:ForEach+1","Echo Form","hubris:SpecializedCircuitry"],"relics":["Cracked Core","StrikeDummy","CCEMRelics:WarHorn","CCEMRelics:CocoNut","zeldaRelics:WisdomPiece","CCEMRelics:WrappedPresent","Girya","Busted Crown","StuffTheSpire:Gunfinga","Du-Vu Doll","zeldaRelics:CouragePiece","wanderingMiniBosses:ThiefScarf","CCEMRelics:OrganicArmor","zeldaRelics:CourageTriforce","Replay:Bottled Steam"],"acts_visited":["Exordium","TheCity"],"potions_floor_usage":[],"damage_taken":[{"damage":0,"enemies":"Small Slimes","floor":1,"turns":3},{"damage":1,"enemies":"Jaw Worm","floor":4,"turns":3},{"damage":0,"enemies":"Cultist","floor":5,"turns":3},{"damage":8,"enemies":"Lots of Slimes","floor":8,"turns":3},{"damage":0,"enemies":"Gremlin Nob","floor":10,"turns":3},{"damage":0,"enemies":"Replay:BlueRogue","floor":11,"turns":4},{"damage":10,"enemies":"Lagavulin","floor":13,"turns":6},{"damage":34,"enemies":"The Guardian","floor":16,"turns":8},{"damage":0,"enemies":"Spheric Guardian","floor":18,"turns":6},{"damage":12,"enemies":"Shell Parasite","floor":20,"turns":5},{"damage":12,"enemies":"Shelled Parasite and Fungi","floor":22,"turns":8},{"damage":5,"enemies":"Sentry and Sphere","floor":25,"turns":4},{"damage":39,"enemies":"Chosen and Byrds","floor":27,"turns":6}],"seed_played":"-3160503180958960428","potions_obtained":[{"floor":5,"key":"blueLaboratory:CorrosionFlask"},{"floor":8,"key":"blueLaboratory:TrueEctoplasm"},{"floor":13,"key":"SpeedPotion"}],"is_trial":true,"path_per_floor":["M","?","?","M","M","R","R","M","T","E","E","?","E","$","R","B",null,"M","?","M","?","M","R","T","M","T","M"],"character_chosen":"DEFECT","items_purchased":["CCEMRelics:WrappedPresent"],"campfire_rested":0,"item_purchase_floors":[14],"current_hp_per_floor":[75,75,75,74,74,74,74,71,71,71,71,71,61,71,71,37,85,85,85,73,73,61,61,61,56,56,17,17],"gold":359,"neow_bonus":"","is_daily":false,"chose_seed":false,"campfire_upgraded":3,"win_rate":0.0,"timestamp":1609349103,"path_taken":["M","?","?","M","M","R","R","M","T","E","E","?","E","?","R","BOSS","M","?","?","?","M","R","?","?","T","M"],"items_purchased_type":["Relic"],"build_version":"2020-12-22","purchased_purges":0,"victory":false,"max_hp_per_floor":[75,75,75,75,75,75,75,80,80,80,80,80,80,85,85,85,85,85,85,85,85,85,85,85,85,85,85,85],"card_choices":[{"not_picked":["StuffTheSpire:CleanHardDrive","Rebound","Sweeping Beam"],"picked":"SKIP","floor":10},{"not_picked":["aspiration:Polymerization","Reinforced Body","Redo"],"picked":"SKIP","floor":11},{"not_picked":["aspiration:Polymerization","Reinforced Body","Redo"],"picked":"SKIP","floor":11},{"not_picked":["ReplayTheSpireMod:Calculation Training","StuffTheSpire:LoadUp"],"picked":"Echo Form","floor":13}],"player_experience":185964,"relics_obtained":[{"floor":1,"key":"StrikeDummy"},{"floor":5,"key":"CCEMRelics:WarHorn"},{"floor":8,"key":"CCEMRelics:CocoNut"},{"floor":9,"key":"zeldaRelics:CouragePiece"},{"floor":10,"key":"zeldaRelics:CouragePiece"},{"floor":11,"key":"zeldaRelics:CouragePiece"},{"floor":13,"key":"zeldaRelics:WisdomPiece"},{"floor":14,"key":"Girya"},{"floor":20,"key":"StuffTheSpire:Gunfinga"},{"floor":22,"key":"Du-Vu Doll"},{"floor":24,"key":"zeldaRelics:CouragePiece"},{"floor":26,"key":"zeldaRelics:CouragePiece"},{"floor":27,"key":"wanderingMiniBosses:ThiefScarf"},{"floor":27,"key":"CCEMRelics:OrganicArmor"},{"floor":27,"key":"zeldaRelics:CourageTriforce"},{"floor":27,"key":"Replay:Bottled Steam"}],"event_choices":[{"damage_healed":0,"gold_gain":100,"player_choice":"Pray","damage_taken":0,"max_hp_gain":0,"max_hp_loss":0,"event_name":"Golden Shrine","floor":2,"gold_loss":0},{"damage_healed":0,"gold_gain":0,"cards_transformed":["Strike_B"],"player_choice":"Change","damage_taken":0,"max_hp_gain":0,"max_hp_loss":0,"event_name":"Living Wall","floor":12,"gold_loss":0,"cards_obtained":["StuffTheSpire:ForEach"]},{"damage_healed":0,"gold_gain":0,"player_choice":"Ignored","damage_taken":0,"max_hp_gain":0,"max_hp_loss":0,"event_name":"N\u0027loth","floor":19,"gold_loss":0},{"damage_healed":0,"gold_gain":0,"cards_transformed":["Strike_B"],"player_choice":"Transformed","damage_taken":0,"max_hp_gain":0,"max_hp_loss":0,"event_name":"Transmorgrifier","floor":21,"gold_loss":0,"cards_obtained":["hubris:SpecializedCircuitry"]}],"is_beta":false,"boss_relics":[{"not_picked":["aspiration:FutureDiary","aspiration:RitualDagger"],"picked":"Busted Crown"}],"items_purged_floors":[],"is_endless":true,"potions_floor_spawned":[5,8,13,18],"killed_by":"Chosen and Byrds","ascension_level":0}}