{"host":"ljavmhyz2e552xgo","time":1609346322,"event":{"mods":["BaseMod","Better Third Choice","Friendly Minions","GungeonMod","Minty Spire (QoL Compilation)","Permanent Neow","Spicy Shops","StSLib"],"gold_per_floor":[119,130,101,101,145,157,157,186,211,67,81,98,98,23,23,134,134,154,154,170,170,186,186,240,255,255,165,184,2,2,22,22,127,127,139,156,156,156,175,208,208,208,233,243,243,260,260,87,87,87,87,87,19,49,49],"floor_reached":56,"playtime":3196,"items_purged":["DemoMod:Strike_Huntress","DemoMod:RustySidearm"],"score":1278,"play_id":"b2f56d9a-7ba2-41cb-ad23-fe6e77f399b5","local_time":"20201230103842","is_ascension_mode":false,"campfire_choices":[{"data":"DemoMod:ChanceBullets","floor":7.0,"key":"SMITH"},{"floor":13.0,"key":"REST"},{"data":"DemoMod:ManualReload","floor":15.0,"key":"SMITH"},{"data":"DemoMod:Elimentaler","floor":23.0,"key":"SMITH"},{"data":"DemoMod:FeignSurrender","floor":30,"key":"SMITH"},{"data":"DemoMod:ConditionalReflex","floor":32,"key":"SMITH"},{"floor":42,"key":"RECALL"},{"floor":47,"key":"REST"},{"floor":49,"key":"REST"},{"floor":52,"key":"REST"}],"circlet_count":0,"master_deck":["DemoMod:Defend_Huntress","DemoMod:Defend_Huntress","DemoMod:Defend_Huntress","DemoMod:Defend_Huntress","DemoMod:Roll","DemoMod:ManualReload+1","DemoMod:CrossBow","DemoMod:FeignSurrender+1","DemoMod:ChanceBullets+1","DemoMod:Evolver","DemoMod:ZorGun","DemoMod:FastSwitch+1","DemoMod:GunShield","DemoMod:Elimentaler+1","DemoMod:SAA","DemoMod:EasyReloadBullets","DemoMod:ConditionalReflex+1","DemoMod:HungryBullets","DemoMod:Elimentaler","DemoMod:PotionOfGunFriendShip+1","DemoMod:SuppressiveFire","DemoMod:ConditionalReflex+1","Panache","DemoMod:ShadowBullets"],"relics":["DemoMod:Dog","DemoMod:NanoMachines","betterThird:SlimedRelic","Spirit Poop","TungstenRod","DemoMod:HoleyGrail","DemoMod:Plus1Bullets","Busted Crown","DemoMod:Ammonomicon","Nunchaku","DemoMod:JetPack","Fusion Hammer","DemoMod:Antibody","Lee\u0027s Waffle","Happy Flower"],"acts_visited":["Exordium","TheCity","TheBeyond","TheEnding"],"potions_floor_usage":[33,39,50,50,50,54],"damage_taken":[{"damage":5.0,"enemies":"Jaw Worm","floor":1.0,"turns":7.0},{"damage":2.0,"enemies":"Small Slimes","floor":2.0,"turns":3.0},{"damage":6.0,"enemies":"Cultist","floor":5.0,"turns":5.0},{"damage":2.0,"enemies":"2 Fungi Beasts","floor":6.0,"turns":5.0},{"damage":31.0,"enemies":"Lagavulin","floor":8.0,"turns":10.0},{"damage":0.0,"enemies":"Looter","floor":11.0,"turns":3.0},{"damage":3.0,"enemies":"Blue Slaver","floor":12.0,"turns":5.0},{"damage":37.0,"enemies":"Hexaghost","floor":16.0,"turns":19.0},{"damage":0.0,"enemies":"3 Byrds","floor":18.0,"turns":4.0},{"damage":1.0,"enemies":"Chosen","floor":20.0,"turns":6.0},{"damage":0.0,"enemies":"Snecko","floor":22.0,"turns":3.0},{"damage":4.0,"enemies":"Centurion and Healer","floor":25.0,"turns":5.0},{"damage":11,"enemies":"3 Cultists","floor":28,"turns":5},{"damage":0,"enemies":"Snake Plant","floor":31,"turns":3},{"damage":0,"enemies":"Collector","floor":33,"turns":4},{"damage":5,"enemies":"Orb Walker","floor":35,"turns":4},{"damage":0,"enemies":"3 Darklings","floor":36,"turns":2},{"damage":7,"enemies":"4 Shapes","floor":39,"turns":4},{"damage":0,"enemies":"Nemesis","floor":40,"turns":3},{"damage":0,"enemies":"Writhing Mass","floor":44,"turns":2},{"damage":0,"enemies":"Transient","floor":46,"turns":5},{"damage":0,"enemies":"Donu and Deca","floor":50,"turns":7},{"damage":18,"enemies":"Shield and Spear","floor":54,"turns":7},{"damage":29,"enemies":"The Heart","floor":55,"turns":7}],"seed_played":"-2013651880555676803","potions_obtained":[{"floor":2.0,"key":"AttackPotion"},{"floor":8.0,"key":"FairyPotion"},{"floor":16.0,"key":"Block Potion"},{"floor":22.0,"key":"Regen Potion"},{"floor":28,"key":"Ancient Potion"},{"floor":33,"key":"DuplicationPotion"},{"floor":36,"key":"SneckoOil"},{"floor":39,"key":"EntropicBrew"},{"floor":41,"key":"LiquidMemories"}],"is_trial":false,"path_per_floor":["M","M","?","?","M","M","R","E","T","$","M","M","R","$","R","B",null,"M","?","M","?","M","R","T","M","T","?","M","$","R","M","R","B",null,"M","M","?","?","M","E","?","R","T","M","?","M","R","$","R","B",null,"R","$","E","B",null],"character_chosen":"HUNTRESS","items_purchased":["DemoMod:Plus1Bullets","DemoMod:HungryBullets","DemoMod:Elimentaler","Lee\u0027s Waffle","DemoMod:ShadowBullets"],"campfire_rested":4,"item_purchase_floors":[10,29,29,48,53],"current_hp_per_floor":[65,63,63,63,57,55,55,24,24,24,24,21,42,42,42,5,70,70,70,69,69,69,69,69,65,65,65,54,54,54,54,54,54,70,65,65,65,65,58,58,58,58,58,58,58,58,62,69,69,69,69,69,69,51,22],"gold":49,"neow_bonus":"ONE_RARE_RELIC","is_daily":false,"chose_seed":false,"campfire_upgraded":5,"win_rate":0.0,"timestamp":1609346322,"path_taken":["M","M","?","?","M","M","R","E","T","$","?","M","R","$","R","BOSS","M","?","M","?","M","R","?","M","T","?","M","$","R","?","R","BOSS","M","?","?","?","M","E","?","R","T","?","?","?","R","$","R","BOSS","R","$","E","BOSS"],"items_purchased_type":["Relic","Card","Card","Relic","Card"],"build_version":"2020-12-22","purchased_purges":2,"victory":true,"max_hp_per_floor":[70,70,70,70,70,70,70,70,70,70,70,70,70,70,70,70,70,70,70,70,70,70,70,70,70,70,70,70,70,70,70,70,70,70,70,70,70,65,65,65,65,65,65,65,62,62,62,69,69,69,69,69,69,69,69],"card_choices":[{"not_picked":["DemoMod:Camera","DemoMod:JK47"],"picked":"DemoMod:FeignSurrender","floor":1.0},{"not_picked":["DemoMod:Unmoved","DemoMod:HuntsMan"],"picked":"DemoMod:ChanceBullets","floor":2.0},{"not_picked":["DemoMod:AC15","DemoMod:TeaPot"],"picked":"DemoMod:Evolver","floor":5.0},{"not_picked":["DemoMod:HuntsMan","DemoMod:TeaPot"],"picked":"DemoMod:ZorGun","floor":6.0},{"not_picked":["DemoMod:ZorGun","DemoMod:SniperShot"],"picked":"DemoMod:FastSwitch","floor":6.0},{"not_picked":["DemoMod:DarkMarker","DemoMod:ProbeStrike"],"picked":"DemoMod:GunShield","floor":8.0},{"not_picked":["DemoMod:BlankBullets","DemoMod:DoubleVision"],"picked":"DemoMod:Elimentaler","floor":16.0},{"not_picked":[],"picked":"DemoMod:SAA","floor":18.0},{"not_picked":["DemoMod:BoxingGlove+1"],"picked":"SKIP","floor":20.0},{"not_picked":["DemoMod:MachoBrace"],"picked":"SKIP","floor":22.0},{"not_picked":[],"picked":"DemoMod:EasyReloadBullets","floor":25.0},{"not_picked":[],"picked":"DemoMod:ConditionalReflex","floor":28},{"not_picked":[],"picked":"DemoMod:PotionOfGunFriendShip+1","floor":31},{"not_picked":[],"picked":"DemoMod:SuppressiveFire","floor":33},{"not_picked":[],"picked":"DemoMod:ConditionalReflex+1","floor":35},{"not_picked":["DemoMod:JK47+1"],"picked":"SKIP","floor":36},{"not_picked":[],"picked":"Panache","floor":37},{"not_picked":["DemoMod:PotionOfGunFriendShip"],"picked":"SKIP","floor":39},{"not_picked":["DemoMod:DoubleSwitch+1"],"picked":"SKIP","floor":40},{"not_picked":["DemoMod:Polaris+1"],"picked":"SKIP","floor":44},{"not_picked":["DemoMod:PotionOfGunFriendShip+1"],"picked":"SKIP","floor":46},{"not_picked":["DemoMod:Ejector+1"],"picked":"SKIP","floor":54}],"player_experience":1376213,"relics_obtained":[{"floor":8.0,"key":"TungstenRod"},{"floor":9.0,"key":"DemoMod:HoleyGrail"},{"floor":24.0,"key":"Nunchaku"},{"floor":26.0,"key":"DemoMod:JetPack"},{"floor":40,"key":"DemoMod:Antibody"},{"floor":54,"key":"Happy Flower"}],"event_choices":[{"damage_healed":0.0,"max_hp_gain":0.0,"max_hp_loss":0.0,"gold_gain":0.0,"event_name":"betterThird:BetterGoop","player_choice":"Slimed","floor":3.0,"gold_loss":29.0,"damage_taken":11.0},{"cards_removed":["Regret"],"damage_healed":0.0,"max_hp_gain":0.0,"max_hp_loss":0.0,"gold_gain":0.0,"event_name":"Bonfire Elementals","player_choice":"Offered Curse","floor":4.0,"gold_loss":0.0,"damage_taken":0.0,"relics_obtained":["Spirit Poop"]},{"cards_removed":["DemoMod:Strike_Huntress"],"damage_healed":0.0,"max_hp_gain":0.0,"max_hp_loss":0.0,"gold_gain":0.0,"event_name":"betterThird:BetterWriting","player_choice":"Elegance","floor":21.0,"gold_loss":0.0,"damage_taken":0.0},{"cards_removed":["DemoMod:Strike_Huntress"],"damage_healed":0.0,"max_hp_gain":0.0,"max_hp_loss":0.0,"gold_gain":0.0,"event_name":"Designer","player_choice":"Upgrade and Remove","floor":27.0,"gold_loss":90.0,"damage_taken":0.0,"cards_upgraded":["DemoMod:FastSwitch"]},{"damage_healed":0,"gold_gain":0,"player_choice":"Memory 1","damage_taken":0,"max_hp_gain":0,"max_hp_loss":0,"event_name":"SensoryStone","floor":37,"gold_loss":0},{"damage_healed":0,"gold_gain":0,"player_choice":"Got Potions","damage_taken":0,"max_hp_gain":0,"max_hp_loss":0,"event_name":"Lab","floor":41,"gold_loss":0},{"cards_removed":["Parasite"],"damage_healed":0,"gold_gain":0,"player_choice":"Removed Curses","damage_taken":0,"max_hp_gain":0,"max_hp_loss":0,"event_name":"Fountain of Cleansing","floor":45,"gold_loss":0}],"is_beta":false,"boss_relics":[{"not_picked":["Ectoplasm","Runic Pyramid"],"picked":"Busted Crown"},{"not_picked":["Pandora\u0027s Box","Velvet Choker"],"picked":"Fusion Hammer"}],"items_purged_floors":[14,48],"is_endless":false,"potions_floor_spawned":[2,8,16,22,28,33,36,39],"ascension_level":0}}