{"host":"pvf7uj918he10jir","time":1609304317,"event":{"mods":["AchievementEnabler","BaseMod","Colored Map","Colored Powertips","Highlight Path","Minty Spire (QoL Compilation)","Relic Stats","Slay the Relics Exporter","everything is the same but u backflip on backflip"],"gold_per_floor":[112,131,131,131,146,146,146,172,172,187,205,26,46,46,46],"floor_reached":14,"playtime":981,"items_purged":["Clumsy"],"score":106,"play_id":"150c40b4-3513-4133-8640-5c66bacb270f","local_time":"20201229235837","is_ascension_mode":true,"campfire_choices":[{"data":"Evaluate","floor":6.0,"key":"SMITH"}],"circlet_count":0,"master_deck":["Strike_P","Strike_P","Strike_P","Defend_P","Defend_P","Defend_P","Defend_P","Eruption+1","Vigilance","Halt","Evaluate+1","ConjureBlade","ClearTheMind","ReachHeaven","FollowUp"],"relics":["Cursed Key","Blue Candle","Bird Faced Urn","Nunchaku"],"acts_visited":["Exordium"],"potions_floor_usage":[],"damage_taken":[{"damage":0.0,"enemies":"Cultist","floor":1.0,"turns":2.0},{"damage":0.0,"enemies":"Small Slimes","floor":2.0,"turns":2.0},{"damage":0.0,"enemies":"2 Louse","floor":5.0,"turns":2.0},{"damage":30.0,"enemies":"3 Sentries","floor":8.0,"turns":13.0},{"damage":0.0,"enemies":"2 Fungi Beasts","floor":10.0,"turns":6.0},{"damage":15.0,"enemies":"Lots of Slimes","floor":11.0,"turns":8.0},{"damage":0.0,"enemies":"Looter","floor":13.0,"turns":3.0},{"damage":29,"enemies":"Gremlin Nob","floor":14,"turns":2}],"seed_played":"1537195656097544162","potions_obtained":[{"floor":1.0,"key":"Energy Potion"},{"floor":2.0,"key":"Fire Potion"},{"floor":11.0,"key":"AttackPotion"}],"is_trial":false,"path_per_floor":["M","M","?","?","M","R","?","E","T","M","M","$","M","E"],"character_chosen":"WATCHER","items_purchased":["ReachHeaven","FollowUp"],"campfire_rested":0,"item_purchase_floors":[12,12],"current_hp_per_floor":[72,72,54,54,54,54,47,17,17,17,2,2,2,0,0],"gold":46,"neow_bonus":"BOSS_RELIC","is_daily":false,"chose_seed":false,"campfire_upgraded":1,"win_rate":0.0,"timestamp":1609304317,"path_taken":["M","?","?","?","M","R","?","E","T","M","M","$","M","E"],"items_purchased_type":["Card","Card"],"build_version":"2020-12-22","purchased_purges":1,"victory":false,"max_hp_per_floor":[72,72,72,72,72,72,72,72,72,72,72,72,72,72,72],"relic_stats":{"Nunchaku":[2],"counters":[8,38],"Blue Candle":[0],"Bird Faced Urn":[0],"Cursed Key":1,"obtain_stats":[{"Nunchaku":9,"Blue Candle":3,"Bird Faced Urn":8,"PureWater":0,"Cursed Key":0},{"Nunchaku":4,"Blue Candle":2,"Bird Faced Urn":4,"PureWater":0,"Cursed Key":0},{"Nunchaku":19,"Blue Candle":4,"Bird Faced Urn":19,"PureWater":0,"Cursed Key":0}]},"card_choices":[{"not_picked":["Indignation","LikeWater","Consecrate"],"picked":"SKIP","floor":1.0},{"not_picked":["EmptyBody","CutThroughFate"],"picked":"Halt","floor":2.0},{"not_picked":["Nirvana","BowlingBash"],"picked":"Evaluate","floor":5.0},{"not_picked":["PathToVictory","WindmillStrike","ThirdEye"],"picked":"SKIP","floor":8.0},{"not_picked":["PathToVictory","WindmillStrike","ThirdEye"],"picked":"SKIP","floor":8.0},{"not_picked":["FollowUp","TalkToTheHand"],"picked":"ConjureBlade","floor":10.0},{"not_picked":["JustLucky","CarveReality"],"picked":"ClearTheMind","floor":11.0},{"not_picked":["EmptyBody","JustLucky","Fasting2"],"picked":"SKIP","floor":13.0}],"player_experience":109086,"relics_obtained":[{"floor":8.0,"key":"Bird Faced Urn"},{"floor":9.0,"key":"Nunchaku"}],"event_choices":[{"damage_healed":0.0,"max_hp_gain":0.0,"max_hp_loss":0.0,"gold_gain":0.0,"event_name":"Scrap Ooze","player_choice":"Success","floor":3.0,"gold_loss":0.0,"damage_taken":18.0,"relics_obtained":["Blue Candle"]},{"damage_healed":0.0,"max_hp_gain":0.0,"max_hp_loss":0.0,"gold_gain":0.0,"event_name":"Living Wall","player_choice":"Grow","floor":4.0,"gold_loss":0.0,"damage_taken":0.0,"cards_upgraded":["Eruption"]},{"cards_removed":["Strike_P"],"damage_healed":0.0,"max_hp_gain":0.0,"max_hp_loss":0.0,"gold_gain":0.0,"event_name":"Golden Wing","player_choice":"Card Removal","floor":7.0,"gold_loss":0.0,"damage_taken":7.0}],"is_beta":false,"boss_relics":[],"items_purged_floors":[12],"is_endless":false,"potions_floor_spawned":[1,2,11],"killed_by":"Gremlin Nob","ascension_level":3}}