{"host":"fhwr1fuluf6086fh","time":1609317290,"event":{"mods":["2.2 Compatiblity","Act Like it!","BaseMod","Elementarium","Hermit","Minty Spire (QoL Compilation)","Robot Space Explorer","StSLib","The Blue Laboratory","The Caster","The Dragon Tamer","The Factory","The Hierophant","TheLocksmith"],"gold_per_floor":[116,116,136,156,9,42,42,42,42,62,62,117,15,47,47,146,146,165,165,48,63,142,169,169,169,169,201,212,212,249,280,280,398,398,415,415,415,34,66,66,94,94,94,120,173,173,173,184,184,204],"floor_reached":51,"playtime":6323,"items_purged":["caster:strike","Doubt"],"score":892,"play_id":"92296299-aaed-4502-940e-8f041e118aa1","local_time":"20201230033450","is_ascension_mode":false,"campfire_choices":[{"data":"caster:FlashSpeed","floor":7,"key":"SMITH"},{"data":"caster:ManaOverflow","floor":11,"key":"SMITH"},{"data":"caster:GlacialShield","floor":15,"key":"SMITH"},{"data":"caster:ManaOverflow","floor":24,"key":"SMITH"},{"floor":32,"key":"REST"},{"floor":40,"key":"REST"},{"data":"caster:GlacialShield","floor":47,"key":"SMITH"},{"floor":49,"key":"REST"}],"circlet_count":0,"master_deck":["caster:Meteor","caster:DivertFocus","caster:strike","caster:strike","caster:strike","caster:defend","caster:defend","caster:defend","caster:defend","caster:GlacialShield+1","caster:AbsoluteZero","caster:FlashSpeed+1","caster:JupitelThunder","caster:Slick+1","caster:ManaOverflow+1","caster:FrostDriver","caster:MagicResonance","caster:Tundra","caster:ManaOverflow+1","caster:LAZER","caster:ManaOverflow+1","caster:GlacialShield+1","caster:LightningBolt","caster:Explosion","caster:Accumulation","Elementarium:GildedForm","caster:FlashSpeed","caster:AbsoluteZero+1","caster:GateOfBabylon","CurseOfTheBell","caster:IcicleLance","Thinking Ahead","Finesse","caster:WallOfAsh","caster:LAZER","caster:JupitelThunder+1","caster:Grimoire","caster:FlashFrost+1"],"relics":["caster:MagicBook","Sundial","Bronze Scales","Pantograph","Darkstone Periapt","Blue Candle","Boot","Sozu","Elementarium:HuntersBracer","Kunai","Blood Vial","Singing Bowl","Torii","Lantern","Elementarium:ElementariumTrophy","Calling Bell","Omamori","InkBottle","Thread and Needle","Vajra","Regal Pillow","Bag of Marbles","MealTicket","Bag of Preparation","Toxic Egg 2"],"acts_visited":["Exordium","Elementarium:Elementarium","TheBeyond"],"potions_floor_usage":[6,16,27],"damage_taken":[{"damage":0,"enemies":"Jaw Worm","floor":1,"turns":4},{"damage":0,"enemies":"2 Louse","floor":3,"turns":3},{"damage":2,"enemies":"Cultist","floor":4,"turns":5},{"damage":4,"enemies":"Gremlin Nob","floor":6,"turns":5},{"damage":7,"enemies":"Exordium Thugs","floor":10,"turns":5},{"damage":15,"enemies":"Gremlin Nob","floor":12,"turns":5},{"damage":4,"enemies":"3 Sentries","floor":14,"turns":8},{"damage":2,"enemies":"The Guardian","floor":16,"turns":7},{"damage":2,"enemies":"Elementarium:2_ELEMENTALS","floor":18,"turns":3},{"damage":8,"enemies":"Elementarium:MUD_AND_TAR_GOLEMS","floor":21,"turns":3},{"damage":2,"enemies":"Elementarium:ElementalPortal","floor":23,"turns":5},{"damage":3,"enemies":"Elementarium:FIRE_NOBILITY","floor":27,"turns":6},{"damage":24,"enemies":"Elementarium:RubyGolem","floor":28,"turns":3},{"damage":27,"enemies":"Elementarium:VoidBeast","floor":30,"turns":3},{"damage":2,"enemies":"Elementarium:WarGolem","floor":31,"turns":4},{"damage":6,"enemies":"Elementarium:PHOENIXES","floor":33,"turns":8},{"damage":1,"enemies":"Orb Walker","floor":35,"turns":3},{"damage":46,"enemies":"3 Shapes","floor":39,"turns":6},{"damage":0,"enemies":"Giant Head","floor":41,"turns":5},{"damage":18,"enemies":"Nemesis","floor":44,"turns":4},{"damage":0,"enemies":"Spire Growth","floor":48,"turns":2},{"damage":68,"enemies":"Awakened One","floor":50,"turns":11}],"seed_played":"8043146323110448761","potions_obtained":[{"floor":1,"key":"blueLaboratory:StoneskinPotion"},{"floor":12,"key":"blueLaboratory:HummingbirdPotion"},{"floor":14,"key":"LiquidBronze"},{"floor":16,"key":"blueLaboratory:BottleOfRum"}],"is_trial":false,"path_per_floor":["M","?","M","M","$","E","R","?","T","M","R","?","$","E","R","B",null,"M","?","?","M","T","E","R","?","T","E","M","?","M","E","R","B",null,"M","?","?","$","M","R","E","?","T","E","T","T","R","M","R","B",null],"character_chosen":"THE_CASTER","items_purchased":["Bronze Scales","caster:MagicResonance","Vajra","caster:WallOfAsh","caster:LAZER"],"campfire_rested":3,"item_purchase_floors":[5,13,38,38,38],"current_hp_per_floor":[70,67,67,65,65,61,61,61,61,54,54,39,39,35,35,58,70,68,74,74,72,72,70,70,67,67,66,44,44,19,19,40,61,79,78,78,73,73,29,52,54,54,54,38,38,38,38,42,81,13],"gold":204,"neow_bonus":"TEN_PERCENT_HP_BONUS","is_daily":false,"chose_seed":false,"campfire_upgraded":5,"win_rate":0.0,"timestamp":1609317290,"path_taken":["M","?","M","M","$","E","R","?","T","M","R","?","?","E","R","BOSS","M","?","?","?","?","E","R","?","T","E","M","?","?","E","R","BOSS","M","?","?","$","M","R","E","?","T","E","?","?","R","?","R","BOSS"],"items_purchased_type":["Relic","Card","Relic","Card","Card"],"build_version":"2020-12-22","purchased_purges":2,"victory":true,"max_hp_per_floor":[70,70,70,70,70,70,70,70,70,70,70,70,70,70,70,70,70,70,76,76,82,82,82,82,82,82,82,82,73,73,73,73,73,79,79,79,79,79,79,79,79,79,79,79,79,79,79,81,81,81],"card_choices":[{"not_picked":["caster:Grimoire","caster:MagicResonance"],"picked":"caster:GlacialShield","floor":1},{"not_picked":["caster:Charge","caster:FireWall"],"picked":"caster:AbsoluteZero","floor":3},{"not_picked":["caster:MagicBarrier","caster:Elementalize"],"picked":"caster:FlashSpeed","floor":4},{"not_picked":["caster:MagicResonance","caster:Rectify"],"picked":"caster:JupitelThunder","floor":6},{"not_picked":["caster:FlashFrost","caster:MagicAttunement"],"picked":"caster:ManaOverflow","floor":10},{"not_picked":["caster:FireWall","caster:Sleet"],"picked":"caster:FrostDriver","floor":12},{"not_picked":["caster:Eruption","caster:Barbroot"],"picked":"caster:Tundra","floor":14},{"not_picked":["caster:Ramuh","caster:Susanoo"],"picked":"caster:ManaOverflow","floor":16},{"not_picked":["caster:FrostDriver","caster:FlashFrost+1"],"picked":"caster:LAZER","floor":18},{"not_picked":["caster:Rectify","caster:Discharge"],"picked":"caster:GlacialShield","floor":21},{"not_picked":["caster:LAZER","caster:Barbroot"],"picked":"caster:LightningBolt","floor":23},{"not_picked":["caster:Tundra","caster:GlacialShield"],"picked":"caster:Explosion","floor":27},{"not_picked":["caster:Fireball","caster:Sleet"],"picked":"caster:Accumulation","floor":28},{"not_picked":["caster:GlacialShield","caster:MegaloSpark"],"picked":"caster:FlashSpeed","floor":30},{"not_picked":["caster:Enfeeble","caster:FrigidBeam"],"picked":"caster:AbsoluteZero+1","floor":31},{"not_picked":["caster:SunGoddessAmaterasu","caster:ShortenedChant"],"picked":"caster:GateOfBabylon","floor":33},{"not_picked":["caster:BurnItDown+1","caster:Fissure"],"picked":"caster:IcicleLance","floor":35},{"not_picked":["HandOfGreed","Dramatic Entrance"],"picked":"Thinking Ahead","floor":37},{"not_picked":["Enlightenment","Transmutation"],"picked":"Finesse","floor":37},{"not_picked":["caster:FrigidBeam+1","caster:MeteorStorm"],"picked":"caster:JupitelThunder+1","floor":39},{"not_picked":["caster:LAZER+1","caster:FrigidBeam"],"picked":"caster:Grimoire","floor":41},{"not_picked":["caster:Cryogenesis+1","caster:LightningBolt+1"],"picked":"caster:FlashFrost+1","floor":44},{"not_picked":["caster:DiablosFlame+1","caster:AbsoluteZero+1","caster:NaturalChaos"],"picked":"Singing Bowl","floor":48}],"player_experience":930877,"relics_obtained":[{"floor":6,"key":"Pantograph"},{"floor":9,"key":"Darkstone Periapt"},{"floor":12,"key":"Blue Candle"},{"floor":14,"key":"Boot"},{"floor":22,"key":"Kunai"},{"floor":23,"key":"Blood Vial"},{"floor":26,"key":"Singing Bowl"},{"floor":27,"key":"Torii"},{"floor":31,"key":"Lantern"},{"floor":34,"key":"Omamori"},{"floor":34,"key":"InkBottle"},{"floor":34,"key":"Thread and Needle"},{"floor":41,"key":"Regal Pillow"},{"floor":43,"key":"Bag of Marbles"},{"floor":44,"key":"MealTicket"},{"floor":45,"key":"Bag of Preparation"},{"floor":46,"key":"Toxic Egg 2"}],"event_choices":[{"damage_healed":0,"gold_gain":0,"player_choice":"Success","damage_taken":3,"relics_obtained":["Sundial"],"max_hp_gain":0,"max_hp_loss":0,"event_name":"Scrap Ooze","floor":2,"gold_loss":0},{"damage_healed":0,"gold_gain":0,"player_choice":"Searched \u00272\u0027 times","damage_taken":0,"max_hp_gain":0,"max_hp_loss":0,"event_name":"Dead Adventurer","floor":12,"gold_loss":0},{"damage_healed":0,"gold_gain":0,"player_choice":"Embrace","damage_taken":0,"max_hp_gain":0,"max_hp_loss":0,"event_name":"Elementarium:VoidShrine","floor":19,"gold_loss":0,"cards_obtained":["Doubt","caster:ManaOverflow"]},{"damage_healed":0,"gold_gain":0,"player_choice":"Sling","damage_taken":0,"relics_obtained":["Elementarium:HuntersBracer"],"max_hp_gain":0,"max_hp_loss":0,"event_name":"Elementarium:BigGameHunter","floor":20,"gold_loss":117},{"damage_healed":0,"gold_gain":0,"player_choice":"Poke through","damage_taken":3,"max_hp_gain":0,"max_hp_loss":0,"event_name":"Elementarium:GreatTreasure","floor":25,"gold_loss":0},{"damage_healed":0,"gold_gain":0,"player_choice":"Dive in","damage_taken":0,"max_hp_gain":0,"max_hp_loss":9,"event_name":"Elementarium:FountainOfGold","floor":29,"gold_loss":0,"cards_obtained":["Elementarium:GildedForm"]},{"damage_healed":0,"gold_gain":0,"player_choice":"Ignored","damage_taken":0,"max_hp_gain":0,"max_hp_loss":0,"event_name":"Elementarium:ChestOfTheGoldenMirage","floor":36,"gold_loss":0},{"damage_healed":0,"gold_gain":0,"player_choice":"Memory 2","damage_taken":5,"max_hp_gain":0,"max_hp_loss":0,"event_name":"SensoryStone","floor":37,"gold_loss":0},{"cards_removed":["caster:defend"],"damage_healed":0,"gold_gain":0,"player_choice":"Removed Skill","damage_taken":0,"max_hp_gain":0,"max_hp_loss":0,"event_name":"Falling","floor":42,"gold_loss":0}],"is_beta":false,"boss_relics":[{"not_picked":["Runic Pyramid","Empty Cage"],"picked":"Sozu"},{"not_picked":["Coffee Dripper","Pandora\u0027s Box"],"picked":"Calling Bell"}],"items_purged_floors":[13,38],"is_endless":false,"potions_floor_spawned":[1,12,14,16,18,27,31,33,35,44],"ascension_level":0}}