{"host":"kpyoctgc7jne3jiy","time":1609372654,"event":{"mods":["AchievementEnabler","BaseMod","Minty Spire (QoL Compilation)","Relic Stats"],"gold_per_floor":[114,114,130,141,216,216,230,257,304,149,179,179,179,194,194,297,297,313,41,57,57,76,76,76],"floor_reached":23,"playtime":870,"items_purged":[],"score":231,"play_id":"a9aad24b-b83d-4c03-a87e-e9ef2cc9457d","local_time":"20201231005734","is_ascension_mode":true,"campfire_choices":[{"data":"Sunder","floor":6,"key":"SMITH"},{"floor":13,"key":"REST"},{"data":"Conserve Battery","floor":15,"key":"SMITH"}],"circlet_count":0,"master_deck":["Strike_B","Strike_B","Strike_B","Defend_B","Defend_B","Defend_B","Defend_B","Zap","Dualcast","Consume+1","Sunder+1","Cold Snap","Conserve Battery+1","Capacitor","Streamline","Fission","Storm","Defragment","Doom and Gloom","BootSequence","Cold Snap"],"relics":["Sozu","Pantograph","Lantern","Bronze Scales","Blood Vial","Black Star","Bottled Lightning"],"acts_visited":["Exordium","TheCity"],"potions_floor_usage":[],"damage_taken":[{"damage":2,"enemies":"Jaw Worm","floor":1,"turns":3},{"damage":0,"enemies":"Small Slimes","floor":3,"turns":3},{"damage":1,"enemies":"Cultist","floor":4,"turns":4},{"damage":7,"enemies":"Looter","floor":7,"turns":3},{"damage":6,"enemies":"3 Sentries","floor":8,"turns":6},{"damage":21,"enemies":"Gremlin Nob","floor":11,"turns":5},{"damage":3,"enemies":"Large Slime","floor":14,"turns":4},{"damage":12,"enemies":"The Guardian","floor":16,"turns":11},{"damage":17,"enemies":"Chosen","floor":18,"turns":5},{"damage":9,"enemies":"Shell Parasite","floor":20,"turns":6},{"damage":37,"enemies":"3 Cultists","floor":22,"turns":5},{"damage":19,"enemies":"Slavers","floor":23,"turns":1}],"seed_played":"5884792572334414041","potions_obtained":[],"is_trial":false,"path_per_floor":["M","?","M","M","?","R","M","E","T","$","E","?","R","M","R","B",null,"M","$","M","?","M","E"],"character_chosen":"DEFECT","items_purchased":["Bronze Scales","Defragment","Bottled Lightning"],"campfire_rested":1,"item_purchase_floors":[10,19,19],"current_hp_per_floor":[73,66,66,65,54,54,47,41,41,41,20,20,42,41,41,56,75,58,58,51,51,16,0,0],"gold":76,"neow_bonus":"BOSS_RELIC","is_daily":false,"chose_seed":false,"campfire_upgraded":2,"win_rate":0.0,"timestamp":1609372654,"path_taken":["M","?","M","M","?","R","M","E","T","$","E","?","R","M","R","BOSS","M","$","?","?","M","E"],"items_purchased_type":["Relic","Card","Relic"],"build_version":"2020-12-22","purchased_purges":0,"victory":false,"max_hp_per_floor":[75,75,75,75,75,75,75,75,75,75,75,75,75,75,75,75,75,75,75,75,75,75,75,75],"relic_stats":{"Sozu":6,"Blood Vial":10,"counters":[12,56],"Pantograph":25,"Bronze Scales":[105],"Black Star":0,"obtain_stats":[{"Sozu":0,"Blood Vial":11,"Lantern":9,"Pantograph":8,"Bronze Scales":10,"Black Star":17,"Bottled Lightning":19,"Cracked Core":0},{"Sozu":0,"Blood Vial":6,"Lantern":5,"Pantograph":5,"Bronze Scales":5,"Black Star":8,"Bottled Lightning":9,"Cracked Core":0},{"Sozu":0,"Blood Vial":24,"Lantern":19,"Pantograph":19,"Bronze Scales":19,"Black Star":39,"Bottled Lightning":44,"Cracked Core":0}]},"card_choices":[{"not_picked":["Stack","Reprogram","Aggregate"],"picked":"SKIP","floor":1},{"not_picked":["Steam Power","Stack"],"picked":"Consume","floor":3},{"not_picked":["Go for the Eyes","Coolheaded"],"picked":"Sunder","floor":4},{"not_picked":["Compile Driver","Hologram"],"picked":"Cold Snap","floor":7},{"not_picked":["All For One","Hello World"],"picked":"Conserve Battery","floor":8},{"not_picked":["Thunder Strike","Multi-Cast"],"picked":"Capacitor","floor":11},{"not_picked":["Steam","Rebound"],"picked":"Streamline","floor":14},{"not_picked":["Multi-Cast","Thunder Strike"],"picked":"Fission","floor":16},{"not_picked":["Steam","Steam Power"],"picked":"Storm","floor":18},{"not_picked":["Coolheaded","Blizzard"],"picked":"Doom and Gloom","floor":20},{"not_picked":["Ball Lightning","Redo+1"],"picked":"Cold Snap","floor":22}],"player_experience":269208,"relics_obtained":[{"floor":8,"key":"Pantograph"},{"floor":9,"key":"Lantern"},{"floor":11,"key":"Blood Vial"}],"event_choices":[{"cards_removed":["Strike_B"],"damage_healed":0,"gold_gain":0,"player_choice":"Card Removal","damage_taken":7,"max_hp_gain":0,"max_hp_loss":0,"event_name":"Golden Wing","floor":2,"gold_loss":0},{"damage_healed":0,"gold_gain":75,"player_choice":"Gather Gold","damage_taken":11,"max_hp_gain":0,"max_hp_loss":0,"event_name":"World of Goop","floor":5,"gold_loss":0},{"damage_healed":0,"gold_gain":0,"player_choice":"Upgraded","damage_taken":0,"max_hp_gain":0,"max_hp_loss":0,"event_name":"Upgrade Shrine","floor":12,"gold_loss":0,"cards_upgraded":["Consume"]},{"damage_healed":0,"gold_gain":0,"player_choice":"Read","damage_taken":0,"max_hp_gain":0,"max_hp_loss":0,"event_name":"The Library","floor":21,"gold_loss":0,"cards_obtained":["BootSequence"]}],"is_beta":false,"boss_relics":[{"not_picked":["Philosopher\u0027s Stone","Calling Bell"],"picked":"Black Star"}],"items_purged_floors":[],"is_endless":false,"potions_floor_spawned":[4,8,14,16,20,22],"killed_by":"Slavers","ascension_level":3}}