{"host":"sav7uxregyirlf69","time":1609299682,"event":{"mods":["AchievementEnabler","BaseMod","Colored Map","DeckTracker","Keyboard Shortcuts","Minty Spire (QoL Compilation)","READ ME - Guardian Mod","StSLib","SuperFastMode"],"gold_per_floor":[118,118,193,210,210,235,235,254,254,254,254,5,5,25,25,121,121,135,159,0,20,20,20,20,36,36,36,86,86,8,22,22,22,22],"floor_reached":33,"playtime":501,"items_purged":[],"score":536,"play_id":"6442a39e-5d12-49a7-9f29-9c3a141810b1","local_time":"20201230124122","is_ascension_mode":true,"campfire_choices":[{"data":"Perfected Strike","floor":10.0,"key":"SMITH"},{"data":"Corruption","floor":13.0,"key":"SMITH"},{"data":"Uppercut","floor":15.0,"key":"SMITH"},{"data":"Barricade","floor":23.0,"key":"SMITH"},{"data":"Entrench","floor":27.0,"key":"SMITH"},{"data":"Dark Embrace","floor":32,"key":"SMITH"}],"circlet_count":0,"master_deck":["AscendersBane","Strike_R+1","Strike_R+1","Strike_R+1","Strike_R+1","Strike_R+1","Defend_R+1","Defend_R+1","Defend_R+1","Defend_R+1","Bash","Uppercut+1","Twin Strike","Pommel Strike","Perfected Strike+1","Corruption+1","Double Tap","Shrug It Off","Power Through","Barricade+1","Entrench+1","Evolve","Burning Pact","Feel No Pain","Dark Embrace+1","Reckless Charge"],"relics":["Burning Blood","NeowsBlessing","Pantograph","HornCleat","Golden Idol","Prayer Wheel","Runic Pyramid","Ornamental Fan","MutagenicStrength"],"acts_visited":["Exordium","TheCity"],"potions_floor_usage":[33],"damage_taken":[{"damage":0.0,"enemies":"Jaw Worm","floor":1.0,"turns":1.0},{"damage":0.0,"enemies":"Cultist","floor":4.0,"turns":1.0},{"damage":0.0,"enemies":"3 Sentries","floor":6.0,"turns":2.0},{"damage":0.0,"enemies":"2 Louse","floor":8.0,"turns":3.0},{"damage":6.0,"enemies":"Looter","floor":14.0,"turns":2.0},{"damage":36.0,"enemies":"The Guardian","floor":16.0,"turns":7.0},{"damage":0.0,"enemies":"Chosen","floor":18.0,"turns":5.0},{"damage":17.0,"enemies":"3 Byrds","floor":19.0,"turns":8.0},{"damage":18.0,"enemies":"Snake Plant","floor":21.0,"turns":2.0},{"damage":38.0,"enemies":"Shelled Parasite and Fungi","floor":25.0,"turns":7.0},{"damage":9,"enemies":"Centurion and Healer","floor":31,"turns":6},{"damage":80,"enemies":"Champ","floor":33,"turns":16}],"seed_played":"9209398753662008607","potions_obtained":[{"floor":1.0,"key":"BloodPotion"},{"floor":14.0,"key":"GamblersBrew"},{"floor":18.0,"key":"Dexterity Potion"},{"floor":25.0,"key":"PowerPotion"}],"is_trial":false,"path_per_floor":["M","?","?","M","T","E","?","M","T","R","?","$","R","M","R","B",null,"M","M","?","M","?","R","?","M","T","R","?","?","$","M","R","B"],"character_chosen":"IRONCLAD","items_purchased":["Corruption","Double Tap","Dark Embrace"],"campfire_rested":0,"item_purchase_floors":[12,12,30],"current_hp_per_floor":[74,74,63,69,69,75,49,55,55,55,60,60,60,60,60,50,73,79,68,68,56,56,56,56,40,40,40,40,40,40,37,37,0,0],"gold":22,"neow_bonus":"THREE_ENEMY_KILL","is_daily":false,"chose_seed":false,"campfire_upgraded":6,"win_rate":0.0,"timestamp":1609299682,"path_taken":["M","?","?","?","?","E","?","M","T","R","?","?","R","M","R","BOSS","M","M","?","M","?","R","?","M","T","R","?","?","?","M","R","BOSS"],"items_purchased_type":["Card","Card","Card"],"build_version":"2020-12-22","purchased_purges":0,"victory":false,"max_hp_per_floor":[75,75,75,75,75,75,75,75,75,75,80,80,80,80,80,80,80,80,80,80,80,80,80,80,80,80,80,80,80,80,80,80,80,80],"card_choices":[{"not_picked":["Anger","True Grit"],"picked":"Uppercut","floor":1.0},{"not_picked":["Headbutt","Armaments"],"picked":"Twin Strike","floor":4.0},{"not_picked":["Warcry","True Grit"],"picked":"Pommel Strike","floor":6.0},{"not_picked":["Rage","Clothesline"],"picked":"Perfected Strike","floor":8.0},{"not_picked":["Rupture","Spot Weakness"],"picked":"Shrug It Off","floor":14.0},{"not_picked":["Heavy Blade","Infernal Blade"],"picked":"Power Through","floor":14.0},{"not_picked":["Double Tap","Limit Break"],"picked":"Barricade","floor":16.0},{"not_picked":["Rampage","Spot Weakness"],"picked":"Entrench","floor":18.0},{"not_picked":["Wild Strike","Clothesline","Searing Blow"],"picked":"SKIP","floor":18.0},{"not_picked":["Havoc+1","Rampage"],"picked":"Evolve","floor":19.0},{"not_picked":["Bloodletting+1","Twin Strike"],"picked":"Burning Pact","floor":19.0},{"not_picked":["Headbutt","Blood for Blood","Sword Boomerang"],"picked":"SKIP","floor":21.0},{"not_picked":["Havoc+1","Heavy Blade","Warcry"],"picked":"SKIP","floor":21.0},{"not_picked":["Shockwave","Wild Strike"],"picked":"Feel No Pain","floor":25.0},{"not_picked":["Flex","Clothesline","Clash"],"picked":"SKIP","floor":25.0},{"not_picked":["Cleave","Sword Boomerang"],"picked":"Reckless Charge","floor":31},{"not_picked":["Entrench","Spot Weakness","Flex"],"picked":"SKIP","floor":31}],"player_experience":1062928,"relics_obtained":[{"floor":5.0,"key":"Pantograph"},{"floor":6.0,"key":"HornCleat"},{"floor":9.0,"key":"Prayer Wheel"},{"floor":26.0,"key":"Ornamental Fan"}],"event_choices":[{"damage_healed":0.0,"max_hp_gain":0.0,"max_hp_loss":0.0,"gold_gain":0.0,"event_name":"Liars Game","player_choice":"Ignored","floor":2.0,"gold_loss":0.0,"damage_taken":0.0},{"damage_healed":0.0,"max_hp_gain":0.0,"max_hp_loss":0.0,"gold_gain":75.0,"event_name":"World of Goop","player_choice":"Gather Gold","floor":3.0,"gold_loss":0.0,"damage_taken":11.0},{"damage_healed":0.0,"max_hp_gain":0.0,"max_hp_loss":0.0,"gold_gain":0.0,"event_name":"Golden Idol","player_choice":"Take Damage","floor":7.0,"gold_loss":0.0,"damage_taken":26.0,"relics_obtained":["Golden Idol"]},{"damage_healed":0.0,"max_hp_gain":5.0,"max_hp_loss":0.0,"gold_gain":0.0,"event_name":"Big Fish","player_choice":"Donut","floor":11.0,"gold_loss":0.0,"damage_taken":0.0},{"damage_healed":0.0,"max_hp_gain":0.0,"max_hp_loss":0.0,"gold_gain":0.0,"event_name":"Masked Bandits","player_choice":"Paid Fearfully","floor":20.0,"gold_loss":159.0,"damage_taken":0.0},{"damage_healed":0.0,"max_hp_gain":0.0,"max_hp_loss":0.0,"gold_gain":0.0,"event_name":"Ghosts","player_choice":"Ignored","floor":22.0,"gold_loss":0.0,"damage_taken":0.0},{"damage_healed":0.0,"max_hp_gain":0.0,"max_hp_loss":0.0,"gold_gain":0.0,"event_name":"Back to Basics","player_choice":"Simplicity","floor":24.0,"gold_loss":0.0,"damage_taken":0.0,"cards_upgraded":["Strike_R","Strike_R","Strike_R","Strike_R","Strike_R","Defend_R","Defend_R","Defend_R","Defend_R"]},{"damage_healed":0.0,"max_hp_gain":0.0,"max_hp_loss":0.0,"gold_gain":50.0,"event_name":"Nest","player_choice":"Stole From Cult","floor":28.0,"gold_loss":0.0,"damage_taken":0.0},{"damage_healed":0,"gold_gain":0,"player_choice":"Inject Mutagens","damage_taken":0,"relics_obtained":["MutagenicStrength"],"max_hp_gain":0,"max_hp_loss":0,"event_name":"Drug Dealer","floor":29,"gold_loss":0}],"is_beta":false,"boss_relics":[{"not_picked":["Mark of Pain","Philosopher\u0027s Stone"],"picked":"Runic Pyramid"}],"items_purged_floors":[],"is_endless":false,"potions_floor_spawned":[1,14,18,21,25],"killed_by":"Champ","ascension_level":20}}