{"host":"96bpdudduaq3ttpf","time":1609332289,"event":{"mods":["Act Like it!","Astrologer","Bard","Bartender","BaseMod","CapriCore","Challenge The Spire","Chen","Downfall","Elementarium","Energized Spire","Friendly Minions","GifTheSpireLib","Hallownest","Hermit","Jorbs\u0027s Wanderer Trilogy","Koishi","Mari Mod (Legacy)","Mari\u0027s V1 Patch","Marisa????????","Mimic Mod","Minty Spire (QoL Compilation)","Prisma Mod","Remilia??????","Replay The Spire","Shade Mod","StSLib","Td1madao Mod","The Administrix","The Bladedancer","The Bug Knight","The Construct","The Cursed","The Factory","The Gatherer","The Hierophant","The Immortal","The IronCluck","The Jungle","The Marked","The Mystic","The Necromancer","The Runesmith","The Servant 0.9.4","Wandering Minibosses","WarShipGirlsR/????R mod","Yohane!","Yuyuko"],"gold_per_floor":[111,151,170,182,199,231,159,159,185,200,200,200,200,150,150,253,253,288,288,288,196,208,208,237,337,337,337],"floor_reached":26,"playtime":1273,"items_purged":[],"score":251,"play_id":"ffb645fb-4882-49b9-ba50-b73ff7b93d27","local_time":"20201230054449","is_ascension_mode":false,"campfire_choices":[{"data":"blademaster:AspectOfWind","floor":8,"key":"SMITH"},{"floor":13,"key":"REST"},{"data":"blademaster:RagingBlow","floor":15,"key":"SMITH"},{"floor":23,"key":"REST"}],"circlet_count":0,"master_deck":["blademaster:Strike+1","blademaster:Strike","blademaster:Strike","blademaster:Strike","blademaster:Defend","blademaster:Defend+1","blademaster:Defend","blademaster:Defend","blademaster:RagingBlow+1","blademaster:HighVoltage","blademaster:Safeguard","blademaster:Havoc","blademaster:AspectOfWind+1","blademaster:Momentum","blademaster:AwakeningStrike","blademaster:Vortex","blademaster:Breeze","blademaster:DragonStrike","blademaster:RollingTyphoon","blademaster:AspectOfLightning","blademaster:Quickstep","blademaster:Sharpen","blademaster:CombatPrep","blademaster:Reversal+1"],"relics":["blademaster:DancersAmulet","NeowsBlessing","Replay:Bottled Steam","Bag of Preparation","Ring of Hypnosis","Fusion Hammer","Enchiridion","Bronze Scales"],"acts_visited":["Exordium","TheCity"],"potions_floor_usage":[6,10],"damage_taken":[{"damage":0,"enemies":"Jaw Worm","floor":1,"turns":1},{"damage":0,"enemies":"Small Slimes","floor":2,"turns":4},{"damage":0,"enemies":"2 Louse","floor":3,"turns":2},{"damage":0,"enemies":"Blue Slaver","floor":4,"turns":3},{"damage":5,"enemies":"Looter","floor":5,"turns":3},{"damage":0,"enemies":"Gremlin Nob","floor":6,"turns":2},{"damage":16,"enemies":"Lots of Slimes","floor":10,"turns":4},{"damage":53,"enemies":"Fading Forest","floor":16,"turns":11},{"damage":33,"enemies":"Shell Parasite","floor":18,"turns":6},{"damage":0,"enemies":"3 Byrds","floor":22,"turns":5},{"damage":39,"enemies":"Gremlin Leader","floor":24,"turns":6},{"damage":13,"enemies":"Shelled Parasite and Fungi","floor":26,"turns":4}],"seed_played":"-278170388483469344","potions_obtained":[{"floor":2,"key":"SpeedPotion"},{"floor":5,"key":"SteroidPotion"},{"floor":6,"key":"sneckomod:MuddlingPotion"}],"is_trial":false,"path_per_floor":["M","M","M","M","M","E","$","R","T","M","?","?","R","?","R","B",null,"M","?","?","$","M","R","E","?","MIM"],"character_chosen":"THE_BLADEMASTER","items_purchased":["blademaster:Breeze","blademaster:Quickstep","blademaster:Sharpen"],"campfire_rested":2,"item_purchase_floors":[7,21,21],"current_hp_per_floor":[75,75,75,75,70,70,70,70,70,54,39,39,61,61,61,18,75,42,26,26,26,26,48,9,9,0,0],"gold":337,"neow_bonus":"THREE_ENEMY_KILL","is_daily":false,"chose_seed":false,"campfire_upgraded":2,"win_rate":0.0,"timestamp":1609332289,"path_taken":["M","M","M","M","M","E","$","R","T","M","?","?","R","?","R","BOSS","M","?","?","?","M","R","E","?","MIM"],"items_purchased_type":["Card","Card","Card"],"build_version":"2020-12-22","purchased_purges":0,"victory":false,"max_hp_per_floor":[75,75,75,75,75,75,75,75,75,75,75,75,75,75,75,75,75,75,75,75,75,75,75,75,75,75,75],"card_choices":[{"not_picked":["blademaster:ParryingStrike","blademaster:Stormstrike"],"picked":"blademaster:Safeguard","floor":1},{"not_picked":["blademaster:Stability","blademaster:AwakeningStrike"],"picked":"blademaster:Havoc","floor":2},{"not_picked":["blademaster:FuriousStrike","blademaster:AwakeningDefend"],"picked":"blademaster:AspectOfWind","floor":3},{"not_picked":["blademaster:CullingStrike","blademaster:Slice"],"picked":"blademaster:Momentum","floor":4},{"not_picked":["blademaster:ThunderSlash","blademaster:Overcharge"],"picked":"blademaster:AwakeningStrike","floor":5},{"not_picked":["blademaster:SharpBlades","blademaster:DeadlyDance"],"picked":"blademaster:Vortex","floor":6},{"not_picked":["blademaster:SlyStabs","blademaster:Overcharge"],"picked":"blademaster:DragonStrike","floor":10},{"not_picked":["blademaster:RagingBlow","blademaster:StanceMastery"],"picked":"blademaster:RollingTyphoon","floor":16},{"not_picked":["blademaster:DancingEdge","blademaster:Hailwind"],"picked":"blademaster:AspectOfLightning","floor":18},{"not_picked":["blademaster:Cut","blademaster:AspectOfWind"],"picked":"blademaster:CombatPrep","floor":22},{"not_picked":["blademaster:AwakeningDefend","blademaster:TraverseCut"],"picked":"blademaster:Reversal+1","floor":24}],"player_experience":753373,"relics_obtained":[{"floor":6,"key":"Replay:Bottled Steam"},{"floor":6,"key":"blademaster:ComboEveryTurnPerk"},{"floor":9,"key":"Bag of Preparation"},{"floor":12,"key":"Ring of Hypnosis"},{"floor":19,"key":"Enchiridion"},{"floor":24,"key":"Bronze Scales"},{"floor":24,"key":"blademaster:BonusFuryPerk"}],"event_choices":[{"damage_healed":0,"gold_gain":0,"player_choice":"Entered Light","damage_taken":15,"max_hp_gain":0,"max_hp_loss":0,"event_name":"Shining Light","floor":11,"gold_loss":0,"cards_upgraded":["blademaster:Strike","blademaster:Defend"]},{"cards_removed":["Looming Evil"],"damage_healed":0,"gold_gain":0,"player_choice":"Card Removal","damage_taken":0,"max_hp_gain":0,"max_hp_loss":0,"event_name":"The Cleric","floor":14,"gold_loss":50},{"damage_healed":0,"gold_gain":0,"player_choice":"Obtained Book","damage_taken":16,"max_hp_gain":0,"max_hp_loss":0,"event_name":"Cursed Tome","floor":19,"gold_loss":0},{"damage_healed":0,"gold_gain":0,"player_choice":"Ignored","damage_taken":0,"max_hp_gain":0,"max_hp_loss":0,"event_name":"Vampires","floor":20,"gold_loss":0},{"damage_healed":0,"gold_gain":100,"player_choice":"Pray","damage_taken":0,"max_hp_gain":0,"max_hp_loss":0,"event_name":"Golden Shrine","floor":25,"gold_loss":0}],"is_beta":false,"boss_relics":[{"not_picked":["Busted Crown","construct:ClawGrip"],"picked":"Fusion Hammer"}],"items_purged_floors":[],"is_endless":false,"potions_floor_spawned":[2,5,6],"killed_by":"Shelled Parasite and Fungi","ascension_level":0}}