{"host":"ecuvtzmejf7hhjpv","time":1609291480,"event":{"mods":["AchievementEnabler","Act Like it!","Aspiration","BaseMod","Better Altar","Better Match","Better Note","Better Sensory Stone","Better Skull","Better Third Choice","BetterRewards","Conspire","Custom Start","Gensokyo","GifTheSpireLib","Hallownest","Hermit","Hubris","Kratos Character Expansion","Marisa????????","Minty Spire (QoL Compilation)","Prisma Mod","Replay The Spire","Spicy Shops","StSLib","The Animator","The Blackbeard","The Bug Knight","The Forsaken","The Hierophant","The Jungle","The Necromancer","The Poker Player","The Wild Card"],"gold_per_floor":[112,129,129,54,54,54,4,55,55,99,122,163,163,201,232,280,280,282,282],"floor_reached":18,"playtime":567,"items_purged":[],"score":189,"play_id":"8ca116ef-a116-4a3f-86b4-69dd509b95bf","local_time":"20201229192440","is_ascension_mode":true,"campfire_choices":[{"data":"hierophant:ChurchCoffers","floor":9,"key":"SMITH"},{"floor":17,"key":"REST"}],"circlet_count":0,"master_deck":["hierophant:Strike_Hierophant","hierophant:Strike_Hierophant","hierophant:Strike_Hierophant","hierophant:Strike_Hierophant","hierophant:Punish","hierophant:Defend_Hierophant","hierophant:Defend_Hierophant","hierophant:Defend_Hierophant","hierophant:Defend_Hierophant","hierophant:ChurchCoffers+1","hierophant:FlamingChariot","hierophant:OrnateBuckler+1","hierophant:DisplayOfPower+1","conspire:SpireCoStock+1","hierophant:Glossolalia","hierophant:RustyCrate","hierophant:Doubloon","hierophant:Doubloon","hierophant:Doubloon","hierophant:Refuge"],"relics":["hierophant:PropheticMaskRelic","Juzu Bracelet","hubris:Towel","War Paint","HollowMod:StagPassRelic","hubris:OldNail","Replay:Bottled Steam","hubris:SlimyHat"],"acts_visited":["Exordium"],"potions_floor_usage":[16,16,18,18],"damage_taken":[{"damage":6,"enemies":"2 Louse","floor":1,"turns":2},{"damage":0,"enemies":"conspire:RoseBush","floor":2,"turns":2},{"damage":16,"enemies":"Replay:BlueRogue","floor":8,"turns":7},{"damage":17,"enemies":"3 Sentries","floor":10,"turns":11},{"damage":6,"enemies":"Replay:BlueRogue","floor":12,"turns":4},{"damage":1,"enemies":"Cultist","floor":14,"turns":3},{"damage":3,"enemies":"conspire:2 RoseBushes","floor":15,"turns":5},{"damage":7,"enemies":"Exordium Thugs","floor":16,"turns":4},{"damage":36,"enemies":"Hexaghost","floor":18,"turns":10}],"seed_played":"-2465651669800600856","potions_obtained":[{"floor":10,"key":"DistilledChaos"},{"floor":12,"key":"Reflective Coating"},{"floor":15,"key":"Adrenaline Potion"},{"floor":16,"key":"BlessingOfTheForge"}],"is_trial":false,"path_per_floor":["M","M","?","?","PTL","PTL","?","E","R","E","T","E","?","M","M","M","R","B"],"character_chosen":"HIEROPHANT","items_purchased":["Juzu Bracelet","hierophant:FlamingChariot"],"campfire_rested":1,"item_purchase_floors":[0,0],"current_hp_per_floor":[69,69,69,69,69,69,69,53,53,36,36,30,23,22,19,12,34,0,0],"gold":282,"neow_bonus":"","is_daily":false,"chose_seed":false,"campfire_upgraded":1,"win_rate":0.0,"timestamp":1609291480,"path_taken":["M","M","?","?","PTL","PTL","?","E","R","E","T","E","?","M","M","M","R","BOSS"],"items_purchased_type":["Relic","Card"],"build_version":"2020-12-22","purchased_purges":0,"victory":false,"max_hp_per_floor":[75,75,75,75,75,75,75,75,75,75,75,75,75,75,75,75,75,75,75],"card_choices":[{"not_picked":["hierophant:Remorse","hierophant:AuricBeam"],"picked":"hierophant:OrnateBuckler","floor":1},{"not_picked":["hierophant:PristineSoul","hierophant:Invocation","hierophant:AuricBeam"],"picked":"SKIP","floor":2},{"not_picked":["hierophant:Sermon+1","hierophant:SealAway+1"],"picked":"hierophant:DisplayOfPower+1","floor":4},{"not_picked":["hierophant:Doubloon","hierophant:ArchangelShield"],"picked":"hierophant:Glossolalia","floor":8},{"not_picked":["hierophant:Shelter","hierophant:MorningPrayer","hierophant:Sermon"],"picked":"SKIP","floor":10},{"not_picked":["hierophant:FlamingChariot","hierophant:Chorus","hierophant:CursedGold"],"picked":"SKIP","floor":12},{"not_picked":["hierophant:Charity","hierophant:PassingBell","hierophant:Repentance"],"picked":"SKIP","floor":14},{"not_picked":["hierophant:SolarFlare","hierophant:FlamingChariot"],"picked":"hierophant:RustyCrate","floor":15},{"not_picked":["hierophant:Patience","hierophant:PassingBell"],"picked":"hierophant:Refuge","floor":16}],"player_experience":915248,"relics_obtained":[{"floor":8,"key":"War Paint"},{"floor":10,"key":"HollowMod:StagPassRelic"},{"floor":11,"key":"hubris:OldNail"},{"floor":12,"key":"Replay:Bottled Steam"}],"event_choices":[{"damage_healed":0,"gold_gain":0,"player_choice":"2","damage_taken":0,"max_hp_gain":0,"max_hp_loss":0,"event_name":"betterMatch:BetterMatch","floor":4,"gold_loss":0,"cards_obtained":["betterMatch:CommonCard"]},{"damage_healed":0,"gold_gain":0,"player_choice":"Invest 1","damage_taken":0,"max_hp_gain":0,"max_hp_loss":0,"event_name":"conspire:Investor","floor":7,"gold_loss":0},{"damage_healed":0,"gold_gain":1,"player_choice":"Relic ","damage_taken":7,"max_hp_gain":0,"max_hp_loss":0,"event_name":"betterThird:BetterScrap","floor":13,"gold_loss":0,"cards_obtained":["WaveOfTheHand"]}],"is_beta":false,"boss_relics":[],"items_purged_floors":[],"is_endless":false,"potions_floor_spawned":[10,12,15,16],"killed_by":"Hexaghost","ascension_level":1}}