{"host":"i0s8vbixp24k5aul","time":1609346657,"event":{"mods":["2.2 Compatiblity","Act Like it!","Aspiration","BaseMod","Better Note","Better Third Choice","Better Vampires","BetterUpgradePreview","Colorless Booster Pack","Dota2Spire","GifTheSpireLib","Halation","Hermit","Hubris","Jedi Mod","Minty Spire (QoL Compilation)","Optimize The Spire","StSLib","The Animator","vexMod","??????REMEMod"],"gold_per_floor":[110,28,28,48,48,48,60,60,86,22,48,58,58,58,58,186,186,198,218,218,218],"floor_reached":20,"playtime":730,"items_purged":[],"score":197,"play_id":"a7589293-db37-4adf-ae32-2f577821df24","local_time":"20201230194417","is_ascension_mode":false,"campfire_choices":[{"data":"hermit:HighCaliber","floor":6,"key":"SMITH"},{"data":"hermit:WideOpen","floor":8,"key":"SMITH"},{"data":"hermit:Midnight","floor":15,"key":"SMITH"}],"circlet_count":0,"master_deck":["hermit:Strike_Hermit","hermit:Strike_Hermit","hermit:Strike_Hermit","hermit:Strike_Hermit","hermit:Defend_Hermit","hermit:Defend_Hermit","hermit:Defend_Hermit","hermit:Defend_Hermit","hermit:Snapshot","hermit:Covet","jedi:LeechingStrike","hermit:HighCaliber+1","hermit:WideOpen+1","hermit:Midnight+1","hermit:TakeAim","hermit:GhostlyPresence","hubris:NaturalOne","hermit:Purgatory","hermit:CursedWeapon+1","hermit:Glare+1"],"relics":["hermit:Momento","REME_ComplimentaryCards","Du-Vu Doll","halation:LostSnail","hubris:Icosahedron","The Courier","Orichalcum","halation:AfternoonTea","aspiration:HatOfInfinitePower","vexMod:NewClearReactor"],"acts_visited":["Exordium","TheCity"],"potions_floor_usage":[16,16,16],"damage_taken":[{"damage":1,"enemies":"Cultist","floor":1,"turns":3},{"damage":2,"enemies":"2 Louse","floor":4,"turns":3},{"damage":6,"enemies":"Jaw Worm","floor":7,"turns":3},{"damage":0,"enemies":"Gremlin Nob","floor":11,"turns":2},{"damage":6,"enemies":"Blue Slaver","floor":12,"turns":4},{"damage":65,"enemies":"Slime Boss","floor":16,"turns":12},{"damage":36,"enemies":"3 Byrds","floor":18,"turns":4},{"damage":30,"enemies":"Shell Parasite","floor":19,"turns":4},{"damage":26,"enemies":"Snake Plant","floor":20,"turns":2}],"seed_played":"-6122321540550668763","potions_obtained":[{"floor":4,"key":"LiquidMemories"},{"floor":7,"key":"REME_GoldPotion"},{"floor":11,"key":"Dota2Spire:Clarity"},{"floor":18,"key":"DuplicationPotion"}],"is_trial":false,"path_per_floor":["M","$","?","M","T","R","M","R","T","?","E","M","$","?","R","B",null,"M","M","M"],"character_chosen":"HERMIT","items_purchased":["halation:LostSnail"],"campfire_rested":0,"item_purchase_floors":[2],"current_hp_per_floor":[74,74,74,72,72,72,71,71,71,71,75,71,71,71,71,10,75,40,17,0,0],"gold":218,"neow_bonus":"ONE_RARE_RELIC","is_daily":false,"chose_seed":false,"campfire_upgraded":3,"win_rate":0.0,"timestamp":1609346657,"path_taken":["M","?","?","M","?","R","M","R","T","?","E","?","?","?","R","BOSS","M","M","?"],"items_purchased_type":["Relic"],"build_version":"2020-12-22","purchased_purges":0,"victory":false,"max_hp_per_floor":[75,75,75,75,75,75,75,75,75,75,75,75,75,75,75,75,75,75,75,75,75],"card_choices":[{"not_picked":["hermit:HoleUp","hermit:Dive"],"picked":"hermit:HighCaliber","floor":1},{"not_picked":["hermit:Quickdraw","hermit:Misfire"],"picked":"hermit:WideOpen","floor":4},{"not_picked":["hermit:Feint","hermit:BodyArmor"],"picked":"hermit:Midnight","floor":7},{"not_picked":["hermit:Grudge","hermit:LoneWolf"],"picked":"hermit:TakeAim","floor":11},{"not_picked":["hermit:OverwhelmingPower","hermit:Vantage"],"picked":"hermit:GhostlyPresence","floor":12},{"not_picked":["hermit:HighNoon","hermit:Adapt"],"picked":"hermit:Purgatory","floor":16},{"not_picked":["hermit:Horror","hermit:Malice"],"picked":"hermit:CursedWeapon+1","floor":18},{"not_picked":["hermit:EyeOfTheStorm","hermit:Snipe"],"picked":"hermit:Glare+1","floor":19}],"player_experience":744563,"relics_obtained":[{"floor":5,"key":"The Courier"},{"floor":9,"key":"Orichalcum"},{"floor":11,"key":"aspiration:HatOfInfinitePower"}],"event_choices":[{"damage_healed":0,"gold_gain":0,"player_choice":"Paid Gold","damage_taken":0,"relics_obtained":["halation:AfternoonTea"],"max_hp_gain":0,"max_hp_loss":0,"event_name":"WeMeetAgain","floor":10,"gold_loss":64},{"cards_removed":["hubris:Gluttony"],"damage_healed":0,"gold_gain":0,"player_choice":"Purged","damage_taken":0,"max_hp_gain":0,"max_hp_loss":0,"event_name":"Purifier","floor":14,"gold_loss":0}],"is_beta":false,"boss_relics":[{"not_picked":["vexMod:FluxCapacitor","vexMod:TanglingVine"],"picked":"vexMod:NewClearReactor"}],"items_purged_floors":[],"is_endless":false,"potions_floor_spawned":[4,7,11,18],"killed_by":"Snake Plant","ascension_level":0}}