{"host":"m6aaltr68g9tvoay","time":1609301646,"event":{"mods":["AchievementEnabler","BaseMod","Colored Map","Minty Spire (QoL Compilation)","StSLib"],"gold_per_floor":[118,130,130,87,102,102,102,102,102,102,114,114,114,164,164,236,236,246,160,176,46,56,56,73,73,73,73,84,84,101,136,136,136,136],"floor_reached":33,"playtime":1002,"items_purged":[],"score":485,"play_id":"0af68a2c-c5ee-44e3-8b58-74c44cb137da","local_time":"20201229201406","is_ascension_mode":true,"campfire_choices":[{"data":"Spot Weakness","floor":6,"key":"SMITH"},{"data":"Carnage","floor":8,"key":"SMITH"},{"data":"Sever Soul","floor":10,"key":"SMITH"},{"data":"Sword Boomerang","floor":13,"key":"SMITH"},{"floor":15,"key":"REST"},{"floor":23,"key":"REST"},{"floor":25,"key":"REST"},{"floor":27,"key":"REST"},{"floor":32,"key":"REST"}],"circlet_count":0,"master_deck":["AscendersBane","Strike_R","Strike_R","Strike_R","Strike_R","Defend_R","Defend_R","Defend_R","Defend_R","Bash+1","Carnage+1","Sever Soul+1","Heavy Blade","Spot Weakness+1","Sword Boomerang+1","Feed","Clothesline+1","Pummel","Infernal Blade","Intimidate","Rampage+1","Feed","Armaments+1"],"relics":["Burning Blood","Sundial","InkBottle","Art of War","Mark of Pain","White Beast Statue","Question Card"],"acts_visited":["Exordium","TheCity"],"potions_floor_usage":[20,20,22,28,30],"damage_taken":[{"damage":7,"enemies":"Jaw Worm","floor":1,"turns":3},{"damage":12,"enemies":"Small Slimes","floor":2,"turns":4},{"damage":3,"enemies":"2 Louse","floor":5,"turns":2},{"damage":34,"enemies":"Lots of Slimes","floor":11,"turns":5},{"damage":28,"enemies":"The Guardian","floor":16,"turns":9},{"damage":11,"enemies":"Spheric Guardian","floor":18,"turns":3},{"damage":20,"enemies":"3 Byrds","floor":20,"turns":7},{"damage":30,"enemies":"3 Cultists","floor":22,"turns":5},{"damage":22,"enemies":"Centurion and Healer","floor":24,"turns":5},{"damage":27,"enemies":"Snake Plant","floor":28,"turns":4},{"damage":49,"enemies":"Chosen and Byrds","floor":30,"turns":6},{"damage":51,"enemies":"Slavers","floor":31,"turns":5},{"damage":51,"enemies":"Automaton","floor":33,"turns":4}],"seed_played":"2557674205753843773","potions_obtained":[{"floor":1,"key":"Dexterity Potion"},{"floor":11,"key":"Weak Potion"},{"floor":16,"key":"PowerPotion"},{"floor":20,"key":"FairyPotion"},{"floor":24,"key":"ColorlessPotion"},{"floor":28,"key":"BloodPotion"},{"floor":30,"key":"BlessingOfTheForge"},{"floor":31,"key":"Ancient Potion"}],"is_trial":false,"path_per_floor":["M","M","?","$","M","R","T","R","T","R","M","?","R","T","R","B",null,"M","$","M","$","M","R","M","R","T","R","M","?","M","E","R","B"],"character_chosen":"IRONCLAD","items_purchased":["Spot Weakness","Pummel","Block Potion","Infernal Blade"],"campfire_rested":5,"item_purchase_floors":[4,19,21,21],"current_hp_per_floor":[67,61,61,61,64,64,64,64,64,64,36,36,36,36,58,36,65,60,60,49,49,25,48,35,59,59,81,60,60,36,20,46,0,0],"gold":136,"neow_bonus":"UPGRADE_CARD","is_daily":false,"chose_seed":false,"campfire_upgraded":4,"win_rate":0.0,"timestamp":1609301646,"path_taken":["M","M","?","$","M","R","?","R","T","R","M","?","R","?","R","BOSS","M","$","M","$","?","R","M","R","T","R","M","?","M","E","R","BOSS"],"items_purchased_type":["Card","Card","Potion","Card"],"build_version":"2020-12-22","purchased_purges":0,"victory":false,"max_hp_per_floor":[75,75,75,75,75,75,75,75,75,75,75,75,75,75,75,75,75,75,75,78,78,78,78,81,81,81,81,81,81,84,87,87,87,87],"card_choices":[{"not_picked":["Thunderclap","Iron Wave"],"picked":"Carnage","floor":1},{"not_picked":["Burning Pact","Warcry"],"picked":"Sever Soul","floor":2},{"not_picked":["Heavy Blade","Havoc","Metallicize"],"picked":"SKIP","floor":5},{"not_picked":["Blood for Blood","Wild Strike"],"picked":"Sword Boomerang","floor":11},{"not_picked":["Berserk","Offering"],"picked":"Feed","floor":16},{"not_picked":["Sword Boomerang","Iron Wave"],"picked":"Clothesline+1","floor":18},{"not_picked":["Armaments","Thunderclap","Second Wind"],"picked":"SKIP","floor":20},{"not_picked":["Clash","Twin Strike"],"picked":"Intimidate","floor":22},{"not_picked":["Perfected Strike+1","Twin Strike"],"picked":"Rampage+1","floor":24},{"not_picked":["Blood for Blood+1","Body Slam","Dual Wield"],"picked":"SKIP","floor":28},{"not_picked":["Warcry","Pommel Strike+1","Body Slam"],"picked":"SKIP","floor":30},{"not_picked":["Rampage","Dark Embrace"],"picked":"Armaments+1","floor":31}],"player_experience":1317909,"relics_obtained":[{"floor":7,"key":"Sundial"},{"floor":9,"key":"InkBottle"},{"floor":14,"key":"Art of War"},{"floor":26,"key":"White Beast Statue"},{"floor":31,"key":"Question Card"}],"event_choices":[{"damage_healed":0,"gold_gain":0,"cards_transformed":["Strike_R"],"player_choice":"Change","damage_taken":0,"max_hp_gain":0,"max_hp_loss":0,"event_name":"Living Wall","floor":3,"gold_loss":0,"cards_obtained":["Heavy Blade"]},{"damage_healed":0,"gold_gain":0,"player_choice":"Ignored","damage_taken":0,"max_hp_gain":0,"max_hp_loss":0,"event_name":"Shining Light","floor":12,"gold_loss":0},{"damage_healed":0,"gold_gain":0,"player_choice":"Copied","damage_taken":0,"max_hp_gain":0,"max_hp_loss":0,"event_name":"Duplicator","floor":29,"gold_loss":0,"cards_obtained":["Feed"]}],"is_beta":false,"boss_relics":[{"not_picked":["Fusion Hammer","Busted Crown"],"picked":"Mark of Pain"}],"items_purged_floors":[],"is_endless":false,"potions_floor_spawned":[1,11,16,20,24,28,30,31],"killed_by":"Automaton","ascension_level":18}}