{"host":"9b7hrp48q3pna783","time":1609358381,"event":{"mods":["BaseMod","Colored Map","Colored Powertips","Highlight Path","Minty Spire (QoL Compilation)","Relic Stats"],"gold_per_floor":[118,133,83,93,111,131,131,151,229,247,258,293,312,339,339,339,339],"floor_reached":16,"playtime":1306,"items_purged":[],"score":118,"play_id":"75f4293d-1836-4ee1-b801-3bd2fc966efa","local_time":"20201230145941","is_ascension_mode":false,"campfire_choices":[{"data":"White Noise","floor":7,"key":"SMITH"},{"data":"Chaos","floor":15,"key":"SMITH"}],"circlet_count":0,"master_deck":["Strike_B","Strike_B","Strike_B","Defend_B","Defend_B","Defend_B","Defend_B","Zap","Dualcast","Loop","Fusion","Cold Snap","White Noise+1","Conserve Battery","Double Energy","Chaos+1","Electrodynamics"],"relics":["Cracked Core","Meat on the Bone","White Beast Statue","Gambling Chip"],"acts_visited":["Exordium"],"potions_floor_usage":[6,6,11,14,14,14,16,16,16],"damage_taken":[{"damage":0,"enemies":"Small Slimes","floor":1,"turns":3},{"damage":0,"enemies":"2 Louse","floor":2,"turns":3},{"damage":10,"enemies":"Jaw Worm","floor":4,"turns":4},{"damage":12,"enemies":"Large Slime","floor":5,"turns":6},{"damage":11,"enemies":"Exordium Thugs","floor":6,"turns":5},{"damage":3,"enemies":"Looter","floor":8,"turns":4},{"damage":5,"enemies":"Blue Slaver","floor":10,"turns":4},{"damage":0,"enemies":"2 Fungi Beasts","floor":11,"turns":2},{"damage":2,"enemies":"3 Sentries","floor":12,"turns":8},{"damage":32,"enemies":"Large Slime","floor":13,"turns":9},{"damage":16,"enemies":"Gremlin Nob","floor":14,"turns":4},{"damage":30,"enemies":"Slime Boss","floor":16,"turns":5}],"seed_played":"-5690158641152105068","potions_obtained":[{"floor":2,"key":"SpeedPotion"},{"floor":5,"key":"SkillPotion"},{"floor":6,"key":"Explosive Potion"},{"floor":12,"key":"Dexterity Potion"},{"floor":13,"key":"EntropicBrew"},{"floor":14,"key":"ColorlessPotion"}],"is_trial":false,"path_per_floor":["M","M","?","M","M","M","R","M","T","M","M","E","M","E","R","B"],"character_chosen":"DEFECT","items_purchased":[],"campfire_rested":0,"item_purchase_floors":[],"current_hp_per_floor":[82,82,82,72,60,49,49,46,46,53,53,51,31,27,27,0,0],"gold":339,"neow_bonus":"TEN_PERCENT_HP_BONUS","is_daily":false,"chose_seed":false,"campfire_upgraded":2,"win_rate":0.0,"timestamp":1609358381,"path_taken":["M","M","?","M","M","M","R","M","T","M","M","E","M","E","R","BOSS"],"items_purchased_type":[],"build_version":"2020-12-22","purchased_purges":0,"victory":false,"max_hp_per_floor":[82,82,82,82,82,82,82,82,82,82,82,82,82,82,82,82,82],"relic_stats":{"counters":[12,57],"Gambling Chip":[0],"obtain_stats":[{"Gambling Chip":14,"Cracked Core":0,"White Beast Statue":12,"Meat on the Bone":9},{"Gambling Chip":11,"Cracked Core":0,"White Beast Statue":9,"Meat on the Bone":6},{"Gambling Chip":52,"Cracked Core":0,"White Beast Statue":39,"Meat on the Bone":25}],"Meat on the Bone":36},"card_choices":[{"not_picked":["Redo","Cold Snap"],"picked":"Loop","floor":1},{"not_picked":["Self Repair","Blizzard"],"picked":"Fusion","floor":2},{"not_picked":["Steam","Fusion"],"picked":"Cold Snap","floor":4},{"not_picked":["Stack","Streamline"],"picked":"White Noise","floor":5},{"not_picked":["Go for the Eyes","Stack","Steam"],"picked":"SKIP","floor":6},{"not_picked":["Stack","Steam","Echo Form"],"picked":"SKIP","floor":8},{"not_picked":["Cold Snap","Compile Driver","Sweeping Beam"],"picked":"SKIP","floor":10},{"not_picked":["Undo","Steam Power"],"picked":"Conserve Battery","floor":11},{"not_picked":["Machine Learning","Melter"],"picked":"Double Energy","floor":12},{"not_picked":["Hologram","Darkness"],"picked":"Chaos","floor":13},{"not_picked":["Leap","Genetic Algorithm"],"picked":"Electrodynamics","floor":14}],"player_experience":49404,"relics_obtained":[{"floor":9,"key":"Meat on the Bone"},{"floor":12,"key":"White Beast Statue"},{"floor":14,"key":"Gambling Chip"}],"event_choices":[{"cards_removed":["Strike_B"],"damage_healed":0,"gold_gain":0,"player_choice":"Card Removal","damage_taken":0,"max_hp_gain":0,"max_hp_loss":0,"event_name":"The Cleric","floor":3,"gold_loss":50}],"is_beta":false,"boss_relics":[],"items_purged_floors":[],"is_endless":false,"potions_floor_spawned":[2,5,6,12,13,14],"killed_by":"Slime Boss","ascension_level":0}}