{"host":"gkh5j5k5w4qf7k7n","time":1609333214,"event":{"mods":["2.2 Compatiblity","AchievementEnabler","BaseMod","Colored Map","Colored Powertips","GifTheSpireLib","Keyboard Shortcuts","Minty Spire (QoL Compilation)","Quick Restart","StSLib","SuperFastMode","The Construct","The Problem Sleuth","¡¼?Úª?ø«¡½REMEMod"],"gold_per_floor":[119,294,151,151,163,194,194,228,253,270,23,54,54,54,54,155,155,175,175,193,193,68,68,101,127,127,127,139,168,168,178,178,273,273,293,303,81,96,96,96,107,107,131,131,141,141,159,159,159,159,159,159,64,90,90],"floor_reached":56,"playtime":2053,"items_purged":["Doubt","construct:Strike_Gold","construct:Dampening","construct:AttackMode"],"score":1735,"play_id":"5ee38a58-4f49-45cb-a162-9dd2d68657c6","local_time":"20201230220014","is_ascension_mode":true,"campfire_choices":[{"data":"construct:ReactiveShield","floor":7.0,"key":"SMITH"},{"data":"construct:GuardCore","floor":13.0,"key":"SMITH"},{"data":"construct:GuardCore+1","floor":15.0,"key":"SMITH"},{"data":"construct:BatteryCore","floor":23.0,"key":"SMITH"},{"floor":27.0,"key":"REST"},{"data":"construct:SuppressiveFire+1","floor":30.0,"key":"SMITH"},{"floor":32.0,"key":"REST"},{"data":"construct:HardReboot","floor":40.0,"key":"SMITH"},{"data":"construct:HardReboot+1","floor":42.0,"key":"SMITH"},{"floor":44.0,"key":"RECALL"},{"data":"construct:Construct_Overclock","floor":49.0,"key":"SMITH"},{"data":"construct:Construct_Overclock+1","floor":52.0,"key":"SMITH"}],"circlet_count":0,"master_deck":["AscendersBane","construct:Defend_Gold+1","construct:Defend_Gold+1","construct:Defend_Gold","construct:DefenseMode","construct:HardReboot+2","construct:GuardCore+2","construct:ShiftGuard","construct:ReactiveShield+1","construct:PointDefense","construct:BatteryCore+1","construct:SuppressiveFire+2","construct:Reinforce","construct:Enhance","construct:Reinforce+1","construct:PointDefense+1","construct:Construct_Overclock+2","Deep Breath","construct:Disrupt+1"],"relics":["construct:ClockworkPhoenix","construct:Challenge1","REME_ComplimentaryCards","NeowsBlessing","MealTicket","InkBottle","Medical Kit","Molten Egg 2","Empty Cage","War Paint","Mercury Hourglass","Red Mask","Bottled Flame","Akabeko","Busted Crown","Whetstone","Orichalcum"],"acts_visited":["Exordium","TheCity","TheBeyond","TheEnding"],"potions_floor_usage":[55],"damage_taken":[{"damage":0.0,"enemies":"Small Slimes","floor":1.0,"turns":1.0},{"damage":0.0,"enemies":"2 Louse","floor":5.0,"turns":1.0},{"damage":0.0,"enemies":"Gremlin Nob","floor":6.0,"turns":1.0},{"damage":0.0,"enemies":"Lagavulin","floor":8.0,"turns":13.0},{"damage":0.0,"enemies":"Cultist","floor":10.0,"turns":5.0},{"damage":31.0,"enemies":"Gremlin Nob","floor":12.0,"turns":4.0},{"damage":13.0,"enemies":"The Guardian","floor":16.0,"turns":8.0},{"damage":29.0,"enemies":"2 Thieves","floor":18.0,"turns":5.0},{"damage":5.0,"enemies":"Chosen","floor":20.0,"turns":5.0},{"damage":21.0,"enemies":"Slavers","floor":24.0,"turns":7.0},{"damage":16.0,"enemies":"Masked Bandits","floor":25.0,"turns":4.0},{"damage":13.0,"enemies":"Snecko","floor":28.0,"turns":5.0},{"damage":9.0,"enemies":"Book of Stabbing","floor":29.0,"turns":6.0},{"damage":3.0,"enemies":"Sentry and Sphere","floor":31.0,"turns":5.0},{"damage":14.0,"enemies":"Collector","floor":33.0,"turns":8.0},{"damage":0.0,"enemies":"3 Darklings","floor":35.0,"turns":5.0},{"damage":0.0,"enemies":"Orb Walker","floor":36.0,"turns":5.0},{"damage":13.0,"enemies":"Jaw Worm Horde","floor":38.0,"turns":4.0},{"damage":0.0,"enemies":"Spire Growth","floor":41.0,"turns":5.0},{"damage":0.0,"enemies":"Sphere and 2 Shapes","floor":45.0,"turns":4.0},{"damage":0.0,"enemies":"3 Darklings","floor":47.0,"turns":4.0},{"damage":37.0,"enemies":"Awakened One","floor":50.0,"turns":10.0},{"damage":4.0,"enemies":"Shield and Spear","floor":54.0,"turns":5.0},{"damage":23,"enemies":"The Heart","floor":55,"turns":8}],"seed_played":"-8847702803645076618","potions_obtained":[{"floor":1.0,"key":"AttackPotion"},{"floor":4.0,"key":"ColorlessPotion"},{"floor":10.0,"key":"PowerPotion"},{"floor":16.0,"key":"SpeedPotion"},{"floor":18.0,"key":"Block Potion"},{"floor":20.0,"key":"Energy Potion"},{"floor":25.0,"key":"construct:ShiftPotion"},{"floor":29.0,"key":"Dexterity Potion"},{"floor":36.0,"key":"Fire Potion"},{"floor":41.0,"key":"Ancient Potion"},{"floor":54.0,"key":"DistilledChaos"}],"is_trial":false,"path_per_floor":["M","?","$","?","M","E","R","E","T","M","$","E","R","?","R","B",null,"M","?","M","?","$","R","E","?","T","R","M","E","R","M","R","B",null,"M","M","$","M","?","R","M","R","T","R","M","?","M","$","R","B",null,"R","$","E","B",null],"character_chosen":"THE_CONSTRUCT_MOD","items_purchased":["construct:ShiftGuard","Medical Kit","construct:Construct_Overclock","Deep Breath"],"campfire_rested":2,"item_purchase_floors":[3,11,37,53],"current_hp_per_floor":[77,77,77,77,77,77,77,77,77,77,85,54,54,47,47,34,72,43,43,38,38,53,53,32,16,16,41,28,19,19,16,41,27,71,71,71,85,72,72,72,72,72,72,72,72,72,72,85,85,48,76,76,85,81,58],"gold":90,"neow_bonus":"THREE_ENEMY_KILL","is_daily":false,"chose_seed":false,"campfire_upgraded":9,"win_rate":0.0,"timestamp":1609333214,"path_taken":["M","?","$","?","?","E","R","E","T","M","$","E","R","?","R","BOSS","M","?","?","?","$","R","E","?","T","R","M","E","R","M","R","BOSS","M","M","$","M","?","R","?","R","T","R","M","?","M","?","R","BOSS","R","$","E","BOSS"],"items_purchased_type":["Card","Relic","Card","Card"],"build_version":"2020-12-22","purchased_purges":4,"victory":true,"max_hp_per_floor":[85,85,85,85,85,85,85,85,85,85,85,85,85,85,85,85,85,85,85,85,85,85,85,85,85,85,85,85,85,85,85,85,85,85,85,85,85,85,85,85,85,85,85,85,85,85,85,85,85,85,85,85,85,85,85],"card_choices":[{"not_picked":["construct:Reinforce","construct:Autoturret"],"picked":"construct:GuardCore","floor":1.0},{"not_picked":["construct:HeavyBolt","construct:Construct_Overclock"],"picked":"construct:ReactiveShield","floor":5.0},{"not_picked":["construct:HeavyBolt","construct:Versatility","construct:FocusedBeam"],"picked":"SKIP","floor":6.0},{"not_picked":["construct:Backup","construct:ClusterMines","construct:ForceCore"],"picked":"SKIP","floor":8.0},{"not_picked":["construct:ModeShift","construct:FierceBash"],"picked":"construct:PointDefense","floor":10.0},{"not_picked":["construct:ScrapCannon+1","construct:Bunker","construct:Dampening"],"picked":"SKIP","floor":12.0},{"not_picked":["construct:HastyRepair","construct:LongRangeLance"],"picked":"construct:BatteryCore","floor":16.0},{"not_picked":["construct:VentSteam","construct:Zapper+1","construct:Reinforce"],"picked":"SKIP","floor":18.0},{"not_picked":["construct:Accumulate+1","construct:HardReboot"],"picked":"construct:SuppressiveFire+1","floor":20.0},{"not_picked":["construct:CripplingShot+1","construct:Backfire+1","construct:Boost+1"],"picked":"SKIP","floor":24.0},{"not_picked":["construct:LaserCore","construct:HeavyBolt+1"],"picked":"construct:Enhance","floor":25.0},{"not_picked":["construct:OneWayMirror","construct:ShiftGuard","construct:Analyze"],"picked":"SKIP","floor":28.0},{"not_picked":["construct:Chainstrike+1","construct:ScrapCannon+1"],"picked":"construct:Reinforce+1","floor":29.0},{"not_picked":["construct:ModeShift+1","construct:FocusedBeam+1","construct:Boost+1"],"picked":"SKIP","floor":31.0},{"not_picked":["construct:SyphonStrike+1"],"picked":"SKIP","floor":35.0},{"not_picked":[],"picked":"construct:PointDefense+1","floor":36.0},{"not_picked":["construct:OneWayMirror"],"picked":"SKIP","floor":38.0},{"not_picked":["construct:Reinforce+1"],"picked":"SKIP","floor":41.0},{"not_picked":["construct:Autoturret"],"picked":"SKIP","floor":45.0},{"not_picked":["construct:Autoturret"],"picked":"SKIP","floor":45.0},{"not_picked":["construct:SuppressiveFire+1"],"picked":"SKIP","floor":47.0},{"not_picked":[],"picked":"construct:Disrupt+1","floor":54.0}],"player_experience":940282,"relics_obtained":[{"floor":6.0,"key":"MealTicket"},{"floor":8.0,"key":"InkBottle"},{"floor":12.0,"key":"Molten Egg 2"},{"floor":24.0,"key":"Mercury Hourglass"},{"floor":25.0,"key":"Red Mask"},{"floor":26.0,"key":"Bottled Flame"},{"floor":29.0,"key":"Akabeko"},{"floor":43.0,"key":"Whetstone"},{"floor":54.0,"key":"Orichalcum"}],"event_choices":[{"damage_healed":0.0,"max_hp_gain":0.0,"max_hp_loss":0.0,"gold_gain":175.0,"event_name":"Liars Game","player_choice":"AGREE","floor":2.0,"gold_loss":0.0,"damage_taken":0.0,"cards_obtained":["Doubt"]},{"damage_healed":0.0,"max_hp_gain":0.0,"max_hp_loss":0.0,"gold_gain":0.0,"event_name":"Lab","player_choice":"Got Potions","floor":4.0,"gold_loss":0.0,"damage_taken":0.0},{"cards_removed":["construct:Strike_Gold"],"damage_healed":0.0,"max_hp_gain":0.0,"max_hp_loss":0.0,"gold_gain":0.0,"event_name":"Golden Wing","player_choice":"Card Removal","floor":14.0,"gold_loss":0.0,"damage_taken":7.0},{"damage_healed":0.0,"max_hp_gain":0.0,"max_hp_loss":0.0,"gold_gain":0.0,"event_name":"WeMeetAgain","player_choice":"Gave Potion","floor":19.0,"gold_loss":0.0,"damage_taken":0.0,"relics_obtained":["War Paint"]},{"damage_healed":0.0,"max_hp_gain":0.0,"max_hp_loss":0.0,"gold_gain":0.0,"cards_transformed":["construct:Strike_Gold","construct:Defend_Gold"],"event_name":"Drug Dealer","player_choice":"Became Test Subject","floor":21.0,"gold_loss":0.0,"damage_taken":0.0,"cards_obtained":["construct:Dampening","construct:Reinforce"]},{"damage_healed":0.0,"max_hp_gain":0.0,"max_hp_loss":0.0,"gold_gain":0.0,"event_name":"Masked Bandits","player_choice":"Fought Bandits","floor":25.0,"gold_loss":0.0,"damage_taken":0.0},{"cards_removed":["construct:Defend_Gold"],"damage_healed":0.0,"max_hp_gain":0.0,"max_hp_loss":0.0,"gold_gain":0.0,"event_name":"Purifier","player_choice":"Purged","floor":39.0,"gold_loss":0.0,"damage_taken":0.0},{"damage_healed":0.0,"max_hp_gain":0.0,"max_hp_loss":0.0,"gold_gain":0.0,"event_name":"SecretPortal","player_choice":"Ignored","floor":46.0,"gold_loss":0.0,"damage_taken":0.0}],"is_beta":false,"boss_relics":[{"not_picked":["construct:WeddingRing","REME_DemonsWealth"],"picked":"Empty Cage"},{"not_picked":["Snecko Eye","theSleuth:AffinityCrow"],"picked":"Busted Crown"}],"items_purged_floors":[3,11,22,37],"is_endless":false,"potions_floor_spawned":[1,10,16,18,20,25,29,36,41,54],"ascension_level":11}}