{"host":"h1l2j95f0ioyx0nx","time":1609305167,"event":{"mods":["AchievementEnabler","BaseMod","BetterRewards","Gold Saver","Minty Spire (QoL Compilation)","Quick Restart","Replay The Spire","Shop Mod","Spicy Shops","StSLib","The Cursed","The Dragon Tamer","The Hierophant","The Poker Player","The Runesmith"],"gold_per_floor":[867,867,867,915,958,958,1002,1002,1002,214,232,268,268,268,27,51,51,130,130,137,137,143,167,199,199,199],"floor_reached":25,"playtime":2864,"items_purged":["hierophant:Strike_Hierophant"],"score":151,"play_id":"23ca9346-4131-423c-a787-afe5fe4bbfb0","local_time":"20201230141247","is_ascension_mode":false,"campfire_choices":[{"floor":6,"key":"RECALL"},{"floor":8,"key":"REST"},{"floor":17,"key":"REST"}],"circlet_count":0,"master_deck":["hierophant:Strike_Hierophant","hierophant:Strike_Hierophant","hierophant:Punish","hierophant:Defend_Hierophant","hierophant:Defend_Hierophant","hierophant:Defend_Hierophant+1","hierophant:Defend_Hierophant+1","hierophant:ChurchCoffers","hierophant:RustyCrate","hierophant:Doubloon","hierophant:Doubloon","hierophant:Doubloon+1","hierophant:Sermon","hierophant:Repentance","hierophant:Chorus","hierophant:Encroach","Replay:Sssssssssshield","hierophant:Community","hierophant:OrnateJavelin","hierophant:Zeal","hierophant:Batter","hierophant:OrnateBuckler+1","hierophant:DisplayOfPower","hierophant:Determination"],"relics":["hierophant:PropheticMaskRelic","Shuriken","Potion Belt","MerchantsRug","Cauldron","ReplayTheSpireMod:Lightbulb","Unceasing Top","Toxic Egg 2","Velvet Choker","Smiling Mask"],"acts_visited":["Exordium","TheCity"],"potions_floor_usage":[11,12,12,18],"damage_taken":[{"damage":1,"enemies":"Cultist","floor":1,"turns":4},{"damage":0,"enemies":"Small Slimes","floor":4,"turns":3},{"damage":0,"enemies":"2 Louse","floor":7,"turns":2},{"damage":72,"enemies":"Lagavulin","floor":11,"turns":18},{"damage":11,"enemies":"Exordium Wildlife","floor":12,"turns":9},{"damage":1,"enemies":"Blue Slaver","floor":16,"turns":3},{"damage":28,"enemies":"Slime Boss","floor":18,"turns":16},{"damage":11,"enemies":"Chosen","floor":20,"turns":7},{"damage":20,"enemies":"2 Thieves","floor":22,"turns":4},{"damage":14,"enemies":"Sentry and Sphere","floor":24,"turns":4},{"damage":39,"enemies":"Replay:Snechameleon","floor":25,"turns":5}],"seed_played":"-2500629029201963196","potions_obtained":[{"floor":4,"key":"SkillPotion"},{"floor":10,"key":"Dexterity Potion"},{"floor":10,"key":"Regen Potion"},{"floor":10,"key":"Death Potion"},{"floor":10,"key":"Toxic Potion"},{"floor":10,"key":"CultistPotion"},{"floor":11,"key":"Fire Potion"},{"floor":12,"key":"Block Potion"},{"floor":24,"key":"FearPotion"}],"is_trial":false,"path_per_floor":["M","?","?","M","?","R","M","R","T","$","E","M","PTL","PTL","$","M","R","B",null,"M","?","M","T","M","E"],"character_chosen":"HIEROPHANT","items_purchased":["Potion Belt","MerchantsRug","Cauldron","FairyPotion","Replay:Sssssssssshield","ReplayTheSpireMod:Lightbulb","Toxic Egg 2"],"campfire_rested":2,"item_purchase_floors":[10,10,10,10,10,10,15],"current_hp_per_floor":[81,81,65,65,33,33,33,57,57,57,12,16,16,16,16,15,39,11,82,71,71,51,51,37,0,0],"gold":199,"neow_bonus":"TEN_PERCENT_HP_BONUS","is_daily":false,"chose_seed":false,"campfire_upgraded":0,"win_rate":0.0,"timestamp":1609305167,"path_taken":["M","?","?","M","?","R","M","R","T","$","E","M","PTL","PTL","$","?","R","BOSS","M","?","M","?","?","E"],"items_purchased_type":["Relic","Relic","Relic","Potion","Card","Relic","Relic"],"build_version":"2020-12-22","purchased_purges":1,"victory":false,"max_hp_per_floor":[82,82,82,82,82,82,82,82,82,82,82,82,82,82,82,82,82,82,82,82,82,82,82,82,82,82],"card_choices":[{"not_picked":["hierophant:Zeal","hierophant:RepressedViolence"],"picked":"hierophant:RustyCrate","floor":1},{"not_picked":["hierophant:CoinFling","hierophant:OrnateBuckler"],"picked":"hierophant:Sermon","floor":4},{"not_picked":["hierophant:Levitation","hierophant:AuricBeam"],"picked":"hierophant:Repentance","floor":5},{"not_picked":["hierophant:CursedGold","hierophant:Flagellation"],"picked":"hierophant:Chorus","floor":5},{"not_picked":["hierophant:Remorse","hierophant:RustyCrate"],"picked":"hierophant:Encroach","floor":7},{"not_picked":["hierophant:AuricBeam","hierophant:SealAway"],"picked":"hierophant:Community","floor":11},{"not_picked":["hierophant:PassingBell","hierophant:Doubloon"],"picked":"hierophant:OrnateJavelin","floor":12},{"not_picked":["hierophant:SealAway","hierophant:HolyVerse+1"],"picked":"hierophant:Zeal","floor":16},{"not_picked":["hierophant:DivineIntervention+1","hierophant:Anathema"],"picked":"hierophant:Batter","floor":18},{"not_picked":["hierophant:Zeal","hierophant:Sermon+1"],"picked":"hierophant:OrnateBuckler+1","floor":20},{"not_picked":["hierophant:Zeal","hierophant:RustyCrate+1"],"picked":"hierophant:DisplayOfPower","floor":22},{"not_picked":["hierophant:Zeal","hierophant:AuricBeam"],"picked":"hierophant:Determination","floor":24}],"player_experience":106042,"relics_obtained":[{"floor":5,"key":"Shuriken"},{"floor":11,"key":"Unceasing Top"},{"floor":23,"key":"Smiling Mask"}],"event_choices":[{"damage_healed":0,"gold_gain":0,"player_choice":"Entered Light","damage_taken":16,"max_hp_gain":0,"max_hp_loss":0,"event_name":"Shining Light","floor":3,"gold_loss":0,"cards_upgraded":["hierophant:Defend_Hierophant","hierophant:Defend_Hierophant"]},{"damage_healed":0,"gold_gain":0,"player_choice":"Ignored","damage_taken":0,"max_hp_gain":0,"max_hp_loss":0,"event_name":"Ghosts","floor":21,"gold_loss":0}],"is_beta":false,"boss_relics":[{"not_picked":["Coffee Dripper","Busted Crown"],"picked":"Velvet Choker"}],"items_purged_floors":[10],"is_endless":false,"potions_floor_spawned":[4,11,12,24],"killed_by":"Replay:Snechameleon","ascension_level":0}}