{"host":"f5ezd1v29dtbwkzo","time":1609351672,"event":{"mods":["2.2 Compatiblity","BaseMod","Hermit","Hubris","Infinite Spire","Minty Spire (QoL Compilation)","Rare Cards Sparkle","Replay The Spire","StSLib"],"gold_per_floor":[116,130,130,80,100,100,118,146,170,48,67,95,152,118,118,223,223,236,236,256,267,278,305,305,305,305,305,318,232,262,262,262,357,357,368,368,368,0,0,0,17,47,47,47,65,76,76,110,110,110,110],"floor_reached":50,"playtime":3027,"items_purged":[],"score":700,"play_id":"c47d113c-9196-458e-9368-e3cc87607e79","local_time":"20201230210752","is_ascension_mode":false,"campfire_choices":[{"floor":6,"key":"RECALL"},{"data":"True Grit","floor":15,"key":"SMITH"},{"data":"Armaments","floor":25,"key":"SMITH"},{"data":"Searing Blow","floor":27,"key":"SMITH"},{"data":"hubris:SharpeningStone","floor":40,"key":"SMITH"},{"floor":47,"key":"REST"},{"floor":49,"key":"REST"}],"circlet_count":0,"master_deck":["Bludgeon+1","Strike_R","Strike_R","Strike_R","Defend_R","Defend_R","Defend_R","Bash+1","Thunderclap+1","Searing Blow+1","True Grit+1","Hemokinesis","Wild Strike","Sadistic Nature+1","Shrug It Off","Thunderclap+1","hubris:StunningStrike","hubris:ReadiedAction+1","Armaments+1","Thunderclap+1","Impervious","hubris:Insight","Impervious","CurseOfTheBell","Burning Pact","hubris:SharpeningStone+1","Clothesline+1","Thunderclap+1","Second Wind"],"relics":["Burning Blood","hubris:Icosahedron","Blue Doll","Tiny Chest","infinitespire:PuzzleCube","Letter Opener","hubris:GrandSneckoEye","Champion Belt","hubris:PeanutButter","hubris:Metronome","Frozen Egg 2","Replay:Grab Bag","Electric Blood","Busted Crown","Calling Bell","infinitespire:Burning Sword","Replay:Baseball","hubris:BottledRain","Calipers","Red Mask","Strawberry","Replay:Bottled Eggs","Bird Faced Urn","SlaversCollar","Dream Catcher"],"acts_visited":["Exordium","TheCity","TheBeyond"],"potions_floor_usage":[16,30,33,33,45,48,50,50,50,50],"damage_taken":[{"damage":0,"enemies":"2 Louse","floor":1,"turns":2},{"damage":1,"enemies":"Jaw Worm","floor":2,"turns":3},{"damage":5,"enemies":"Small Slimes","floor":5,"turns":2},{"damage":12,"enemies":"3 Louse","floor":7,"turns":4},{"damage":2,"enemies":"Gremlin Nob","floor":8,"turns":2},{"damage":15,"enemies":"Gremlin Gang","floor":11,"turns":3},{"damage":13,"enemies":"Replay:BlueRogue","floor":12,"turns":4},{"damage":7,"enemies":"Exordium Wildlife","floor":14,"turns":4},{"damage":6,"enemies":"Fading Forest","floor":16,"turns":11},{"damage":12,"enemies":"2 Thieves","floor":18,"turns":3},{"damage":0,"enemies":"Chosen","floor":20,"turns":4},{"damage":6,"enemies":"Centurion and Healer","floor":21,"turns":5},{"damage":6,"enemies":"3 Cultists","floor":22,"turns":3},{"damage":12,"enemies":"Replay:Snechameleon","floor":23,"turns":4},{"damage":0,"enemies":"Cultist and Chosen","floor":28,"turns":3},{"damage":6,"enemies":"Book of Stabbing","floor":30,"turns":3},{"damage":23,"enemies":"Champ","floor":33,"turns":9},{"damage":0,"enemies":"3 Shapes","floor":35,"turns":2},{"damage":0,"enemies":"3 Darklings","floor":41,"turns":1},{"damage":37,"enemies":"Nemesis","floor":42,"turns":6},{"damage":20,"enemies":"Maw","floor":45,"turns":5},{"damage":10,"enemies":"Transient","floor":46,"turns":5},{"damage":25,"enemies":"Giant Head","floor":48,"turns":6},{"damage":84,"enemies":"Replay:Hell Engine","floor":50,"turns":8}],"seed_played":"573224301273058972","potions_obtained":[{"floor":7,"key":"Swift Potion"},{"floor":8,"key":"DistilledChaos"},{"floor":11,"key":"ColorlessPotion"},{"floor":13,"key":"PowerPotion"},{"floor":16,"key":"AttackPotion"},{"floor":18,"key":"Block Potion"},{"floor":30,"key":"SpeedPotion"},{"floor":33,"key":"SkillPotion"},{"floor":48,"key":"BlessingOfTheForge"}],"is_trial":false,"path_per_floor":["M","M","?","?","M","R","M","E","T","$","M","E","?","M","R","B",null,"M","?","M","M","M","E","T","R","T","R","M","$","E","?","R","B",null,"M","?","T","?","?","R","M","E","T","AVR","M","M","R","E","R","B"],"character_chosen":"IRONCLAD","items_purchased":["Sadistic Nature+1","hubris:Insight"],"campfire_rested":2,"item_purchase_floors":[10,29],"current_hp_per_floor":[80,80,80,80,80,80,74,78,78,78,69,62,62,61,61,71,80,74,74,80,80,80,74,74,74,74,74,80,80,80,80,80,63,80,80,80,80,80,80,80,80,56,56,56,44,42,68,53,79,0,0],"gold":110,"neow_bonus":"UPGRADE_CARD","is_daily":false,"chose_seed":false,"campfire_upgraded":4,"win_rate":0.0,"timestamp":1609351672,"path_taken":["M","M","?","?","M","R","M","E","T","$","M","E","?","M","R","BOSS","M","?","?","M","M","E","?","R","T","R","M","?","E","?","R","BOSS","M","?","?","?","?","R","?","E","T","AVR","M","M","R","E","R","BOSS"],"items_purchased_type":["Card","Card"],"build_version":"2020-12-22","purchased_purges":0,"victory":false,"max_hp_per_floor":[80,80,80,80,80,80,80,80,80,80,80,80,80,80,80,80,80,80,80,80,80,80,80,80,80,80,80,80,80,80,80,80,80,80,80,80,80,80,80,80,80,87,87,87,87,87,87,87,87,87,87],"card_choices":[{"not_picked":["Clash","Sword Boomerang"],"picked":"Thunderclap","floor":1},{"not_picked":["Twin Strike","Havoc"],"picked":"Searing Blow","floor":2},{"not_picked":["Rampage","Heavy Blade"],"picked":"True Grit","floor":5},{"not_picked":["Shockwave","Clothesline"],"picked":"Hemokinesis","floor":7},{"not_picked":["Intimidate","ReplayTheSpireMod:Corrosion Curse"],"picked":"Wild Strike","floor":8},{"not_picked":["Anger","Twin Strike","Perfected Strike"],"picked":"SKIP","floor":11},{"not_picked":["Bludgeon","Clothesline"],"picked":"Run Through","floor":12},{"not_picked":["Pommel Strike","Evolve"],"picked":"Shrug It Off","floor":13},{"not_picked":["Blood for Blood","Clothesline"],"picked":"Thunderclap","floor":14},{"not_picked":["Corruption","Hemogenesis"],"picked":"hubris:StunningStrike","floor":16},{"not_picked":["Metallicize","Dual Wield+1"],"picked":"hubris:ReadiedAction+1","floor":18},{"not_picked":["Headbutt","Entrench","Flex"],"picked":"SKIP","floor":20},{"not_picked":["Disarm","Body Slam"],"picked":"Thunderclap+1","floor":21},{"not_picked":["Pommel Strike","Havoc+1","Flex"],"picked":"SKIP","floor":22},{"not_picked":["Cleave+1","Life Link"],"picked":"Impervious","floor":23},{"not_picked":["Headbutt","Cleave","Iron Wave"],"picked":"SKIP","floor":28},{"not_picked":["Havoc+1","True Grit","hubris:StunningStrike"],"picked":"SKIP","floor":30},{"not_picked":[],"picked":"Burning Pact","floor":35},{"not_picked":["Defy Death+1"],"picked":"SKIP","floor":41},{"not_picked":["infinitespire:OneForAll"],"picked":"SKIP","floor":42},{"not_picked":[],"picked":"Clothesline+1","floor":45},{"not_picked":[],"picked":"Thunderclap+1","floor":46},{"not_picked":[],"picked":"Second Wind","floor":48}],"player_experience":328616,"relics_obtained":[{"floor":8,"key":"Blue Doll"},{"floor":9,"key":"Tiny Chest"},{"floor":12,"key":"infinitespire:PuzzleCube"},{"floor":13,"key":"Letter Opener"},{"floor":23,"key":"Champion Belt"},{"floor":24,"key":"hubris:PeanutButter"},{"floor":26,"key":"hubris:Metronome"},{"floor":30,"key":"Frozen Egg 2"},{"floor":34,"key":"Replay:Baseball"},{"floor":34,"key":"hubris:BottledRain"},{"floor":34,"key":"Calipers"},{"floor":42,"key":"Strawberry"},{"floor":43,"key":"Replay:Bottled Eggs"},{"floor":48,"key":"Dream Catcher"}],"event_choices":[{"cards_removed":["Strike_R"],"damage_healed":0,"gold_gain":0,"player_choice":"Card Removal","damage_taken":0,"max_hp_gain":0,"max_hp_loss":0,"event_name":"The Cleric","floor":4,"gold_loss":50},{"damage_healed":0,"gold_gain":0,"player_choice":"Read","damage_taken":0,"max_hp_gain":0,"max_hp_loss":0,"event_name":"The Library","floor":19,"gold_loss":0,"cards_obtained":["Armaments"]},{"damage_healed":0,"gold_gain":0,"player_choice":"1 cards matched","damage_taken":0,"max_hp_gain":0,"max_hp_loss":0,"event_name":"Match and Keep!","floor":31,"gold_loss":0,"cards_obtained":["Impervious"]},{"cards_removed":["Strike_R"],"damage_healed":0,"gold_gain":0,"player_choice":"Purged","damage_taken":0,"max_hp_gain":0,"max_hp_loss":0,"event_name":"Purifier","floor":32,"gold_loss":0},{"cards_removed":["Defend_R"],"damage_healed":0,"gold_gain":0,"player_choice":"Purged","damage_taken":0,"max_hp_gain":0,"max_hp_loss":0,"event_name":"Purifier","floor":36,"gold_loss":0},{"damage_healed":0,"gold_gain":0,"player_choice":"Paid","damage_taken":0,"relics_obtained":["Red Mask"],"max_hp_gain":0,"max_hp_loss":0,"event_name":"Tomb of Lord Red Mask","floor":38,"gold_loss":368},{"damage_healed":0,"gold_gain":0,"cards_transformed":["Run Through"],"player_choice":"Transformed","damage_taken":0,"max_hp_gain":0,"max_hp_loss":0,"event_name":"Transmorgrifier","floor":39,"gold_loss":0,"cards_obtained":["hubris:SharpeningStone"]}],"is_beta":false,"boss_relics":[{"not_picked":["ReplayTheSpireMod:SealedPack","Philosopher\u0027s Stone"],"picked":"hubris:GrandSneckoEye"},{"not_picked":["Ring of Chaos","Fusion Hammer"],"picked":"Replay:Grab Bag"},{"not_picked":["hubris:CrackedHourglass","Ooze Armor"],"picked":"Electric Blood"},{"not_picked":["Coffee Dripper","hubris:TerracottaHorce"],"picked":"Busted Crown"},{"not_picked":["Replay:Drink Me","hubris:BlackHole"],"picked":"Calling Bell"},{"not_picked":["Runic Cube","Snecko Eye"],"picked":"infinitespire:Burning Sword"}],"items_purged_floors":[],"is_endless":false,"potions_floor_spawned":[7,8,11,16,18,21,30,33,48],"killed_by":"Replay:Hell Engine","ascension_level":0}}