{"host":"am0cr9xwekqmrere","time":1609360020,"event":{"mods":["AchievementEnabler","Act Like it!","BaseMod","Better Altar","Better Match","Better Note","Better Sensory Stone","Better Skull","Better Third Choice","BetterRewards","Conspire","Hubris","Infinite Spire","Minty Spire (QoL Compilation)","Rare Cards Sparkle","Spicy Shops","StSLib","The Marked","Unceasing Turn Reminder"],"gold_per_floor":[116,116,131,141,152,180,180,204,204,204,4,4,39,39,39,137,137,147,147,159,159,172,172,183,28,79,79,114,114,132,142,142,237,237,251,72,72,85,100,100,128,142,142,152,187,187,0,0,0,0,0,0,0,30,30],"floor_reached":56,"playtime":1784,"items_purged":[],"score":1535,"play_id":"1cbfeba9-9016-4f65-8128-4c2acaa92557","local_time":"20201230142700","is_ascension_mode":false,"campfire_choices":[{"floor":7,"key":"REST"},{"data":"conspire:Banana","floor":10,"key":"SMITH"},{"floor":15,"key":"REST"},{"data":"infinitespire:SevenWalls","floor":23,"key":"SMITH"},{"floor":27,"key":"RECALL"},{"floor":29,"key":"REST"},{"data":"theMarked:TakeCover","floor":32,"key":"SMITH"},{"data":"theMarked:MysticalArsenal","floor":40,"key":"SMITH"},{"floor":46,"key":"REST"},{"floor":49,"key":"REST"},{"data":"theMarked:SoldierForm","floor":52,"key":"SMITH"}],"circlet_count":0,"master_deck":["theMarked:Strike","theMarked:Strike","theMarked:Strike","theMarked:Strike","theMarked:Strike","theMarked:Defend","theMarked:Defend","theMarked:Defend","theMarked:Defend","theMarked:SoldierOfQuellstein","conspire:Banana+1","theMarked:ElectricStrings+1","theMarked:ParalyzingBlade","theMarked:ParalyzingBlade","theMarked:EmpowerWeapon","theMarked:TakeCover+1","theMarked:BanishingStrike","theMarked:MysticalArsenal+1","theMarked:SwordAndMagic+1","theMarked:SelfDefenseTraining","theMarked:Parry","theMarked:SoldierForm+1","theMarked:Abjuration+1","theMarked:BanishingStrike+1","infinitespire:SevenWalls+1","theMarked:WastefulDefense+1","theMarked:TwofoldDefense","theMarked:Aftermath","theMarked:WardOff","theMarked:EternalStudent+1","theMarked:SelfDefenseTraining+1","theMarked:Seal+1","theMarked:Parry","theMarked:ParalyzingBlade+1","theMarked:TwofoldDefense+1","theMarked:AttractMetal","theMarked:BanishingWave","theMarked:Vacuum","theMarked:ComboAttacks"],"relics":["theMarked:BronzeBlade","Orichalcum","Runic Dome","infinitespire:CursedDice","Odd Mushroom","StrikeDummy","Blood Vial","Pantograph","Bird Faced Urn","hubris:Backtick","TungstenRod","Gremlin Horn","Membership Card","Akabeko","theMarked:SpiritSword","Toy Ornithopter","Frozen Eye","Whetstone","theMarked:Gun","Centennial Puzzle","Bronze Scales","ClockworkSouvenir","infinitespire:EmpoweringShard"],"acts_visited":["Exordium","TheCity","TheBeyond","TheEnding"],"potions_floor_usage":[4,4,16,16,20,33,33,38,42,44,45,55],"damage_taken":[{"damage":0,"enemies":"2 Louse","floor":1,"turns":2},{"damage":0,"enemies":"Small Slimes","floor":3,"turns":3},{"damage":0,"enemies":"Cultist","floor":4,"turns":2},{"damage":0,"enemies":"Large Slime","floor":5,"turns":5},{"damage":14,"enemies":"Lagavulin","floor":6,"turns":5},{"damage":3,"enemies":"The Mushroom Lair","floor":8,"turns":3},{"damage":5,"enemies":"3 Sentries","floor":13,"turns":6},{"damage":35,"enemies":"Hexaghost","floor":16,"turns":8},{"damage":7,"enemies":"Shell Parasite","floor":18,"turns":5},{"damage":5,"enemies":"Chosen","floor":20,"turns":3},{"damage":15,"enemies":"Sentry and Sphere","floor":22,"turns":4},{"damage":2,"enemies":"Centurion and Healer","floor":24,"turns":4},{"damage":24,"enemies":"Slavers","floor":28,"turns":5},{"damage":10,"enemies":"Snake Plant","floor":30,"turns":3},{"damage":0,"enemies":"Snecko","floor":31,"turns":3},{"damage":12,"enemies":"Collector","floor":33,"turns":5},{"damage":41,"enemies":"3 Darklings","floor":35,"turns":5},{"damage":1,"enemies":"Orb Walker","floor":38,"turns":3},{"damage":0,"enemies":"Transient","floor":39,"turns":5},{"damage":43,"enemies":"Giant Head","floor":41,"turns":8},{"damage":9,"enemies":"Writhing Mass","floor":42,"turns":3},{"damage":0,"enemies":"Spire Growth","floor":44,"turns":4},{"damage":31,"enemies":"Reptomancer","floor":45,"turns":5},{"damage":99,"enemies":"conspire:OrnateMirror","floor":50,"turns":7},{"damage":44,"enemies":"Shield and Spear","floor":54,"turns":8},{"damage":134,"enemies":"The Heart","floor":55,"turns":12}],"seed_played":"-2610098562955651316","potions_obtained":[{"floor":1,"key":"Explosive Potion"},{"floor":3,"key":"Regen Potion"},{"floor":8,"key":"PowerPotion"},{"floor":13,"key":"BlessingOfTheForge"},{"floor":18,"key":"SkillPotion"},{"floor":28,"key":"Explosive Potion"},{"floor":31,"key":"Fire Potion"},{"floor":33,"key":"FairyPotion"},{"floor":41,"key":"DuplicationPotion"},{"floor":42,"key":"Regen Potion"},{"floor":44,"key":"AttackPotion"}],"is_trial":false,"path_per_floor":["M","?","M","M","M","E","R","?","T","R","$","?","E","$","R","B",null,"M","?","M","AVR","M","R","M","$","T","R","E","R","M","M","R","B",null,"M","$","?","M","M","R","E","M","T","M","E","R","$","?","R","B",null,"R","$","E","B",null],"character_chosen":"THE_DEFAULT","items_purchased":["Orichalcum","conspire:Banana","theMarked:MysticalArsenal","theMarked:SwordAndMagic","theMarked:SelfDefenseTraining","Membership Card","Toy Ornithopter","Frozen Eye","EssenceOfSteel","Block Potion","Bronze Scales","ClockworkSouvenir","theMarked:BanishingWave"],"campfire_rested":5,"item_purchase_floors":[0,0,11,11,11,25,36,36,36,36,47,47,47],"current_hp_per_floor":[63,63,64,70,71,58,75,73,73,73,73,43,42,42,65,45,80,75,75,76,76,65,65,69,69,69,69,53,79,77,85,85,84,94,57,57,57,65,69,69,34,36,36,54,34,65,65,65,96,9,108,108,108,68,32],"gold":30,"neow_bonus":"","is_daily":false,"chose_seed":false,"campfire_upgraded":5,"win_rate":0.0,"timestamp":1609360020,"path_taken":["M","?","M","M","M","E","R","?","T","R","$","?","E","$","R","BOSS","M","?","M","AVR","M","R","M","$","T","R","E","R","M","M","R","BOSS","M","$","?","M","M","R","E","?","T","M","E","R","$","?","R","BOSS","R","$","E","BOSS"],"items_purchased_type":["Relic","Card","Card","Card","Card","Relic","Relic","Relic","Potion","Potion","Relic","Relic","Card"],"build_version":"2020-12-22","purchased_purges":0,"victory":true,"max_hp_per_floor":[71,71,72,73,74,75,75,76,76,76,76,76,78,78,78,80,80,82,82,84,84,84,84,86,86,86,86,88,88,90,92,92,94,94,96,96,96,96,98,98,100,102,102,104,106,106,106,106,106,108,108,108,108,110,112],"card_choices":[{"not_picked":["theMarked:RepellingDischarge","theMarked:Standoff"],"picked":"theMarked:ElectricStrings","floor":1},{"not_picked":["theMarked:StartUp","theMarked:TwofoldDefense"],"picked":"theMarked:ParalyzingBlade","floor":3},{"not_picked":["theMarked:WastefulAttack","theMarked:TwofoldDefense"],"picked":"theMarked:ParalyzingBlade","floor":4},{"not_picked":["theMarked:WardOff","theMarked:AttractMetal"],"picked":"theMarked:EmpowerWeapon","floor":5},{"not_picked":["theMarked:PowerFlow","theMarked:ReduceFriction"],"picked":"theMarked:TakeCover","floor":6},{"not_picked":["theMarked:ChainLightning","theMarked:EmpowerWeapon"],"picked":"theMarked:BanishingStrike","floor":8},{"not_picked":["theMarked:Challenge","theMarked:Opportunist"],"picked":"theMarked:Parry","floor":13},{"not_picked":["theMarked:UnarmedFury","theMarked:ChannelForce"],"picked":"theMarked:SoldierForm","floor":16},{"not_picked":["theMarked:Frustration","theMarked:ResourceFulStrike","theMarked:Static"],"picked":"SKIP","floor":18},{"not_picked":["theMarked:HeightenedSenses","theMarked:RepellingDischarge+1"],"picked":"theMarked:BanishingStrike+1","floor":20},{"not_picked":["theMarked:Improvise","theMarked:EmpowerWeapon"],"picked":"theMarked:WastefulDefense+1","floor":22},{"not_picked":["theMarked:SuspiciousRaven","theMarked:Standoff"],"picked":"theMarked:TwofoldDefense","floor":24},{"not_picked":["theMarked:PowerFlow","theMarked:Improvise"],"picked":"theMarked:Aftermath","floor":28},{"not_picked":["theMarked:ElectricStrings","theMarked:Frustration","theMarked:Static+1"],"picked":"SKIP","floor":30},{"not_picked":["theMarked:GodGivenPower","theMarked:Panic"],"picked":"theMarked:WardOff","floor":31},{"not_picked":["theMarked:Challenge","theMarked:SoldierForm"],"picked":"theMarked:EternalStudent","floor":33},{"not_picked":["theMarked:ChainLightning","theMarked:TwofoldDefense"],"picked":"theMarked:SelfDefenseTraining+1","floor":35},{"not_picked":["theMarked:Static","theMarked:ResourceFulStrike"],"picked":"theMarked:Seal+1","floor":38},{"not_picked":["theMarked:Parkour+1","theMarked:Aftermath"],"picked":"theMarked:Parry","floor":39},{"not_picked":["theMarked:LightningStrikesTwice+1","theMarked:Parkour"],"picked":"theMarked:ParalyzingBlade+1","floor":41},{"not_picked":["theMarked:Panic","theMarked:Frustration"],"picked":"theMarked:TwofoldDefense+1","floor":42},{"not_picked":["theMarked:RepellingDischarge","theMarked:ElectricStrings+1"],"picked":"theMarked:AttractMetal","floor":44},{"not_picked":["theMarked:Overthink","theMarked:Improvise"],"picked":"theMarked:WastefulDefense","floor":45},{"not_picked":["theMarked:ElementalBlade+1","theMarked:ChainLightning+1"],"picked":"theMarked:ComboAttacks","floor":54}],"player_experience":2545984,"relics_obtained":[{"floor":6,"key":"infinitespire:CursedDice"},{"floor":8,"key":"Odd Mushroom"},{"floor":9,"key":"StrikeDummy"},{"floor":13,"key":"Bird Faced Urn"},{"floor":28,"key":"Akabeko"},{"floor":41,"key":"Whetstone"},{"floor":43,"key":"theMarked:Gun"},{"floor":45,"key":"Centennial Puzzle"},{"floor":54,"key":"infinitespire:EmpoweringShard"}],"event_choices":[{"damage_healed":0,"gold_gain":0,"player_choice":"Ignored","damage_taken":0,"max_hp_gain":0,"max_hp_loss":0,"event_name":"Golden Wing","floor":2,"gold_loss":0},{"damage_healed":0,"gold_gain":0,"player_choice":"Fought Mushrooms","damage_taken":0,"max_hp_gain":0,"max_hp_loss":0,"event_name":"Mushrooms","floor":8,"gold_loss":0},{"damage_healed":0,"gold_gain":1,"player_choice":"Relic Relic ","damage_taken":30,"max_hp_gain":0,"max_hp_loss":0,"event_name":"betterThird:BetterScrap","floor":12,"gold_loss":0,"cards_obtained":["Double Tap"]},{"cards_removed":["conspire:Banana"],"damage_healed":0,"gold_gain":0,"player_choice":"Take \u0026 Give","damage_taken":0,"max_hp_gain":0,"max_hp_loss":0,"event_name":"betterNote:BetterNote","floor":19,"gold_loss":0,"cards_obtained":["theMarked:Abjuration"]},{"damage_healed":0,"gold_gain":0,"player_choice":"Upgraded","damage_taken":0,"max_hp_gain":0,"max_hp_loss":0,"event_name":"Upgrade Shrine","floor":37,"gold_loss":0,"cards_upgraded":["theMarked:EternalStudent"]},{"damage_healed":0,"gold_gain":0,"cards_transformed":["theMarked:WastefulDefense"],"player_choice":"Transformed","damage_taken":0,"max_hp_gain":0,"max_hp_loss":0,"event_name":"Transmorgrifier","floor":48,"gold_loss":0,"cards_obtained":["theMarked:Vacuum"]}],"is_beta":false,"boss_relics":[{"not_picked":["SacredBark","conspire:RoyalGoblet"],"picked":"theMarked:BronzeBlade"},{"not_picked":["Philosopher\u0027s Stone","hubris:CrackedHourglass"],"picked":"theMarked:SpiritSword"}],"items_purged_floors":[],"is_endless":false,"potions_floor_spawned":[1,3,8,13,18,28,31,33,41,42,44],"ascension_level":0}}