{"host":"x205naxbihvu3p76","time":1609301057,"event":{"mods":["AchievementEnabler","BaseMod","Minty Spire (QoL Compilation)","StSLib","SuperFastMode"],"gold_per_floor":[109,120,120,120,132,132,167,183,183,183,81,96,96,123,123,196,196,209,18,30,46,46,46],"floor_reached":22,"playtime":352,"items_purged":["Strike_B"],"score":467,"play_id":"584e8162-4af8-4b30-abf6-bcfd4aca4eb3","local_time":"20201230130417","is_ascension_mode":true,"campfire_choices":[{"data":"Sunder","floor":6,"key":"SMITH"},{"data":"Zap","floor":10,"key":"SMITH"},{"floor":13,"key":"REST"},{"floor":15,"key":"REST"}],"circlet_count":0,"master_deck":["AscendersBane","Strike_B","Strike_B","Defend_B","Defend_B","Defend_B","Defend_B","Zap+1","Dualcast","Ball Lightning","Sunder+1","Sweeping Beam","Trip","Electrodynamics","Cold Snap","Defragment","Chill","Turbo"],"relics":["Cracked Core","Boot","Ancient Tea Set","Gremlin Horn","Torii","Inserter"],"acts_visited":["Exordium","TheCity"],"potions_floor_usage":[16],"damage_taken":[{"damage":2,"enemies":"Jaw Worm","floor":1,"turns":4},{"damage":1,"enemies":"Cultist","floor":2,"turns":3},{"damage":5,"enemies":"Small Slimes","floor":5,"turns":3},{"damage":10,"enemies":"3 Sentries","floor":7,"turns":5},{"damage":7,"enemies":"Exordium Thugs","floor":8,"turns":3},{"damage":4,"enemies":"Red Slaver","floor":12,"turns":3},{"damage":35,"enemies":"Lagavulin","floor":14,"turns":4},{"damage":0,"enemies":"Slime Boss","floor":16,"turns":4},{"damage":23,"enemies":"2 Thieves","floor":18,"turns":3},{"damage":11,"enemies":"Spheric Guardian","floor":20,"turns":5},{"damage":29,"enemies":"Snake Plant","floor":21,"turns":4},{"damage":30,"enemies":"Cultist and Chosen","floor":22,"turns":3}],"seed_played":"-1279992216777542137","potions_obtained":[{"floor":5,"key":"DuplicationPotion"},{"floor":7,"key":"CultistPotion"},{"floor":20,"key":"DuplicationPotion"}],"is_trial":false,"path_per_floor":["M","M","?","T","M","R","E","M","T","R","$","M","R","E","R","B",null,"M","$","M","M","M"],"character_chosen":"DEFECT","items_purchased":["Trip","Defragment","Chill"],"campfire_rested":2,"item_purchase_floors":[11,19,19],"current_hp_per_floor":[69,68,61,61,56,56,46,39,39,39,39,35,58,23,46,46,70,47,47,36,7,0,0],"gold":46,"neow_bonus":"TEN_PERCENT_HP_BONUS","is_daily":false,"chose_seed":false,"campfire_upgraded":2,"win_rate":0.0,"timestamp":1609301057,"path_taken":["M","M","?","?","M","R","E","M","T","R","$","M","R","E","R","BOSS","M","$","M","M","?"],"items_purchased_type":["Card","Card","Card"],"build_version":"2020-12-22","purchased_purges":1,"victory":false,"max_hp_per_floor":[78,78,78,78,78,78,78,78,78,78,78,78,78,78,78,78,78,78,78,78,78,78,78],"card_choices":[{"not_picked":["Tempest","Cold Snap"],"picked":"Ball Lightning","floor":1},{"not_picked":["Rebound","Melter","Reinforced Body"],"picked":"SKIP","floor":2},{"not_picked":["Sweeping Beam","Fission"],"picked":"Sunder","floor":5},{"not_picked":["Aggregate","FTL"],"picked":"Sweeping Beam","floor":7},{"not_picked":["Sweeping Beam","Coolheaded","BootSequence"],"picked":"SKIP","floor":8},{"not_picked":["Compile Driver","Redo","Conserve Battery"],"picked":"SKIP","floor":12},{"not_picked":["Rebound","Rainbow","Undo"],"picked":"SKIP","floor":14},{"not_picked":["Seek","Hyperbeam"],"picked":"Electrodynamics","floor":16},{"not_picked":["Leap","Doom and Gloom"],"picked":"Cold Snap","floor":18},{"not_picked":["Conserve Battery","Ball Lightning","Hologram"],"picked":"SKIP","floor":20},{"not_picked":["Recycle","Cold Snap"],"picked":"Turbo","floor":21}],"player_experience":938128,"relics_obtained":[{"floor":4,"key":"Boot"},{"floor":7,"key":"Ancient Tea Set"},{"floor":9,"key":"Gremlin Horn"},{"floor":14,"key":"Torii"}],"event_choices":[{"cards_removed":["Strike_B"],"damage_healed":0,"gold_gain":0,"player_choice":"Card Removal","damage_taken":7,"max_hp_gain":0,"max_hp_loss":0,"event_name":"Golden Wing","floor":3,"gold_loss":0}],"is_beta":false,"boss_relics":[{"not_picked":["Busted Crown","SacredBark"],"picked":"Inserter"}],"items_purged_floors":[19],"is_endless":false,"potions_floor_spawned":[5,7,12,20],"killed_by":"Cultist and Chosen","ascension_level":18}}