{"host":"sav7uxregyirlf69","time":1609295233,"event":{"mods":["AchievementEnabler","BaseMod","Colored Map","DeckTracker","Keyboard Shortcuts","Minty Spire (QoL Compilation)","READ ME - Guardian Mod","StSLib","SuperFastMode"],"gold_per_floor":[115,115,134,134,154,154,170,203,227,253,273,130,130,163,172,256,256,145,45,45,45,45],"floor_reached":21,"playtime":539,"items_purged":["Strike_G","Strike_G"],"score":374,"play_id":"11130f00-f8b8-4adf-aa5f-0c1d332f86da","local_time":"20201230112713","is_ascension_mode":true,"campfire_choices":[{"data":"Neutralize","floor":6,"key":"SMITH"},{"floor":15,"key":"REST"}],"circlet_count":0,"master_deck":["AscendersBane","Strike_G","Strike_G","Strike_G","Defend_G","Defend_G","Defend_G","Defend_G","Defend_G","Survivor","Neutralize+1","Reflex+1","Prepared","Backstab","Predator","Backflip","Noxious Fumes","Acrobatics","Grand Finale","Acrobatics+1"],"relics":["Ring of the Snake","CeramicFish","Dream Catcher","SlaversCollar","Nloth\u0027s Gift"],"acts_visited":["Exordium","TheCity"],"potions_floor_usage":[8,11,14,14,14,16,18],"damage_taken":[{"damage":0,"enemies":"2 Louse","floor":1,"turns":1},{"damage":0,"enemies":"Cultist","floor":3,"turns":1},{"damage":0,"enemies":"Jaw Worm","floor":5,"turns":1},{"damage":2,"enemies":"Red Slaver","floor":7,"turns":5},{"damage":39,"enemies":"3 Sentries","floor":8,"turns":15},{"damage":16,"enemies":"Gremlin Gang","floor":10,"turns":6},{"damage":1,"enemies":"Lots of Slimes","floor":11,"turns":4},{"damage":5,"enemies":"Lagavulin","floor":14,"turns":7},{"damage":16,"enemies":"The Guardian","floor":16,"turns":14},{"damage":32,"enemies":"2 Thieves","floor":18,"turns":5},{"damage":24,"enemies":"Spheric Guardian","floor":21,"turns":4}],"seed_played":"2226323583873867194","potions_obtained":[{"floor":1,"key":"Strength Potion"},{"floor":3,"key":"Dexterity Potion"},{"floor":11,"key":"Dexterity Potion"},{"floor":13,"key":"EntropicBrew"},{"floor":13,"key":"DuplicationPotion"},{"floor":16,"key":"SneckoOil"}],"is_trial":false,"path_per_floor":["M","?","M","?","M","R","M","E","T","M","M","$","?","E","R","B",null,"M","$","?","M"],"character_chosen":"THE_SILENT","items_purchased":["Noxious Fumes"],"campfire_rested":1,"item_purchase_floors":[12],"current_hp_per_floor":[59,64,64,64,64,64,62,23,23,7,6,6,6,1,22,6,55,23,23,23,0,0],"gold":45,"neow_bonus":"THREE_ENEMY_KILL","is_daily":false,"chose_seed":false,"campfire_upgraded":1,"win_rate":0.0,"timestamp":1609295233,"path_taken":["M","?","M","?","M","R","M","E","T","?","M","$","?","E","R","BOSS","M","$","?","M"],"items_purchased_type":["Card"],"build_version":"2020-12-22","purchased_purges":2,"victory":false,"max_hp_per_floor":[66,71,71,71,71,71,71,71,71,71,71,71,71,71,71,71,71,71,71,71,71,71],"card_choices":[{"not_picked":["Accuracy","Setup"],"picked":"Reflex","floor":1},{"not_picked":["Slice","Underhanded Strike"],"picked":"Prepared","floor":3},{"not_picked":["Slice","Deflect"],"picked":"Backstab","floor":5},{"not_picked":["Bouncing Flask","Concentrate"],"picked":"Predator","floor":7},{"not_picked":["Distraction","Dodge and Roll","Flying Knee"],"picked":"SKIP","floor":8},{"not_picked":["Sucker Punch","Riddle With Holes"],"picked":"Backflip","floor":10},{"not_picked":["Glass Knife","All Out Attack","Finisher"],"picked":"SKIP","floor":11},{"not_picked":["PiercingWail","Tools of the Trade","Underhanded Strike"],"picked":"SKIP","floor":14},{"not_picked":["Predator","Infinite Blades"],"picked":"Acrobatics","floor":15},{"not_picked":["Night Terror","Tools of the Trade"],"picked":"Grand Finale","floor":16},{"not_picked":["Flying Knee","Blade Dance+1"],"picked":"Acrobatics+1","floor":18}],"player_experience":1061047,"relics_obtained":[{"floor":8,"key":"CeramicFish"},{"floor":14,"key":"Dream Catcher"}],"event_choices":[{"damage_healed":0,"gold_gain":0,"player_choice":"Donut","damage_taken":0,"max_hp_gain":5,"max_hp_loss":0,"event_name":"Big Fish","floor":2,"gold_loss":0},{"damage_healed":0,"gold_gain":0,"player_choice":"Upgraded","damage_taken":0,"max_hp_gain":0,"max_hp_loss":0,"event_name":"Upgrade Shrine","floor":4,"gold_loss":0,"cards_upgraded":["Reflex"]},{"damage_healed":0,"gold_gain":0,"player_choice":"Got Potions","damage_taken":0,"max_hp_gain":0,"max_hp_loss":0,"event_name":"Lab","floor":13,"gold_loss":0},{"damage_healed":0,"gold_gain":0,"player_choice":"Traded Relic","damage_taken":0,"relics_obtained":["Nloth\u0027s Gift"],"max_hp_gain":0,"max_hp_loss":0,"event_name":"N\u0027loth","floor":20,"relics_lost":["NeowsBlessing"],"gold_loss":0}],"is_beta":false,"boss_relics":[{"not_picked":["Coffee Dripper","Runic Dome"],"picked":"SlaversCollar"}],"items_purged_floors":[12,19],"is_endless":false,"potions_floor_spawned":[1,3,11,16],"killed_by":"Spheric Guardian","ascension_level":20}}