{"host":"秋庭花开梦里香","time":1609334495,"event":{"mods":["BaseMod","Custom Start","DeckTracker","Minty Spire (QoL Compilation)","MostiFishMod","Relic Stats","Ryuuou龙王","Spicy Shops","StSLib"],"gold_per_floor":[119,119,130,80,92,92,127,127,127,141,176,176,208,222,222,323,323,336,261,278,278,290,325,325,359,383,424,424,467,486,501,501,614,614,614],"floor_reached":34,"playtime":1780,"items_purged":["Strike_G"],"score":1105,"play_id":"5f89ef43-bb1e-434f-ab7d-58680dda1e87","local_time":"20201230212135","is_ascension_mode":true,"campfire_choices":[{"data":"Blade Dance","floor":6,"key":"SMITH"},{"data":"Acrobatics","floor":8,"key":"SMITH"},{"data":"Reflex","floor":12,"key":"SMITH"},{"data":"MostiFishMod:Listen","floor":15,"key":"SMITH"},{"data":"Adrenaline","floor":24,"key":"SMITH"},{"data":"Wraith Form v2","floor":28,"key":"SMITH"},{"data":"Calculated Gamble","floor":32,"key":"SMITH"}],"circlet_count":0,"master_deck":["AscendersBane","Defend_G","Defend_G","Defend_G","Defend_G","Defend_G","Survivor","Neutralize","Blade Dance+1","Backflip","Acrobatics+1","Well Laid Plans","Reflex+1","MostiFishMod:Listen+1","Adrenaline+1","Leg Sweep+1","MostiFishMod:Confrontation+1","MostiFishMod:HiddenBlade+1","Wraith Form v2+1","Calculated Gamble+1","Footwork+1","MostiFishMod:VineMother"],"relics":["Ring of the Snake","DaveBox","TimeKeys","NeowsBlessing","SynthV:TestCard","FaceOfCleric","Du-Vu Doll","ImprovedEquipment","Regal Pillow","Ice Cream","Astrolabe","Enchiridion","CeramicFish","Happy Flower","Prayer Wheel","Blood Vial","xbg"],"acts_visited":["Exordium","TheCity","TheBeyond"],"potions_floor_usage":[],"damage_taken":[{"damage":0,"enemies":"Jaw Worm","floor":1,"turns":1},{"damage":0,"enemies":"Cultist","floor":3,"turns":1},{"damage":0,"enemies":"2 Louse","floor":5,"turns":1},{"damage":0,"enemies":"3 Sentries","floor":7,"turns":1},{"damage":4,"enemies":"Blue Slaver","floor":10,"turns":4},{"damage":0,"enemies":"Gremlin Nob","floor":11,"turns":2},{"damage":0,"enemies":"Lagavulin","floor":13,"turns":5},{"damage":0,"enemies":"Large Slime","floor":14,"turns":4},{"damage":0,"enemies":"The Guardian","floor":16,"turns":8},{"damage":0,"enemies":"Shell Parasite","floor":18,"turns":4},{"damage":0,"enemies":"3 Byrds","floor":20,"turns":2},{"damage":0,"enemies":"Sentry and Sphere","floor":22,"turns":4},{"damage":1,"enemies":"Book of Stabbing","floor":23,"turns":5},{"damage":0,"enemies":"Gremlin Leader","floor":25,"turns":6},{"damage":0,"enemies":"Slavers","floor":27,"turns":3},{"damage":1,"enemies":"Book of Stabbing","floor":29,"turns":6},{"damage":0,"enemies":"Centurion and Healer","floor":30,"turns":4},{"damage":0,"enemies":"Snecko","floor":31,"turns":6},{"damage":0,"enemies":"Automaton","floor":33,"turns":13}],"seed_played":"-7341960846848482591","potions_obtained":[{"floor":10,"key":"LiquidMemories"},{"floor":13,"key":"Weak Potion"},{"floor":14,"key":"BlessingOfTheForge"}],"is_trial":false,"path_per_floor":["M","?","M","?","M","R","E","R","T","M","E","R","E","M","R","B",null,"M","$","M","?","M","E","R","E","T","E","R","E","M","M","R","B",null],"character_chosen":"THE_SILENT","items_purchased":[],"campfire_rested":0,"item_purchase_floors":[],"current_hp_per_floor":[63,63,64,64,65,65,66,66,66,63,64,64,65,66,66,67,75,76,76,77,61,62,62,62,63,63,64,64,64,67,70,70,73,84,84],"gold":614,"neow_bonus":"THREE_ENEMY_KILL","is_daily":false,"chose_seed":false,"campfire_upgraded":7,"win_rate":0.0,"timestamp":1609334495,"path_taken":["M","?","?","?","M","R","E","R","T","M","E","R","E","M","R","BOSS","M","$","M","?","M","E","R","E","T","E","R","E","M","M","R","BOSS"],"items_purchased_type":[],"build_version":"2020-12-18","purchased_purges":1,"victory":false,"max_hp_per_floor":[70,70,71,71,72,72,73,73,73,74,75,75,76,77,77,78,78,79,79,80,80,81,82,82,83,83,84,84,85,86,87,87,88,88,88],"relic_stats":{"Blood Vial":6,"Regal Pillow":0,"FaceOfCleric":18,"Happy Flower":[10],"counters":[19,80],"Astrolabe":["Leg Sweep","MostiFishMod:Confrontation","MostiFishMod:HiddenBlade"],"CeramicFish":36,"Prayer Wheel":2,"obtain_stats":[{"Ice Cream":13,"Regal Pillow":11,"DaveBox":0,"NeowsBlessing":0,"Happy Flower":25,"TimeKeys":0,"ImprovedEquipment":9,"Astrolabe":17,"CeramicFish":23,"Enchiridion":21,"Du-Vu Doll":7,"Blood Vial":29,"SynthV:TestCard":1,"FaceOfCleric":2,"Prayer Wheel":27,"xbg":34,"Ring of the Snake":0},{"Ice Cream":7,"Regal Pillow":6,"DaveBox":0,"NeowsBlessing":0,"Happy Flower":14,"TimeKeys":0,"ImprovedEquipment":4,"Astrolabe":9,"CeramicFish":13,"Enchiridion":11,"Du-Vu Doll":4,"Blood Vial":16,"SynthV:TestCard":1,"FaceOfCleric":1,"Prayer Wheel":15,"xbg":19,"Ring of the Snake":0},{"Ice Cream":15,"Regal Pillow":10,"DaveBox":0,"NeowsBlessing":0,"Happy Flower":48,"TimeKeys":0,"ImprovedEquipment":4,"Astrolabe":27,"CeramicFish":42,"Enchiridion":33,"Du-Vu Doll":4,"Blood Vial":57,"SynthV:TestCard":1,"FaceOfCleric":1,"Prayer Wheel":51,"xbg":80,"Ring of the Snake":0}],"Ring of the Snake":[38]},"card_choices":[{"not_picked":["Bane","Infinite Blades"],"picked":"Blade Dance","floor":1},{"not_picked":["Riddle With Holes","Setup","Heel Hook","Flechettes"],"picked":"Backflip","floor":3},{"not_picked":["Sucker Punch","Deadly Poison","Expertise","Bane"],"picked":"Acrobatics","floor":5},{"not_picked":["Poisoned Stab","Flying Knee","Leg Sweep","Quick Slash","Concentrate"],"picked":"SKIP","floor":7},{"not_picked":["MostiFishMod:ThornCasing","Quick Slash","Outmaneuver","MostiFishMod:InvigoratingSolution"],"picked":"Well Laid Plans","floor":10},{"not_picked":["Finisher","Cloak And Dagger","Glass Knife","Accuracy"],"picked":"Reflex","floor":11},{"not_picked":["Underhanded Strike","Dodge and Roll","Backflip","Grand Finale"],"picked":"MostiFishMod:Listen","floor":13},{"not_picked":["Distraction","MostiFishMod:PerfectParry","Masterful Stab","Catalyst","Dagger Throw"],"picked":"SKIP","floor":14},{"not_picked":["MostiFishMod:HiddenBlade","Venomology","Envenom","MostiFishMod:Opportunism"],"picked":"Adrenaline","floor":16},{"not_picked":["Bane+1","Flying Knee+1","Dodge and Roll","Poisoned Stab","Escape Plan"],"picked":"SKIP","floor":18},{"not_picked":["Sucker Punch","Deadly Poison","Flying Knee","Eviscerate","Accuracy"],"picked":"SKIP","floor":20},{"not_picked":["Backflip","Eviscerate","MostiFishMod:PerfectParry","Dagger Throw","Poisoned Stab"],"picked":"SKIP","floor":22},{"not_picked":["Dagger Throw","Envenom","Expertise","Sucker Punch","MostiFishMod:PoisonShield"],"picked":"SKIP","floor":23},{"not_picked":["Dagger Throw","Envenom","Expertise","Sucker Punch","MostiFishMod:PoisonShield"],"picked":"SKIP","floor":23},{"not_picked":["Heel Hook+1","Backflip","Leg Sweep","Sucker Punch","Dagger Spray+1"],"picked":"SKIP","floor":25},{"not_picked":["Prepared","MostiFishMod:PerfectParry","Backflip","Expertise+1"],"picked":"Wraith Form v2","floor":27},{"not_picked":["Crippling Poison","Prepared","MostiFishMod:InvigoratingSolution","Dagger Throw"],"picked":"Calculated Gamble","floor":29},{"not_picked":["Slice","Poisoned Stab","Backflip+1","PiercingWail"],"picked":"Footwork+1","floor":30},{"not_picked":["Deadly Poison","Sucker Punch","Slice+1","Dagger Throw","Outmaneuver"],"picked":"SKIP","floor":30},{"not_picked":["Acrobatics","Poisoned Stab","Slice","Predator","Dagger Throw"],"picked":"SKIP","floor":31},{"not_picked":["Leg Sweep+1","Choke+1","Catalyst","Dodge and Roll","Dagger Spray"],"picked":"SKIP","floor":31},{"not_picked":["Venomology","MostiFishMod:AdrenalineArouse","MostiFishMod:HiddenBlade","MostiFishMod:Wind"],"picked":"MostiFishMod:VineMother","floor":33}],"player_experience":466270,"relics_obtained":[{"floor":1,"key":"SynthV:TestCard"},{"floor":7,"key":"Du-Vu Doll"},{"floor":9,"key":"ImprovedEquipment"},{"floor":11,"key":"Regal Pillow"},{"floor":13,"key":"Ice Cream"},{"floor":21,"key":"Enchiridion"},{"floor":23,"key":"CeramicFish"},{"floor":25,"key":"Happy Flower"},{"floor":27,"key":"Prayer Wheel"},{"floor":29,"key":"Blood Vial"}],"event_choices":[{"damage_healed":0,"gold_gain":0,"player_choice":"Trade","damage_taken":0,"relics_obtained":["FaceOfCleric"],"max_hp_gain":0,"max_hp_loss":0,"event_name":"FaceTrader","floor":2,"gold_loss":0},{"cards_removed":["Strike_G"],"damage_healed":0,"gold_gain":0,"player_choice":"Card Removal","damage_taken":0,"max_hp_gain":0,"max_hp_loss":0,"event_name":"The Cleric","floor":4,"gold_loss":50},{"damage_healed":0,"gold_gain":0,"player_choice":"Obtained Book","damage_taken":16,"max_hp_gain":0,"max_hp_loss":0,"event_name":"Cursed Tome","floor":21,"gold_loss":0}],"is_beta":true,"boss_relics":[{"not_picked":["SacredBark","SlaversCollar"],"picked":"Astrolabe"},{"not_picked":["NightmareShop","Fusion Hammer"],"picked":"xbg"}],"items_purged_floors":[19],"is_endless":false,"potions_floor_spawned":[10,13,14,16,25,27,30,31],"ascension_level":12}}