{"host":"j29osl8nelwi4hyu","time":1609316598,"event":{"mods":["BaseMod","Colored Powertips","Hubris","Infinite Spire","Minty Spire (QoL Compilation)","Replay The Spire","StSLib"],"gold_per_floor":[112,123,135,37,56,56,71,83,83,83,93,127,127,127,127,225,325,344,360,371,371,390,390,401,412,487,487,487,487,487],"floor_reached":29,"playtime":1083,"items_purged":[],"score":413,"play_id":"0fa7fb85-2977-4ec9-95ae-e25bdae96449","local_time":"20201230002318","is_ascension_mode":true,"campfire_choices":[{"data":"ReplayTheSpireMod:Omega Cannon","floor":6.0,"key":"SMITH"},{"data":"Creative AI","floor":10.0,"key":"SMITH"},{"floor":13.0,"key":"REST"},{"data":"Panacea","floor":15.0,"key":"SMITH"},{"floor":23.0,"key":"REST"},{"floor":28,"key":"REST"}],"circlet_count":0,"master_deck":["Strike_B+1","Strike_B","Strike_B","Strike_B+1","Defend_B","Defend_B","Defend_B","Defend_B","Zap","Dualcast","Creative AI+1","Lockon","Reinforced Body","Redo","Panacea+1","ReplayTheSpireMod:Omega Cannon+1","BootSequence","Go for the Eyes","Conserve Battery","ReplayTheSpireMod:System Scan","Biased Cognition","Cold Snap+1","Steam","Hyperbeam+1","Echo Form","Double Energy+1"],"relics":["Cracked Core","Whetstone","Mirror","Replay:Wanted Poster"],"acts_visited":["Exordium","TheCity"],"potions_floor_usage":[24],"damage_taken":[{"damage":2.0,"enemies":"Jaw Worm","floor":1.0,"turns":3.0},{"damage":1.0,"enemies":"Cultist","floor":2.0,"turns":4.0},{"damage":0.0,"enemies":"Small Slimes","floor":3.0,"turns":3.0},{"damage":24.0,"enemies":"3 Louse","floor":5.0,"turns":4.0},{"damage":3.0,"enemies":"Blue Slaver","floor":7.0,"turns":3.0},{"damage":0.0,"enemies":"2 Fungi Beasts","floor":8.0,"turns":2.0},{"damage":0.0,"enemies":"Gremlin Gang","floor":11.0,"turns":1.0},{"damage":0.0,"enemies":"3 Sentries","floor":12.0,"turns":3.0},{"damage":0.0,"enemies":"Fading Forest","floor":16.0,"turns":11.0},{"damage":0.0,"enemies":"2 Thieves","floor":18.0,"turns":2.0},{"damage":27.0,"enemies":"3 Byrds","floor":19.0,"turns":5.0},{"damage":33.0,"enemies":"Snecko","floor":20.0,"turns":6.0},{"damage":0.0,"enemies":"Centurion and Healer","floor":22.0,"turns":5.0},{"damage":27,"enemies":"Snake Plant","floor":24,"turns":5},{"damage":5,"enemies":"Chosen and Byrds","floor":25,"turns":4},{"damage":34,"enemies":"Nightmare","floor":29,"turns":6}],"seed_played":"2860633131132506226","potions_obtained":[{"floor":5.0,"key":"PotionOfCapacity"},{"floor":8.0,"key":"SteroidPotion"},{"floor":12.0,"key":"PowerPotion"},{"floor":14.0,"key":"Fruit Juice"},{"floor":14.0,"key":"SneckoOil"},{"floor":14.0,"key":"CultistPotion"},{"floor":16.0,"key":"FearPotion"},{"floor":18.0,"key":"DuplicationPotion"},{"floor":19.0,"key":"Dexterity Potion"}],"is_trial":false,"path_per_floor":["M","M","M","$","M","R","M","M","T","R","M","E","R","?","R","B",null,"M","M","M","?","M","R","M","M","T","?","R","NM"],"character_chosen":"DEFECT","items_purchased":["Panacea"],"campfire_rested":3,"item_purchase_floors":[4],"current_hp_per_floor":[66,65,65,65,41,41,38,38,38,38,38,38,60,65,65,73,78,78,51,18,18,18,42,15,10,10,10,34,0,0],"gold":487,"neow_bonus":"ONE_RANDOM_RARE_CARD","is_daily":false,"chose_seed":false,"campfire_upgraded":3,"win_rate":0.0,"timestamp":1609316598,"path_taken":["M","M","M","$","M","R","M","M","T","R","M","E","R","?","R","BOSS","M","M","?","?","M","R","M","M","T","?","R","NM"],"items_purchased_type":["Card"],"build_version":"2020-12-22","purchased_purges":0,"victory":false,"max_hp_per_floor":[75,75,75,75,75,75,75,75,75,75,75,75,75,80,80,80,80,80,80,80,80,80,80,80,80,80,80,80,80,80],"card_choices":[{"not_picked":["ReplayTheSpireMod:Reroute Power","Leap"],"picked":"Lockon","floor":1.0},{"not_picked":["Hologram","Panic Button"],"picked":"Reinforced Body","floor":2.0},{"not_picked":["hubris:PowerSurge","Rebound"],"picked":"Redo","floor":3.0},{"not_picked":["Streamline","ReplaySort"],"picked":"ReplayTheSpireMod:Omega Cannon","floor":5.0},{"not_picked":["Steam","Go for the Eyes"],"picked":"BootSequence","floor":7.0},{"not_picked":["Force Field","Steam Power"],"picked":"Go for the Eyes","floor":8.0},{"not_picked":["Streamline","ReplaySolidLightProjector"],"picked":"Conserve Battery","floor":11.0},{"not_picked":["Scrape","Rebound"],"picked":"ReplayTheSpireMod:System Scan","floor":12.0},{"not_picked":["Amplify","hubris:SpecializedCircuitry"],"picked":"Biased Cognition","floor":16.0},{"not_picked":["Rebound+1","Steam"],"picked":"Cold Snap+1","floor":18.0},{"not_picked":["Rebound+1","Gash"],"picked":"Steam","floor":19.0},{"not_picked":["BasicCrystalCard","Stack+1"],"picked":"Hyperbeam","floor":20.0},{"not_picked":["ReplayGash+1","Barrage","Aggregate"],"picked":"SKIP","floor":22.0},{"not_picked":["Hologram","Capacitor"],"picked":"Echo Form","floor":24},{"not_picked":["Beam Cell","Doom and Gloom"],"picked":"Double Energy+1","floor":25}],"player_experience":297092,"relics_obtained":[{"floor":9.0,"key":"Whetstone"},{"floor":12.0,"key":"Mirror"}],"event_choices":[{"damage_healed":0.0,"max_hp_gain":0.0,"max_hp_loss":0.0,"gold_gain":0.0,"event_name":"Lab","player_choice":"Got Potions","floor":14.0,"gold_loss":0.0,"damage_taken":0.0},{"damage_healed":0,"gold_gain":0,"player_choice":"Ignored","damage_taken":0,"max_hp_gain":0,"max_hp_loss":0,"event_name":"Vampires","floor":27,"gold_loss":0}],"is_beta":false,"boss_relics":[{"not_picked":["Velvet Choker","hubris:HollowSoul"],"picked":"Replay:Wanted Poster"}],"items_purged_floors":[],"is_endless":false,"potions_floor_spawned":[5,8,12,16,18,19],"killed_by":"Nightmare","ascension_level":7}}