{"host":"gzsdmyo07u314vug","time":1609293145,"event":{"mods":["2.2 Compatiblity","BaseMod","Downfall","GifTheSpireLib","Minty Spire (QoL Compilation)","Quick Restart","Rare Cards Sparkle","Relic Stats","Replay The Spire","Shop Mod","StSLib","The Bug Knight","The Construct","The Elementalist","The Servant 0.9.4","Unceasing Turn Reminder","everything is the same but u backflip on backflip","slay the spire mod where everything is the same but ironclad has a cowboy hat","vexMod"],"gold_per_floor":[113,163,138,4,18,50,50,70,70,88,88,140,140,153,153,229,895,913,784,784,784,433,433,353,353],"floor_reached":24,"playtime":826,"items_purged":["Strike_G","Defend_G"],"score":459,"play_id":"5598760e-1cea-4d5f-bda0-73dd232a38d1","local_time":"20201229225225","is_ascension_mode":true,"campfire_choices":[{"data":"Cloak And Dagger","floor":7,"key":"SMITH"},{"data":"Accuracy","floor":13,"key":"SMITH"},{"data":"Footwork","floor":15,"key":"SMITH"}],"circlet_count":0,"master_deck":["elementalist:Water_Emblem","elementalist:Water_Emblem","AscendersBane","Defend_G","Defend_G","Defend_G","Defend_G","Survivor","Neutralize","Footwork+1","Toxin Wave","Blade Dance+1","Dagger Spray","Cloak And Dagger+1","Accuracy+1","Blade Dance","Well Laid Plans","Venomology","Cloak And Dagger+1","Backflip","Bite","Bite","Bite","Bite","Bite","Accuracy"],"relics":["Ring of the Snake","NeowsBlessing","Question Card","Mirror","elementalistmod:BlueRibbon","Pen Nib","vexMod:RockOfEvil","vexMod:PaidLearning"],"acts_visited":["Exordium","TheCity"],"potions_floor_usage":[10,16,18,24],"damage_taken":[{"damage":0,"enemies":"Jaw Worm","floor":1,"turns":1},{"damage":0,"enemies":"Small Slimes","floor":5,"turns":1},{"damage":0,"enemies":"Gremlin Nob","floor":6,"turns":1},{"damage":0,"enemies":"2 Louse","floor":8,"turns":2},{"damage":5,"enemies":"Looter","floor":10,"turns":2},{"damage":7,"enemies":"Red Slaver","floor":14,"turns":4},{"damage":10,"enemies":"Hexaghost","floor":16,"turns":9},{"damage":32,"enemies":"Spheric Guardian","floor":18,"turns":7},{"damage":27,"enemies":"2 Thieves","floor":24,"turns":2}],"seed_played":"8665657803668315221","potions_obtained":[{"floor":1,"key":"Adrenaline Potion"},{"floor":6,"key":"PowerPotion"},{"floor":10,"key":"Ancient Potion"}],"is_trial":false,"path_per_floor":["M","?","?","$","M","E","R","M","T","M","?","T","R","M","R","B",null,"M","$","?","?","$","R","M"],"character_chosen":"THE_SILENT","items_purchased":["Toxin Wave","Blade Dance","Backflip","vexMod:PaidLearning","Accuracy"],"campfire_rested":0,"item_purchase_floors":[4,4,19,22,22],"current_hp_per_floor":[59,59,59,59,59,59,59,59,59,54,54,54,54,47,47,37,59,27,27,27,16,16,16,0,0],"gold":353,"neow_bonus":"THREE_ENEMY_KILL","is_daily":false,"chose_seed":false,"campfire_upgraded":3,"win_rate":0.0,"timestamp":1609293145,"path_taken":["M","?","?","?","M","E","R","M","T","M","?","?","R","M","R","BOSS","M","?","?","?","$","R","M"],"items_purchased_type":["Card","Card","Card","Relic","Card"],"build_version":"2020-12-22","purchased_purges":2,"victory":false,"max_hp_per_floor":[66,66,66,66,66,66,66,66,66,66,66,66,66,66,66,66,66,66,66,46,51,51,51,51,51],"relic_stats":{"counters":[9,29],"Pen Nib":[6],"Question Card":7,"obtain_stats":[{"elementalistmod:BlueRibbon":11,"NeowsBlessing":0,"Pen Nib":12,"vexMod:PaidLearning":22,"Question Card":6,"Mirror":9,"vexMod:RockOfEvil":17,"Ring of the Snake":0},{"elementalistmod:BlueRibbon":5,"NeowsBlessing":0,"Pen Nib":5,"vexMod:PaidLearning":8,"Question Card":3,"Mirror":4,"vexMod:RockOfEvil":7,"Ring of the Snake":0},{"elementalistmod:BlueRibbon":7,"NeowsBlessing":0,"Pen Nib":7,"vexMod:PaidLearning":27,"Question Card":3,"Mirror":5,"vexMod:RockOfEvil":20,"Ring of the Snake":0}],"Ring of the Snake":[18]},"card_choices":[{"not_picked":["Blade Dance","Tactician"],"picked":"Footwork","floor":1},{"not_picked":["Prepared","Bane"],"picked":"Dagger Spray","floor":5},{"not_picked":["Blade Dance","Replay:Poison Smokescreen"],"picked":"Cloak And Dagger","floor":6},{"not_picked":["Quick Slash","ReplayTheSpireMod:Tripwire","Slice"],"picked":"Accuracy","floor":8},{"not_picked":["Backflip","Flying Knee","Underhanded Strike"],"picked":"Blade Dance","floor":10},{"not_picked":["Dash","Bane","Storm of Steel"],"picked":"Well Laid Plans","floor":14},{"not_picked":["ReplayTheSpireMod:Necrosis","Bullet Time","Corpse Explosion"],"picked":"Venomology","floor":16},{"not_picked":["Deadly Poison","Dagger Spray","All Out Attack"],"picked":"Cloak And Dagger","floor":18}],"player_experience":598415,"relics_obtained":[{"floor":6,"key":"Question Card"},{"floor":9,"key":"Mirror"},{"floor":12,"key":"Pen Nib"}],"event_choices":[{"damage_healed":0,"gold_gain":0,"player_choice":"Became a vampire","damage_taken":0,"max_hp_gain":0,"max_hp_loss":20,"event_name":"Vampires","floor":20,"gold_loss":0,"cards_obtained":["Bite","Bite","Bite","Bite","Bite"]},{"damage_healed":0,"gold_gain":0,"player_choice":"Shed Blood","damage_taken":16,"max_hp_gain":5,"max_hp_loss":0,"event_name":"Forgotten Altar","floor":21,"gold_loss":0}],"is_beta":false,"boss_relics":[{"not_picked":["Runic Pyramid","HoveringKite"],"picked":"vexMod:RockOfEvil"}],"items_purged_floors":[19,22],"is_endless":false,"potions_floor_spawned":[1,6,10,14],"killed_by":"2 Thieves","ascension_level":20}}