{"host":"dwyzfvnzfcqffr30","time":1609350094,"event":{"mods":["2.2 Compatiblity","Act Like it!","BaseMod","Beaked The Cultist","Better Altar","Better Match","Better Note","Better Sensory Stone","Better Skull","Better Third Choice","Clockwork Mod","Colored Map","Colored Powertips","Conspire","Downfall","Elementarium","GifTheSpireLib","Halation","Hermit","Hubris","Infinite Spire","Ironclad Rager","Jedi Mod","Menagerie","Mimic Mod","Minty Spire (QoL Compilation)","Permanent Neow","Random Character Button","Replay The Spire","Spicy Shops","StSLib","Stuff the Spire","The Construct","The Disciple","The Druid","The Marked","TheFirefly","Trackpad","vexMod"],"gold_per_floor":[319,358,358,400,400,454,454,454,454,515,88,129,129,57,57,165,165,192,218,242,274,274,322,322,375,375,375,415,415,415,471,471,62,62,169,169,199,199,225,225,259,307,307,358,395,431,487,487,487,387,387,387,387,387,73,111,111],"floor_reached":58,"playtime":20071,"items_purged":["Looming Evil"],"score":1661,"play_id":"2b522acf-9ab3-4fcf-b2fb-97b48dd463a4","local_time":"20201230094134","is_ascension_mode":true,"campfire_choices":[{"floor":7,"key":"RECALL"},{"floor":13,"key":"REST"},{"floor":15,"key":"REST"},{"floor":24,"key":"REST"},{"floor":34,"key":"REST"},{"floor":43,"key":"REST"},{"floor":48,"key":"REST"},{"floor":51,"key":"REST"},{"floor":54,"key":"REST"}],"circlet_count":0,"master_deck":["AscendersBane","StuffTheSpire:BrainWave+1","Bash+1","Twin Strike+1","Twin Strike+1","Twin Strike+1","Iron Wave+1","Iron Wave+1","Iron Wave+1","MasterReality+1","Flame Barrier+1","Menagerie:LightningHelix+1","Cleave+1","Menagerie:BeastSpirit+1","Flex+1","Clash+1","Berserk+1","hubris:SharpeningStone+1","Replay:Undeath\u0027s Touch+1","Clothesline+1","Flex+1","Clockwork:PerfectForm+1","Clockwork:ChargingShield+1","Demon Form+1","ReplayTheSpireMod:LeadingStrike+1","Clockwork:Enhance+1","Limit Break+1"],"relics":["Black Blood","infinitespire:EvilPickle","Bottled Tornado","hubris:EvacipatedBox","Juzu Bracelet","Smiling Mask","jedi:cryingmask","Quantum Egg","Frozen Egg 2","Molten Egg 2","Toxic Egg 2","StuffTheSpire:Tea","Snack Pack","infinitespire:WardingShard","beaked:ShinyBauble","hubris:DisguiseKit","beaked:SacredDeck","Clockwork:MomentumEngine","Gremlin Food","ReplayFunnel","Replay:Bottled Snecko","halation:LettersToHer","hubris:OldNail","jedi:shrinkray","ReplayTheSpireMod:TigerMarble","StuffTheSpire:HeavyRock","Elementarium:ElementariumTrophy","infinitespire:Satchel","conspire:Boomerang","StuffTheSpire:Nightcore","Clockwork:BloodPhial","jedi:bottledfury","vexMod:InvisibilityCloak","Membership Card","Mango","infinitespire:Lucky Rock","Akabeko"],"acts_visited":["Menagerie:Menagerie","Elementarium:Elementarium","TheBeyond","TheEnding"],"potions_floor_usage":[10,20,21,22,23,25,35,47,57,57],"damage_taken":[{"damage":0.0,"enemies":"Menagerie:StygianBoar","floor":1.0,"turns":1.0},{"damage":7.0,"enemies":"Menagerie:MonstrousExperiment","floor":2.0,"turns":2.0},{"damage":6,"enemies":"Menagerie:2_RABBITS","floor":4,"turns":2},{"damage":0,"enemies":"Menagerie:Hydra","floor":6,"turns":3},{"damage":1,"enemies":"Menagerie:VoidReaper","floor":10,"turns":2},{"damage":12,"enemies":"Menagerie:MaskedSummoner","floor":12,"turns":5},{"damage":32,"enemies":"Menagerie:Suneater","floor":16,"turns":4},{"damage":12,"enemies":"Elementarium:MUD_AND_TAR_GOLEMS","floor":18,"turns":4},{"damage":2,"enemies":"Elementarium:Cyclone","floor":19,"turns":3},{"damage":5,"enemies":"Elementarium:STONE_GOLEMS","floor":20,"turns":3},{"damage":22,"enemies":"Elementarium:3_ELEMENTALS","floor":21,"turns":3},{"damage":33,"enemies":"Elementarium:WarGolem","floor":23,"turns":3},{"damage":39,"enemies":"Elementarium:FIRE_NOBILITY","floor":25,"turns":4},{"damage":11,"enemies":"Elementarium:CYCLONE_AND_LIVING_STORMCLOUD","floor":28,"turns":4},{"damage":22,"enemies":"Elementarium:WarGolem","floor":31,"turns":4},{"damage":1,"enemies":"Elementarium:GolemEmperor","floor":35,"turns":7},{"damage":1,"enemies":"3 Shapes","floor":37,"turns":4},{"damage":27,"enemies":"3 Darklings","floor":39,"turns":4},{"damage":53,"enemies":"Jaw Worm Horde","floor":41,"turns":5},{"damage":22,"enemies":"Reptomancer","floor":42,"turns":6},{"damage":0,"enemies":"Giant Head","floor":44,"turns":6},{"damage":10,"enemies":"Maw","floor":45,"turns":6},{"damage":0,"enemies":"Maw","floor":46,"turns":6},{"damage":14,"enemies":"Reptomancer","floor":47,"turns":8},{"damage":34,"enemies":"Replay:Hell Engine","floor":52,"turns":7},{"damage":22,"enemies":"Shield and Spear","floor":56,"turns":3},{"damage":5,"enemies":"The Heart","floor":57,"turns":7}],"seed_played":"5748548573241389541","potions_obtained":[{"floor":4,"key":"Cursed Concoction"},{"floor":16,"key":"Block Potion"},{"floor":22,"key":"Fruit Juice"},{"floor":22,"key":"Milkshake"},{"floor":22,"key":"Death Potion"},{"floor":25,"key":"Energy Potion"},{"floor":37,"key":"jedi:holywater"}],"is_trial":false,"path_per_floor":["M","M","?","M","?","E","R","?","T","E","$","E","R","$","R","B",null,"M","M","M","M","?","E","R","E","T","?","M","PTL","PTL","E","?","$","R","B",null,"M","?","M","?","M","E","R","E","MIM","M","E","R","AVR","NS","R","B",null,"R","$","E","B",null],"character_chosen":"IRONCLAD","items_purchased":["infinitespire:WardingShard","beaked:ShinyBauble","hexamod:EctoCoolerPotion","jedi:shrinkray","ReplayTheSpireMod:TigerMarble","StuffTheSpire:HeavyRock","Elixir","Membership Card","Mango","infinitespire:Lucky Rock","ColorlessPotion"],"campfire_rested":8,"item_purchase_floors":[11,11,14,33,33,33,33,55,55,55,55],"current_hp_per_floor":[57,56,56,61,61,69,69,69,69,69,69,69,69,69,69,43,63,62,68,69,55,60,44,66,46,46,46,54,54,54,47,32,32,54,74,74,74,74,66,66,30,31,53,74,74,74,74,74,74,74,74,65,72,74,88,85,88],"gold":111,"neow_bonus":"IRONCLAD_BERSERKER","is_daily":false,"chose_seed":false,"campfire_upgraded":0,"win_rate":0.0,"timestamp":1609350094,"path_taken":["M","M","?","M","?","E","R","?","T","E","$","E","R","$","R","BOSS","M","M","M","M","?","E","R","E","T","?","M","PTL","PTL","E","?","$","R","BOSS","M","?","M","?","M","E","R","E","MIM","M","E","R","AVR","NS","R","BOSS","R","$","E","BOSS"],"items_purchased_type":["Relic","Relic","Potion","Relic","Relic","Relic","Potion","Relic","Relic","Relic","Potion"],"build_version":"2020-12-22","purchased_purges":1,"victory":true,"max_hp_per_floor":[72,72,72,72,69,69,69,69,69,69,69,69,69,69,69,69,69,69,69,69,69,74,74,74,74,74,74,74,74,74,74,74,74,74,74,74,74,74,74,74,74,74,74,74,74,74,74,74,74,74,74,74,74,74,88,88,88],"card_choices":[{"not_picked":["StuffTheSpire:RockThrow+1","Fire Breathing+1"],"picked":"Flame Barrier+1","floor":1.0},{"not_picked":["Wild Strike+1","Warcry+1","Body Slam+1"],"picked":"SKIP","floor":2.0},{"not_picked":["Menagerie:DarkRitual+1","Menagerie:Dismember+1"],"picked":"Menagerie:LightningHelix+1","floor":3},{"not_picked":["Disarm+1","Infernal Blade+1"],"picked":"Cleave+1","floor":4},{"not_picked":["Run Through+1","Dark Embrace+1"],"picked":"Flex+1","floor":6},{"not_picked":["Defy Death+1","Feel No Pain+1"],"picked":"Clash+1","floor":10},{"not_picked":["StuffTheSpire:Slingshot+1","ReplayTheSpireMod:Limb From Limb+1","jedi:hate+1"],"picked":"SKIP","floor":12},{"not_picked":["Offering+1","conspire:Purge+1","Clockwork:Randomization"],"picked":"Berserk+1","floor":16},{"not_picked":["Second Wind+1","Dark Embrace+1","StuffTheSpire:Incineration+1","Clockwork:Minimalism"],"picked":"SKIP","floor":18},{"not_picked":["Clash+1","StuffTheSpire:Slingshot+1","Headbutt+1","Clockwork:SnapKeep"],"picked":"SKIP","floor":19},{"not_picked":["Life Link+1","True Grit+1","Clockwork:SystemHardening"],"picked":"hubris:SharpeningStone+1","floor":20},{"not_picked":["Blood for Blood+1","Double Tap+1","Clockwork:Minimalism"],"picked":"Replay:Undeath\u0027s Touch+1","floor":21},{"not_picked":["ReplayTheSpireMod:Limb From Limb+1","ReplayTheSpireMod:Stacked+1","Clockwork:CogShield"],"picked":"Clothesline+1","floor":23},{"not_picked":["Clothesline+1","Twin Strike+1","StuffTheSpire:BloodClot+1","Clockwork:HeadStart"],"picked":"SKIP","floor":25},{"not_picked":["Headbutt+1","Pummel+1","Clockwork:Pluck"],"picked":"Flex+1","floor":28},{"not_picked":["Dropkick+1","Blood for Blood+1","True Grit+1","Clockwork:ChargingBlade"],"picked":"SKIP","floor":31},{"not_picked":["conspire:Purge+1","Immolate+1","Eclipse+1"],"picked":"Clockwork:PerfectForm","floor":35},{"not_picked":["Headbutt+1","Shrug It Off+1","Heavy Blade+1"],"picked":"Clockwork:ChargingShield","floor":37},{"not_picked":["Cleave+1","Life Link+1","Clockwork:ReserveSystems"],"picked":"Demon Form+1","floor":39},{"not_picked":["Disarm+1","Body Slam+1","Sword Boomerang+1","Clockwork:SmithsMallet"],"picked":"SKIP","floor":41},{"not_picked":["Eclipse+1","Headbutt+1","ReplayTheSpireMod:Muscle Training+1"],"picked":"Clockwork:CraftBloodPhial","floor":42},{"not_picked":["Seeing Red+1","Twin Strike+1","Clockwork:Redundancy"],"picked":"ReplayTheSpireMod:LeadingStrike+1","floor":44},{"not_picked":["Pummel+1","Dual Wield+1","ReplayTheSpireMod:Strike From Hell+1"],"picked":"Clockwork:Enhance","floor":45},{"not_picked":["Flex+1","Cleave+1","Sword Boomerang+1","Clockwork:ForgeStrike"],"picked":"SKIP","floor":46},{"not_picked":["Bludgeon+1","Clash+1","Clockwork:LogisticRegression"],"picked":"Limit Break+1","floor":47},{"not_picked":["Sword Boomerang+1","Headbutt+1","Power Through+1","Clockwork:ChargingBlade"],"picked":"SKIP","floor":56}],"player_experience":2525600,"relics_obtained":[{"floor":6,"key":"StuffTheSpire:Tea"},{"floor":10,"key":"Snack Pack"},{"floor":12,"key":"hubris:DisguiseKit"},{"floor":23,"key":"Gremlin Food"},{"floor":25,"key":"ReplayFunnel"},{"floor":26,"key":"Replay:Bottled Snecko"},{"floor":31,"key":"halation:LettersToHer"},{"floor":42,"key":"infinitespire:Satchel"},{"floor":44,"key":"conspire:Boomerang"},{"floor":45,"key":"StuffTheSpire:Nightcore"},{"floor":45,"key":"halation:LettersToHer"},{"floor":47,"key":"jedi:bottledfury"},{"floor":56,"key":"Akabeko"}],"event_choices":[{"damage_healed":0.0,"max_hp_gain":0.0,"max_hp_loss":9.0,"gold_gain":0.0,"event_name":"betterThird:BetterWriting","player_choice":"Simplicity","floor":0.0,"gold_loss":0.0,"damage_taken":0.0},{"damage_healed":0,"gold_gain":0,"player_choice":"Peek","damage_taken":0,"max_hp_gain":0,"max_hp_loss":0,"event_name":"Menagerie:OvergrownLibrary","floor":3,"gold_loss":0},{"damage_healed":0,"gold_gain":0,"player_choice":"Knelt","damage_taken":0,"max_hp_gain":0,"max_hp_loss":3,"event_name":"Menagerie:BeastSpiritShrine","floor":5,"gold_loss":0,"cards_obtained":["Menagerie:BeastSpirit"]},{"damage_healed":0,"gold_gain":0,"player_choice":"3","damage_taken":0,"max_hp_gain":0,"max_hp_loss":0,"event_name":"betterMatch:BetterMatch","floor":8,"gold_loss":0,"cards_obtained":[]},{"damage_healed":0,"gold_gain":0,"player_choice":"Tanks","damage_taken":0,"max_hp_gain":0,"max_hp_loss":0,"event_name":"Elementarium:IncubationChamber","floor":22,"gold_loss":0},{"cards_removed":["Twin Strike"],"damage_healed":0,"gold_gain":0,"player_choice":"Removed Attack","damage_taken":0,"max_hp_gain":0,"max_hp_loss":0,"event_name":"Falling","floor":38,"gold_loss":0}],"is_beta":false,"boss_relics":[{"not_picked":["jedi:paperlyon","StuffTheSpire:ModemDavis","Black Star"],"picked":"beaked:SacredDeck"},{"not_picked":["hubris:TerracottaHorce","Replay:Drink Me","beaked:MawFillet"],"picked":"Black Blood"}],"items_purged_floors":[11],"is_endless":false,"potions_floor_spawned":[1,2,4,16,18,20,25,37,41,46],"ascension_level":12}}