{"host":"dwyzfvnzfcqffr30","time":1609365077,"event":{"mods":["2.2 Compatiblity","Act Like it!","BaseMod","Beaked The Cultist","Better Altar","Better Match","Better Note","Better Sensory Stone","Better Skull","Better Third Choice","Clockwork Mod","Colored Map","Colored Powertips","Conspire","Downfall","Elementarium","GifTheSpireLib","Halation","Hermit","Hubris","Infinite Spire","Ironclad Rager","Jedi Mod","Menagerie","Mimic Mod","Minty Spire (QoL Compilation)","Permanent Neow","Random Character Button","Replay The Spire","Spicy Shops","StSLib","Stuff the Spire","The Construct","The Disciple","The Druid","The Marked","TheFirefly","Trackpad","vexMod"],"gold_per_floor":[445,486,486,54,93,125,125,166,200,185,185,216,216,258,258,377,377,421,57,107,107,124,124,166,237,284,317,373,373,373,422,422,548,548,602,652,705,705,194,235,235,284,284,284,284,36,83,107,107,107,107,107,7,38,38],"floor_reached":56,"playtime":4415,"items_purged":["conspire:Blindness","Dualcast+1","Writhe","Injury"],"score":1972,"play_id":"b6419385-0195-4b04-96bb-ecb490ec56d7","local_time":"20201230135117","is_ascension_mode":true,"campfire_choices":[{"floor":11,"key":"RECALL"},{"floor":13,"key":"REST"},{"floor":15,"key":"REST"},{"floor":23,"key":"REST"},{"floor":29,"key":"REST"},{"floor":32,"key":"REST"},{"floor":41,"key":"REST"},{"floor":44,"key":"REST"},{"floor":49,"key":"REST"},{"floor":52,"key":"REST"}],"circlet_count":0,"master_deck":["AscendersBane","Zap+1","Ball Lightning+1","Cold Snap+1","Ball Lightning+1","Cold Snap+1","Leap+1","Leap+1","Leap+1","Leap+1","MasterReality+1","StuffTheSpire:Coldhearted+1","Hologram+1","Self Repair+1","BasicCrystalCard+1","Echo Form+1","jedi:locknload+1","jedi:meditation+1","jedi:reiji+1","Biased Cognition+1","jedi:blockon+1","ICR:Cyclone+1","BasicCrystalCard+1","conspire:SharedLibrary+1","Defragment+1","Static Discharge+1","StuffTheSpire:Synthwave+1","hubris:NaturalOne","Defragment+1","Defragment+1"],"relics":["Cracked Core","hubris:EvacipatedBox","Toxic Egg 2","Molten Egg 2","Frozen Egg 2","Quantum Egg","Smiling Mask","jedi:cryingmask","Juzu Bracelet","infinitespire:EvilPickle","Bottled Tornado","jedi:archwizardhat","Boot","trackpad:WritersBlock","infinitespire:Satchel","sneckomod:BlankCard","jedi:laserpointer","vexMod:MysteryBossChallenge","Mark of Pain","StuffTheSpire:Nightcore","jedi:shrinkray","Sling","trackpad:CultistFigurine","trackpad:SappingStone","Bronze Scales","halation:BottledLove","vexMod:MemoryStick","Prayer Wheel","Prayer Wheel","Bag of Preparation","vexMod:BigBerry","trackpad:WindUpAutoDealer","conspire:TreasureMap","infinitespire:Joker Card","Snack Pack","hubris:Icosahedron","infinitespire:SolderingIron","Whetstone","Gremlin Food"],"acts_visited":["Menagerie:Menagerie","TheCity","TheBeyond","TheEnding"],"potions_floor_usage":[9,16,22,27,28,31,48,50,50,50,55],"damage_taken":[{"damage":0,"enemies":"Menagerie:WhisperingWraith","floor":1,"turns":3},{"damage":0,"enemies":"Menagerie:MonstrousExperiment","floor":2,"turns":3},{"damage":0,"enemies":"Menagerie:2_RABBITS","floor":5,"turns":6},{"damage":0,"enemies":"Menagerie:Hydra","floor":6,"turns":4},{"damage":11,"enemies":"Menagerie:VoidReaper","floor":8,"turns":6},{"damage":0,"enemies":"Menagerie:2_RABBITS","floor":9,"turns":4},{"damage":0,"enemies":"Menagerie:2_RABBITS","floor":12,"turns":3},{"damage":0,"enemies":"Menagerie:MaskedSummoner","floor":14,"turns":4},{"damage":14,"enemies":"Menagerie:AVATARS","floor":16,"turns":6},{"damage":0,"enemies":"Shell Parasite","floor":18,"turns":5},{"damage":4,"enemies":"3 Byrds","floor":22,"turns":2},{"damage":11,"enemies":"Gremlin Leader","floor":24,"turns":4},{"damage":9,"enemies":"Centurion and Healer","floor":27,"turns":5},{"damage":0,"enemies":"Book of Stabbing","floor":28,"turns":2},{"damage":27,"enemies":"Slavers","floor":31,"turns":4},{"damage":15,"enemies":"Champ","floor":33,"turns":6},{"damage":0,"enemies":"3 Shapes","floor":35,"turns":3},{"damage":31,"enemies":"3 Darklings","floor":36,"turns":4},{"damage":8,"enemies":"4 Shapes","floor":37,"turns":4},{"damage":35,"enemies":"Nemesis","floor":40,"turns":5},{"damage":5,"enemies":"beaked:SuperParasite","floor":42,"turns":5},{"damage":12,"enemies":"Sphere and 2 Shapes","floor":48,"turns":3},{"damage":18,"enemies":"Time Eater","floor":50,"turns":6},{"damage":6,"enemies":"Shield and Spear","floor":54,"turns":4},{"damage":83,"enemies":"The Heart","floor":55,"turns":6}],"seed_played":"4221609444737692245","potions_obtained":[{"floor":8,"key":"Block Potion"},{"floor":16,"key":"Explosive Potion"},{"floor":18,"key":"SpeedPotion"},{"floor":25,"key":"ColorlessPotion"},{"floor":27,"key":"Reflective Coating"},{"floor":35,"key":"SpeedPotion"},{"floor":36,"key":"CultistPotion"},{"floor":48,"key":"SpeedPotion"}],"is_trial":false,"path_per_floor":["M","M","?","$","MIM","E","?","E","MIM","?","R","M","R","E","R","B",null,"M","$","T","?","M","R","E","?","T","M","E","R","?","E","R","B",null,"M","M","M","?","$","E","R","E","T","R","?","$","T","M","R","B",null,"R","$","E","B",null],"character_chosen":"DEFECT","items_purchased":["jedi:archwizardhat","Milkshake","StuffTheSpire:Nightcore","jedi:shrinkray","Sling","trackpad:WindUpAutoDealer","conspire:TreasureMap","Defragment+1","infinitespire:SolderingIron","StuffTheSpire:Synthwave+1","Defragment+1","Energy Potion"],"campfire_rested":9,"item_purchase_floors":[4,4,19,19,19,39,39,39,46,46,53,53],"current_hp_per_floor":[50,50,50,50,50,50,50,49,59,59,59,59,68,68,68,64,67,68,68,68,55,51,68,68,51,51,62,68,68,68,51,68,63,97,98,67,59,68,68,43,72,77,77,98,98,98,98,96,98,90,96,98,98,92,19],"gold":38,"neow_bonus":"DEFECT_STORMLORD","is_daily":false,"chose_seed":false,"campfire_upgraded":0,"win_rate":0.0,"timestamp":1609365077,"path_taken":["M","M","?","$","?","E","?","E","MIM","?","R","M","R","E","R","BOSS","M","$","?","?","M","R","E","?","T","M","E","R","?","E","R","BOSS","M","M","M","?","?","E","R","E","T","R","?","$","?","M","R","BOSS","R","$","E","BOSS"],"items_purchased_type":["Relic","Potion","Relic","Relic","Relic","Relic","Relic","Card","Relic","Card","Card","Potion"],"build_version":"2020-12-22","purchased_purges":4,"victory":true,"max_hp_per_floor":[68,68,68,68,68,68,68,68,68,68,68,68,68,68,68,68,68,68,68,68,68,68,68,68,68,68,68,68,68,68,68,68,68,98,98,98,98,98,98,98,98,98,98,98,98,98,98,98,98,98,98,98,98,98,98],"card_choices":[{"not_picked":["jedi:BurstFrost+1","Rip and Tear+1"],"picked":"StuffTheSpire:Coldhearted+1","floor":1},{"not_picked":["Beam Cell+1","Fusion+1"],"picked":"Hologram+1","floor":2},{"not_picked":["Cold Snap+1","ReplaySort+1"],"picked":"Self Repair+1","floor":6},{"not_picked":["Coolheaded+1","Tempest+1"],"picked":"Echo Form+1","floor":8},{"not_picked":["Hello World+1","Leap+1","Stack+1"],"picked":"SKIP","floor":12},{"not_picked":["Chill+1","Hologram+1","Stack+1"],"picked":"SKIP","floor":14},{"not_picked":["Skim+1","ReplayTheSpireMod:System Scan+1"],"picked":"jedi:locknload+1","floor":18},{"not_picked":["Stack+1","Turbo+1","ReplayTheSpireMod:Repulse+1"],"picked":"SKIP","floor":22},{"not_picked":["Redo+1","Chill+1"],"picked":"jedi:meditation+1","floor":24},{"not_picked":["StuffTheSpire:Coldhearted+1","StuffTheSpire:LoadUp+1"],"picked":"ReplayTheSpireMod:Fabricate Wheel+1","floor":27},{"not_picked":["Leap+1","Rebound+1"],"picked":"jedi:reiji+1","floor":28},{"not_picked":["Coolheaded+1","Consume+1","Conserve Battery+1"],"picked":"SKIP","floor":31},{"not_picked":["BasicCrystalCard+1","Barrage+1"],"picked":"jedi:blockon+1","floor":35},{"not_picked":["jedi:blockon+1","Ball Lightning+1","jedi:BurstLightning+1"],"picked":"SKIP","floor":35},{"not_picked":["hubris:Ukulele+1","jedi:BurstLightning+1","Streamline+1"],"picked":"SKIP","floor":35},{"not_picked":["Coolheaded+1","Ball Lightning+1"],"picked":"ICR:Cyclone+1","floor":36},{"not_picked":["StuffTheSpire:LoadUp+1","Stack+1"],"picked":"BasicCrystalCard+1","floor":36},{"not_picked":["Hologram+1","Coolheaded+1","All For One+1"],"picked":"SKIP","floor":36},{"not_picked":["jedi:BurstLightning+1","Scrape+1"],"picked":"conspire:SharedLibrary+1","floor":37},{"not_picked":["Go for the Eyes+1","Stack+1","Steam+1"],"picked":"SKIP","floor":37},{"not_picked":["Conserve Battery+1","Leap+1","jedi:BurstLightning+1"],"picked":"SKIP","floor":37},{"not_picked":["Steam+1","Stack+1","Mirror Shield+1"],"picked":"SKIP","floor":40},{"not_picked":["Skim+1","Melter+1"],"picked":"Static Discharge+1","floor":42},{"not_picked":["Gash+1","Streamline+1","Go for the Eyes+1"],"picked":"SKIP","floor":48},{"not_picked":["StuffTheSpire:Plugnplay+1","Stack+1","Turbo+1"],"picked":"SKIP","floor":48},{"not_picked":["jedi:blockon+1","Rebound+1","Self Repair+1"],"picked":"SKIP","floor":48},{"not_picked":["ReplayTheSpireMod:Reroute Power+1","Recycle+1","Panic Button+1"],"picked":"SKIP","floor":54}],"player_experience":2555977,"relics_obtained":[{"floor":5,"key":"Boot"},{"floor":6,"key":"trackpad:WritersBlock"},{"floor":8,"key":"infinitespire:Satchel"},{"floor":9,"key":"sneckomod:BlankCard"},{"floor":14,"key":"jedi:laserpointer"},{"floor":24,"key":"trackpad:SappingStone"},{"floor":26,"key":"Bronze Scales"},{"floor":28,"key":"halation:BottledLove"},{"floor":31,"key":"Bag of Preparation"},{"floor":42,"key":"infinitespire:Joker Card"},{"floor":43,"key":"Snack Pack"},{"floor":47,"key":"Whetstone"},{"floor":54,"key":"Gremlin Food"}],"event_choices":[{"damage_healed":0,"gold_gain":0,"player_choice":"Simplicity","damage_taken":0,"max_hp_gain":0,"max_hp_loss":8,"event_name":"betterThird:BetterWriting","floor":0,"gold_loss":0},{"damage_healed":0,"gold_gain":0,"player_choice":"Potion","damage_taken":0,"relics_obtained":["EssenceOfSteel"],"max_hp_gain":0,"max_hp_loss":0,"event_name":"Menagerie:MagicPeddler","floor":10,"gold_loss":15},{"damage_healed":0,"gold_gain":0,"player_choice":"RE ","damage_taken":15,"relics_obtained":["trackpad:CultistFigurine"],"max_hp_gain":0,"max_hp_loss":0,"event_name":"betterSkull:BetterSkull","floor":21,"gold_loss":0,"cards_upgraded":[]},{"damage_healed":0,"gold_gain":0,"player_choice":"Opened","damage_taken":0,"relics_obtained":["vexMod:MemoryStick"],"max_hp_gain":0,"max_hp_loss":0,"event_name":"The Mausoleum","floor":30,"gold_loss":0,"cards_obtained":["Writhe"]}],"is_beta":false,"boss_relics":[{"not_picked":["hubris:VirtuousBlindfold","Pandora\u0027s Box","Fusion Hammer"],"picked":"vexMod:MysteryBossChallenge"},{"not_picked":["halation:HeavySnake","Honey Jar","conspire:SpecialSausage"],"picked":"vexMod:BigBerry"}],"items_purged_floors":[4,4,39,46],"is_endless":false,"potions_floor_spawned":[8,12,16,18,22,27,35,36,48],"ascension_level":12}}