{"host":"os9owiyb0rak6c8n","time":1609352298,"event":{"mods":["AchievementEnabler","BaseMod","Beaked The Cultist","Better Third Choice","Block Reminder","Colored Map","Colored Powertips","Dio Mod","Downfall","Minty Spire (QoL Compilation)","Robot Space Explorer","Spicy Shops","StSLib","The Death Knight"],"gold_per_floor":[118,118,193,163,176,210,227,227,227,253,353,42,42,58,58,161,161,175,175,32,50,60,60,60,77,100,112,112,128,160,160,160,263,263,278,30,30,48,60,60,60,60],"floor_reached":41,"playtime":1614,"items_purged":[],"score":676,"play_id":"bd45d197-77fe-42c6-90af-335ef6e8cd4f","local_time":"20201230191818","is_ascension_mode":true,"campfire_choices":[{"floor":8,"key":"REST"},{"floor":13,"key":"REST"},{"data":"Catalyst","floor":15,"key":"SMITH"},{"data":"After Image","floor":28,"key":"SMITH"},{"floor":32,"key":"REST"},{"floor":40,"key":"REST"}],"circlet_count":0,"master_deck":["Strike_G","Strike_G","Strike_G","Strike_G","Strike_G","Defend_G","Defend_G","Defend_G","Defend_G","Defend_G","Survivor","Neutralize","A Thousand Cuts","Backstab","Poisoned Stab","Noxious Fumes","Leg Sweep","Catalyst+1","Footwork","Catalyst","After Image+1","Deadly Poison+1","The Bomb","Adrenaline","Corpse Explosion","PiercingWail","Well Laid Plans","Dodge and Roll"],"relics":["Ring of the Snake","WingedGreaves","Pocketwatch","The Courier","TwistedFunnel","Cursed Key","Du-Vu Doll","Vajra","Matryoshka","Fusion Hammer","HornCleat"],"acts_visited":["Exordium","TheCity","TheBeyond"],"potions_floor_usage":[6,14,23,23,29,33,41],"damage_taken":[{"damage":5,"enemies":"2 Louse","floor":1,"turns":4},{"damage":1,"enemies":"Jaw Worm","floor":5,"turns":5},{"damage":37,"enemies":"3 Sentries","floor":6,"turns":10},{"damage":0,"enemies":"Small Slimes","floor":7,"turns":3},{"damage":19,"enemies":"Gremlin Nob","floor":10,"turns":5},{"damage":0,"enemies":"Gremlin Gang","floor":14,"turns":2},{"damage":10,"enemies":"Hexaghost","floor":16,"turns":8},{"damage":0,"enemies":"Chosen","floor":18,"turns":4},{"damage":11,"enemies":"3 Byrds","floor":21,"turns":4},{"damage":25,"enemies":"Snake Plant","floor":22,"turns":5},{"damage":15,"enemies":"Gremlin Leader","floor":23,"turns":6},{"damage":1,"enemies":"Cultist and Chosen","floor":25,"turns":5},{"damage":13,"enemies":"Chosen and Byrds","floor":27,"turns":6},{"damage":9,"enemies":"Snecko","floor":29,"turns":4},{"damage":9,"enemies":"Book of Stabbing","floor":30,"turns":3},{"damage":46,"enemies":"Automaton","floor":33,"turns":9},{"damage":3,"enemies":"3 Darklings","floor":35,"turns":3},{"damage":13,"enemies":"3 Shapes","floor":38,"turns":4},{"damage":0,"enemies":"Transient","floor":39,"turns":5},{"damage":71,"enemies":"Giant Head","floor":41,"turns":8}],"seed_played":"4259121194268466502","potions_obtained":[{"floor":1,"key":"Regen Potion"},{"floor":4,"key":"SmokeBomb"},{"floor":4,"key":"Fire Potion"},{"floor":7,"key":"CunningPotion"},{"floor":18,"key":"CunningPotion"},{"floor":25,"key":"Fire Potion"},{"floor":27,"key":"Guardian:BlockOnCardUsePotion"},{"floor":39,"key":"SpeedPotion"}],"is_trial":false,"path_per_floor":["M","?","?","?","M","E","M","R","T","E","?","$","R","M","R","B",null,"M","?","$","M","M","E","?","M","T","M","R","M","E","?","R","B",null,"M","$","?","M","M","R","E"],"character_chosen":"THE_SILENT","items_purchased":["Footwork","TwistedFunnel","Catalyst","The Bomb","Well Laid Plans","HornCleat"],"campfire_rested":4,"item_purchase_floors":[12,12,12,20,36,36],"current_hp_per_floor":[58,58,47,47,46,24,24,45,45,26,26,26,47,47,47,37,62,62,62,62,51,26,11,65,64,64,51,51,42,33,33,52,6,50,47,47,47,34,34,53,0,0],"gold":60,"neow_bonus":"ONE_RANDOM_RARE_CARD","is_daily":false,"chose_seed":false,"campfire_upgraded":2,"win_rate":0.0,"timestamp":1609352298,"path_taken":["M","?","?","?","?","E","M","R","T","E","?","$","R","M","R","BOSS","M","?","$","?","M","E","?","M","T","M","R","M","E","?","R","BOSS","M","$","?","M","M","R","E"],"items_purchased_type":["Card","Relic","Card","Card","Card","Relic"],"build_version":"2020-12-22","purchased_purges":0,"victory":false,"max_hp_per_floor":[70,70,70,70,70,70,70,70,70,70,70,70,70,70,70,70,70,70,70,70,70,70,70,65,65,65,65,65,65,65,65,65,65,65,65,65,65,65,65,65,65,65],"card_choices":[{"not_picked":["Expertise","Flying Knee"],"picked":"Backstab","floor":1},{"not_picked":["Dodge and Roll","Distraction"],"picked":"Poisoned Stab","floor":5},{"not_picked":["Acrobatics","Skewer"],"picked":"Noxious Fumes","floor":6},{"not_picked":["Distraction","Prepared"],"picked":"Leg Sweep","floor":7},{"not_picked":["Sucker Punch","Deflect"],"picked":"Catalyst","floor":10},{"not_picked":["Tactician","Dagger Spray","Cloak And Dagger"],"picked":"SKIP","floor":14},{"not_picked":["Glass Knife","Doppelganger"],"picked":"After Image","floor":16},{"not_picked":["Flying Knee","Acrobatics"],"picked":"Deadly Poison+1","floor":18},{"not_picked":["Sucker Punch","Catalyst+1","Outmaneuver+1"],"picked":"SKIP","floor":21},{"not_picked":["Slice","Dagger Spray","Catalyst"],"picked":"SKIP","floor":22},{"not_picked":["Blade Dance+1","Storm of Steel","Poisoned Stab"],"picked":"SKIP","floor":25},{"not_picked":["Flechettes+1","Blade Dance+1","Predator"],"picked":"SKIP","floor":27},{"not_picked":["Flying Knee+1","Sucker Punch","Calculated Gamble+1"],"picked":"SKIP","floor":29},{"not_picked":["Masterful Stab+1","Terror"],"picked":"Adrenaline","floor":30},{"not_picked":["Envenom","A Thousand Cuts"],"picked":"Corpse Explosion","floor":33},{"not_picked":["Poisoned Stab","Dodge and Roll"],"picked":"PiercingWail","floor":35},{"not_picked":["PiercingWail","Deflect+1","Backstab"],"picked":"SKIP","floor":38},{"not_picked":["Outmaneuver+1","Skewer+1"],"picked":"Dodge and Roll","floor":39}],"player_experience":594142,"relics_obtained":[{"floor":6,"key":"WingedGreaves"},{"floor":9,"key":"Pocketwatch"},{"floor":10,"key":"The Courier"},{"floor":26,"key":"Vajra"},{"floor":30,"key":"Matryoshka"}],"event_choices":[{"damage_healed":0,"gold_gain":0,"player_choice":"Leave","damage_taken":0,"max_hp_gain":0,"max_hp_loss":0,"event_name":"The Cleric","floor":2,"gold_loss":0},{"damage_healed":0,"gold_gain":75,"player_choice":"Gold","damage_taken":11,"max_hp_gain":0,"max_hp_loss":0,"event_name":"betterThird:BetterGoop","floor":3,"gold_loss":0},{"damage_healed":0,"gold_gain":0,"player_choice":"Bought 2 Potions","damage_taken":0,"max_hp_gain":0,"max_hp_loss":0,"event_name":"The Woman in Blue","floor":4,"gold_loss":0},{"damage_healed":0,"gold_gain":100,"player_choice":"Pray","damage_taken":0,"max_hp_gain":0,"max_hp_loss":0,"event_name":"Golden Shrine","floor":11,"gold_loss":0},{"damage_healed":0,"gold_gain":0,"player_choice":"Gave Potion","damage_taken":0,"relics_obtained":["Du-Vu Doll"],"max_hp_gain":0,"max_hp_loss":0,"event_name":"WeMeetAgain","floor":19,"gold_loss":0},{"damage_healed":0,"gold_gain":0,"player_choice":"Ignored","damage_taken":0,"max_hp_gain":0,"max_hp_loss":0,"event_name":"Vampires","floor":31,"gold_loss":0},{"cards_removed":["sneckomod:Bewildered"],"damage_healed":0,"gold_gain":0,"player_choice":"Removed Curses","damage_taken":0,"max_hp_gain":0,"max_hp_loss":0,"event_name":"Fountain of Cleansing","floor":37,"gold_loss":0}],"is_beta":false,"boss_relics":[{"not_picked":["SlaversCollar","SacredBark"],"picked":"Cursed Key"},{"not_picked":["Coffee Dripper","HoveringKite"],"picked":"Fusion Hammer"}],"items_purged_floors":[],"is_endless":false,"potions_floor_spawned":[1,7,10,18,25,27,39],"killed_by":"Giant Head","ascension_level":9}}