{"host":"mttmnrdvbvzz8cuy","time":1609313646,"event":{"mods":["BaseMod","Bestiary","Colored Map","Colored Powertips","Minty Spire (QoL Compilation)","StSLib"],"gold_per_floor":[114,126,401,413,425,454,471,33,33,11,44,44,61,73,73,168,168,187,86,98,23,23,23,35,35,89,101,101],"floor_reached":27,"playtime":866,"items_purged":["Strike_B"],"score":273,"play_id":"995f2100-b8cb-48a8-8ab7-5ff0fc5e7d31","local_time":"20201230183406","is_ascension_mode":true,"campfire_choices":[{"data":"White Noise","floor":12,"key":"SMITH"},{"floor":15,"key":"REST"},{"data":"J.A.X.","floor":23,"key":"SMITH"},{"floor":25,"key":"REST"}],"circlet_count":0,"master_deck":["Strike_B","Strike_B","Defend_B","Defend_B","Defend_B","Defend_B","Zap","Dualcast","Self Repair","Gash+1","Regret","Sweeping Beam","Self Repair","Ball Lightning","Rebound","Gash+1","White Noise+1","Gash+1","Beam Cell+1","Hologram","Barrage+1","Electrodynamics","Gash+1","Barrage+1","Lockon+1","J.A.X.+1","Ball Lightning+1"],"relics":["Sozu","Oddly Smooth Stone","DollysMirror","Molten Egg 2","Shuriken","Whetstone","Inserter","MawBank"],"acts_visited":["Exordium","TheCity"],"potions_floor_usage":[],"damage_taken":[{"damage":0,"enemies":"2 Louse","floor":1,"turns":2},{"damage":0,"enemies":"Cultist","floor":2,"turns":3},{"damage":3,"enemies":"Jaw Worm","floor":4,"turns":3},{"damage":16,"enemies":"2 Fungi Beasts","floor":5,"turns":3},{"damage":35,"enemies":"3 Sentries","floor":6,"turns":8},{"damage":10,"enemies":"Blue Slaver","floor":7,"turns":4},{"damage":28,"enemies":"Gremlin Nob","floor":11,"turns":4},{"damage":26,"enemies":"Lots of Slimes","floor":13,"turns":4},{"damage":9,"enemies":"Gremlin Gang","floor":14,"turns":3},{"damage":30,"enemies":"Slime Boss","floor":16,"turns":6},{"damage":49,"enemies":"Shell Parasite","floor":18,"turns":5},{"damage":1,"enemies":"Spheric Guardian","floor":20,"turns":3},{"damage":28,"enemies":"Centurion and Healer","floor":24,"turns":4},{"damage":56,"enemies":"Slavers","floor":27,"turns":3}],"seed_played":"-4800995315925624269","potions_obtained":[],"is_trial":false,"path_per_floor":["M","M","?","M","M","E","M","$","T","$","E","R","M","M","R","B",null,"M","$","M","?","?","R","M","R","T","E"],"character_chosen":"DEFECT","items_purchased":["DollysMirror","Molten Egg 2","White Noise","Gash+1","Barrage+1"],"campfire_rested":2,"item_purchase_floors":[8,8,8,10,19],"current_hp_per_floor":[75,75,75,75,66,45,49,49,49,49,35,35,23,14,36,20,75,40,40,46,46,46,46,32,54,54,0,0],"gold":101,"neow_bonus":"BOSS_RELIC","is_daily":false,"chose_seed":false,"campfire_upgraded":2,"win_rate":0.0,"timestamp":1609313646,"path_taken":["M","M","?","M","?","E","M","?","T","$","E","R","?","M","R","BOSS","M","$","M","?","?","R","M","R","T","E"],"items_purchased_type":["Relic","Relic","Card","Card","Card"],"build_version":"2020-12-22","purchased_purges":1,"victory":false,"max_hp_per_floor":[75,75,75,75,75,75,75,75,75,75,75,75,75,75,75,75,75,75,75,75,75,75,75,75,75,75,75,75],"card_choices":[{"not_picked":["Steam","Beam Cell"],"picked":"Self Repair","floor":1},{"not_picked":["Turbo","Compile Driver"],"picked":"Gash","floor":2},{"not_picked":["Recycle","Steam"],"picked":"Sweeping Beam","floor":4},{"not_picked":["Biased Cognition","Cold Snap"],"picked":"Self Repair","floor":5},{"not_picked":["Blizzard","Conserve Battery"],"picked":"Ball Lightning","floor":6},{"not_picked":["Hologram","Streamline"],"picked":"Rebound","floor":7},{"not_picked":["Rebound+1","Chaos"],"picked":"Beam Cell+1","floor":11},{"not_picked":["Leap","Go for the Eyes+1"],"picked":"Hologram","floor":13},{"not_picked":["Streamline+1","Conserve Battery"],"picked":"Barrage+1","floor":14},{"not_picked":["Seek","Creative AI"],"picked":"Electrodynamics","floor":16},{"not_picked":["Rebound+1","Tempest"],"picked":"Gash+1","floor":18},{"not_picked":["Fusion","Coolheaded"],"picked":"Lockon+1","floor":20},{"not_picked":["Force Field","Streamline+1"],"picked":"Ball Lightning+1","floor":24}],"player_experience":119292,"relics_obtained":[{"floor":6,"key":"Oddly Smooth Stone"},{"floor":9,"key":"Shuriken"},{"floor":11,"key":"Whetstone"},{"floor":26,"key":"MawBank"}],"event_choices":[{"damage_healed":0,"gold_gain":275,"player_choice":"Desecrate","damage_taken":0,"max_hp_gain":0,"max_hp_loss":0,"event_name":"Golden Shrine","floor":3,"gold_loss":0,"cards_obtained":["Regret"]},{"cards_removed":["Strike_B"],"damage_healed":0,"gold_gain":0,"player_choice":"Gave Gold","damage_taken":0,"max_hp_gain":0,"max_hp_loss":0,"event_name":"Beggar","floor":21,"gold_loss":75},{"damage_healed":0,"gold_gain":0,"player_choice":"Obtain J.A.X.","damage_taken":0,"max_hp_gain":0,"max_hp_loss":0,"event_name":"Drug Dealer","floor":22,"gold_loss":0,"cards_obtained":["J.A.X."]}],"is_beta":false,"boss_relics":[{"not_picked":["Empty Cage","Runic Dome"],"picked":"Inserter"}],"items_purged_floors":[19],"is_endless":false,"potions_floor_spawned":[1,5,7,11,16,20],"killed_by":"Slavers","ascension_level":2}}