{"host":"w2kjv12xyhtt0cv2","time":1609314495,"event":{"mods":["Act Like it!","BaseMod","Colored Map","Friendly Minions","Gensokyo","Highlight Path","Hubris","Kiyohime（清姬）","Marisa（F雨　魔理沙）","Minty Spire (QoL Compilation)","Quick Restart","Reimu（博丽灵梦）","Relic Stats","Replay The Spire","RumiaBox-露米娅的神秘盒子","Shop Mod","Spicy Shops","StSLib","The Cursed","The Servant 0.9.4","UnlockEverythingMod","Waifu the Spire","[功能]功能增强和修复MOD","vexMod","【功能Mod】Neow奖励","【遗物卡牌】REMEMod","没有小屋子和绿帽子啦"],"gold_per_floor":[118,34,34,34,34,67,80,80,80,80,132,147,147,176,176,281,947,964,980,430,441,124,124,124,124,124,152,152,192,51,51,51,149,149,149,149],"floor_reached":35,"playtime":1230,"items_purged":["Hallucinations"],"score":649,"play_id":"d2cdd820-deaf-44ef-9c65-b60f6ec529ce","local_time":"20201230154815","is_ascension_mode":true,"campfire_choices":[{"data":"Limit Break","floor":8.0,"key":"SMITH"},{"floor":10.0,"key":"RECALL"},{"data":"KidneyShot","floor":15.0,"key":"SMITH"},{"data":"Spin","floor":23.0,"key":"SMITH"},{"floor":32,"key":"DIG"}],"circlet_count":0,"master_deck":["Defend_S","KidneyShot+1","Exchange","Limit Break+1","Spin+1","REME_FirmDetermination+1","StarChef+1","Misdirection","Initiator+1","DoubleEdge+1","Misdirection","FlawlessForm","DoubleEdge+1","Bite","Bite","Bite","Bite","Bite","Shuttle+1","Underhanded Strike","REME_MawOfCthun"],"relics":["Uniform","REME_ComplimentaryCards","Ring of Fury","Mastiff:ReiMu","MagicDraw1","Broom","MealTicket","vexMod:RockOfEvil","Guide Book","Torii","Toolbox","Replay:Ringing Soul","MutagenicStrength","Vajra","hubris:DisguiseKit","hubris:Towel","PrismaticShard","hubris:BottledHeart","Bottled Lightning","hubris:TerracottaHorce","ReplayFunnel"],"acts_visited":["Exordium","TheCity","TheBeyond"],"potions_floor_usage":[33],"damage_taken":[{"damage":4.0,"enemies":"Jaw Worm","floor":1.0,"turns":4.0},{"damage":31.0,"enemies":"3 Sentries","floor":6.0,"turns":5.0},{"damage":0.0,"enemies":"2 Louse","floor":7.0,"turns":2.0},{"damage":0.0,"enemies":"Cultist","floor":12.0,"turns":2.0},{"damage":0.0,"enemies":"Lagavulin","floor":14.0,"turns":4.0},{"damage":8.0,"enemies":"The Guardian","floor":16.0,"turns":4.0},{"damage":14.0,"enemies":"Shell Parasite","floor":18.0,"turns":2.0},{"damage":9.0,"enemies":"2 Thieves","floor":19.0,"turns":2.0},{"damage":7.0,"enemies":"Chosen and Byrds","floor":21.0,"turns":3.0},{"damage":0.0,"enemies":"Book of Stabbing","floor":27.0,"turns":2.0},{"damage":13.0,"enemies":"Centurion and Healer","floor":29.0,"turns":2.0},{"damage":0,"enemies":"Collector","floor":33,"turns":4},{"damage":1,"enemies":"Orb Walker","floor":35,"turns":1}],"seed_played":"-4233166855408210576","potions_obtained":[{"floor":7.0,"key":"Adrenaline Potion"},{"floor":12.0,"key":"Elixir"},{"floor":12.0,"key":"Strength Potion"},{"floor":14.0,"key":"Regen Potion"},{"floor":19.0,"key":"Toxic Potion"},{"floor":29.0,"key":"PowerPotion"},{"floor":33,"key":"Strength Potion"}],"is_trial":false,"path_per_floor":["M","$","?","?","?","E","M","R","T","R","T","M","?","E","R","B",null,"M","M","$","M","$","R","?","?","T","E","?","M","$","?","R_BF","B",null,"M"],"character_chosen":"THE_SERVANT","items_purchased":["REME_FirmDetermination","Guide Book","FlawlessForm","Torii","Toolbox","Replay:Ringing Soul","DoubleEdge+1","PrismaticShard"],"campfire_rested":0,"item_purchase_floors":[2,20,20,20,22,22,22,30],"current_hp_per_floor":[43,43,64,64,64,33,33,33,33,33,33,33,33,33,33,25,31,17,13,28,21,36,36,28,28,28,31,31,21,34,1,1,1,1,0,0],"gold":149,"neow_bonus":"REMOVE_TWO","is_daily":false,"chose_seed":false,"campfire_upgraded":3,"win_rate":0.0,"timestamp":1609314495,"path_taken":["M","$","?","?","?","E","M","R","T","R","?","?","?","E","R","BOSS","M","M","$","M","$","R","?","?","T","E","?","?","?","?","R_BF","BOSS","M"],"items_purchased_type":["Card","Relic","Card","Relic","Relic","Relic","Card","Relic"],"build_version":"2020-12-22","purchased_purges":1,"victory":false,"max_hp_per_floor":[65,65,65,65,65,65,65,65,65,65,65,65,65,65,65,65,33,33,33,33,33,36,36,28,28,28,31,31,34,34,1,1,1,1,1,1],"relic_stats":{"Torii":18,"counters":[13,37],"MealTicket":40,"obtain_stats":[{"ReplayFunnel":35,"hubris:DisguiseKit":27,"Torii":20,"Guide Book":20,"Vajra":26,"Uniform":0,"Broom":11,"hubris:Towel":28,"vexMod:RockOfEvil":17,"PrismaticShard":30,"MagicDraw1":9,"hubris:TerracottaHorce":34,"Replay:Ringing Soul":22,"Mastiff:ReiMu":6,"hubris:BottledHeart":31,"MutagenicStrength":25,"Toolbox":22,"Ring of Fury":4,"MealTicket":14,"Bottled Lightning":32,"REME_ComplimentaryCards":0},{"ReplayFunnel":13,"hubris:DisguiseKit":10,"Torii":8,"Guide Book":8,"Vajra":9,"Uniform":0,"Broom":3,"hubris:Towel":10,"vexMod:RockOfEvil":6,"PrismaticShard":11,"MagicDraw1":3,"hubris:TerracottaHorce":12,"Replay:Ringing Soul":9,"Mastiff:ReiMu":2,"hubris:BottledHeart":11,"MutagenicStrength":9,"Toolbox":9,"Ring of Fury":1,"MealTicket":5,"Bottled Lightning":11,"REME_ComplimentaryCards":0},{"ReplayFunnel":37,"hubris:DisguiseKit":30,"Torii":25,"Guide Book":25,"Vajra":28,"Uniform":0,"Broom":11,"hubris:Towel":30,"vexMod:RockOfEvil":21,"PrismaticShard":32,"MagicDraw1":11,"hubris:TerracottaHorce":36,"Replay:Ringing Soul":28,"Mastiff:ReiMu":9,"hubris:BottledHeart":32,"MutagenicStrength":28,"Toolbox":28,"Ring of Fury":4,"MealTicket":17,"Bottled Lightning":32,"REME_ComplimentaryCards":0}]},"card_choices":[{"not_picked":["Replace","Defy"],"picked":"Spin","floor":1.0},{"not_picked":["Rearm","Defy"],"picked":"StarChef","floor":6.0},{"not_picked":["TimeWarp","DoubleEdge","Defy"],"picked":"SKIP","floor":7.0},{"not_picked":["TimeWarp","DoubleEdge","Defy"],"picked":"SKIP","floor":7.0},{"not_picked":["Rewind","Shuttle"],"picked":"Misdirection","floor":12.0},{"not_picked":["Alleviate","ShatteredReality","TimeWarp"],"picked":"SKIP","floor":14.0},{"not_picked":["Solidify","MurderousAura"],"picked":"Initiator","floor":16.0},{"not_picked":["Potential","DualDimension"],"picked":"DoubleEdge+1","floor":18.0},{"not_picked":["Rewind","Manipulate"],"picked":"Misdirection","floor":19.0},{"not_picked":["Replace","TimeWarp","Luminosity"],"picked":"SKIP","floor":21.0},{"not_picked":["StarChef","TimeWarp"],"picked":"Shuttle+1","floor":27.0},{"not_picked":["Spin","Collapse","Defy","Underhanded Strike"],"picked":"SKIP","floor":29.0},{"not_picked":["Spin","Collapse","Defy"],"picked":"Underhanded Strike","floor":29.0},{"not_picked":["KamiRite:ReiMu","Devotion","Envenom"],"picked":"REME_MawOfCthun","floor":33}],"player_experience":63171,"relics_obtained":[{"floor":4.0,"key":"Ring of Fury"},{"floor":6.0,"key":"Mastiff:ReiMu"},{"floor":9.0,"key":"MagicDraw1"},{"floor":11.0,"key":"Broom"},{"floor":14.0,"key":"MealTicket"},{"floor":26.0,"key":"Vajra"},{"floor":27.0,"key":"hubris:DisguiseKit"},{"floor":32,"key":"Bottled Lightning"}],"event_choices":[{"damage_healed":21.0,"max_hp_gain":0.0,"max_hp_loss":0.0,"gold_gain":0.0,"event_name":"Big Fish","player_choice":"Banana","floor":3.0,"gold_loss":0.0,"damage_taken":0.0},{"damage_healed":0.0,"max_hp_gain":0.0,"max_hp_loss":0.0,"gold_gain":0.0,"event_name":"Upgrade Shrine","player_choice":"Upgraded","floor":13.0,"gold_loss":0.0,"damage_taken":0.0,"cards_upgraded":["REME_FirmDetermination"]},{"damage_healed":0.0,"max_hp_gain":0.0,"max_hp_loss":11.0,"gold_gain":0.0,"event_name":"Vampires","player_choice":"Became a vampire","floor":24.0,"gold_loss":0.0,"damage_taken":0.0,"cards_obtained":["Bite","Bite","Bite","Bite","Bite"]},{"damage_healed":0.0,"max_hp_gain":0.0,"max_hp_loss":0.0,"gold_gain":0.0,"event_name":"Drug Dealer","player_choice":"Inject Mutagens","floor":25.0,"gold_loss":0.0,"damage_taken":0.0,"relics_obtained":["MutagenicStrength"]}],"is_beta":false,"boss_relics":[{"not_picked":["Runic Pyramid","Velvet Choker"],"picked":"vexMod:RockOfEvil"},{"not_picked":["hubris:Stopwatch","Runic Dome"],"picked":"hubris:TerracottaHorce"}],"items_purged_floors":[20],"is_endless":false,"potions_floor_spawned":[7,12,12,14,19,29,33],"killed_by":"Orb Walker","ascension_level":5}}