{"host":"iawk615p0198zs2h","time":1609341863,"event":{"mods":["BaseMod","Better Third Choice","BetterRewards","Downfall","Gold Saver","Infinite Spire","Minty Spire (QoL Compilation)","Quick Restart","Rare Cards Sparkle","Replay The Spire","Spicy Shops","StSLib","The Necromancer"],"gold_per_floor":[113,113,38,38,38,38,51,90,104,104,104],"floor_reached":10,"playtime":444,"items_purged":["Strike_W"],"score":91,"play_id":"e8132861-3ef1-47ce-9cf0-33fdb01f4dfd","local_time":"20201230162423","is_ascension_mode":false,"campfire_choices":[],"circlet_count":0,"master_deck":["Strike_W","Strike_W","Strike_W","Defend_W","Defend_W","Defend_W","Defend_W","Negative_Energy_Arrows","Bone_Wall","Bone_Armory","Pandemic","Negative_Energy_Mist"],"relics":["Vampire_Amulet","NeowsBlessing","PrismaticShard","Golden Idol","infinitespire:Lychee Nut"],"acts_visited":["Exordium"],"potions_floor_usage":[],"damage_taken":[{"damage":0,"enemies":"Small Slimes","floor":1,"turns":1},{"damage":0,"enemies":"2 Louse","floor":7,"turns":1},{"damage":0,"enemies":"Gremlin Nob","floor":8,"turns":1},{"damage":1,"enemies":"Jaw Worm","floor":9,"turns":5},{"damage":27,"enemies":"Lagavulin","floor":10,"turns":6}],"seed_played":"-1357056421326930653","potions_obtained":[{"floor":1,"key":"sneckomod:MuddlingPotion"},{"floor":7,"key":"Dexterity Potion"}],"is_trial":false,"path_per_floor":["M","?","$","PTL","PTL","?","M","E","M","E"],"character_chosen":"NECROMANCER","items_purchased":[],"campfire_rested":0,"item_purchase_floors":[],"current_hp_per_floor":[75,75,75,75,75,57,61,56,56,30,30],"gold":104,"neow_bonus":"THREE_ENEMY_KILL","is_daily":false,"chose_seed":false,"campfire_upgraded":0,"win_rate":0.0,"timestamp":1609341863,"path_taken":["M","?","$","PTL","PTL","?","M","E","?","E"],"items_purchased_type":[],"build_version":"2020-12-22","purchased_purges":1,"victory":false,"max_hp_per_floor":[75,75,75,75,75,75,75,56,56,56,56],"card_choices":[{"not_picked":["Corrupt","Bones_to_Steel"],"picked":"Bone_Armory","floor":1},{"not_picked":["CutThroughFate","Poisoned Stab","Body Slam"],"picked":"SKIP","floor":7},{"not_picked":["sneckomod:TrashToTreasure","ReplayTheSpireMod:Calculation Training"],"picked":"Pandemic","floor":8},{"not_picked":["Replay:AtTheReady","champ:Backstep"],"picked":"Negative_Energy_Mist","floor":9}],"player_experience":201886,"relics_obtained":[{"floor":8,"key":"infinitespire:Lychee Nut"}],"event_choices":[{"damage_healed":0,"gold_gain":0,"player_choice":"Take Damage","damage_taken":18,"relics_obtained":["Golden Idol"],"max_hp_gain":0,"max_hp_loss":0,"event_name":"Golden Idol","floor":6,"gold_loss":0}],"is_beta":false,"boss_relics":[],"items_purged_floors":[3],"is_endless":false,"potions_floor_spawned":[1,7],"killed_by":"Lagavulin","ascension_level":0}}