{"host":"ssbj2e5691x5ub3h","time":1609298534,"event":{"mods":["BaseMod","Duelist Mod","Minty Spire (QoL Compilation)","StSLib"],"gold_per_floor":[137,137,212,230,230,260,278,290,390,390,173,186,216,234,234,313,313,324,324,335,355,84,111,111,111,111,141,141,153,153,173,173,252,252,268,287,304,45,345,345,356,356,408,124,136,0,0,0],"floor_reached":47,"playtime":2452,"items_purged":["theDuelist:Sparks","theDuelist:SummoningCurse"],"score":947,"play_id":"11a1b86a-4fed-4a20-91c4-826cb2a58353","local_time":"20201230012214","is_ascension_mode":true,"campfire_choices":[{"floor":10,"key":"REST"},{"floor":15,"key":"REST"},{"data":"Mayhem","floor":25,"key":"SMITH"},{"floor":28,"key":"REST"},{"floor":32,"key":"REST"},{"floor":40,"key":"REST"},{"floor":42,"key":"REST"}],"circlet_count":0,"master_deck":["theDuelist:ArchfiendSoldier","theDuelist:ArchfiendSoldier","theDuelist:ArchfiendSoldier","AscendersBane","theDuelist:CastleWalls","theDuelist:CastleWalls","theDuelist:CastleWalls","theDuelist:FiendMegacyber","theDuelist:Sparks","theDuelist:SummonedSkull","theDuelist:CallGrave","theDuelist:DarklordMarie","theDuelist:ArchfiendGeneral","theDuelist:BerserkerCrush+1","theDuelist:PutridPudding","theDuelist:TributeDoomed","theDuelist:GracefulCharity+1","theDuelist:FabledGallabas","theDuelist:GracefulCharity+1","theDuelist:ArchfiendCommander","theDuelist:DarknessNeosphere","theDuelist:ArchfiendHeiress","theDuelist:DarkEnergy+1","Mayhem+1","theDuelist:DarknessNeosphere+1","theDuelist:DarklordMarie+1","theDuelist:UmbralHorrorGhost","theDuelist:TributeDoomed+1","theDuelist:DarklordMarie+1","theDuelist:FeatherShot+1","theDuelist:AmbitiousGofer+1","theDuelist:FiendMegacyber+1","Violence+1","theDuelist:Lajinn"],"relics":["theDuelist:MillenniumPuzzle","theDuelist:CardPoolRelic","theDuelist:CardPoolBasicRelic","theDuelist:BoosterPackPoolRelic","theDuelist:CardPoolAddRelic","theDuelist:CardPoolMinusRelic","theDuelist:CardPoolSaveRelic","theDuelist:CardPoolOptionsRelic","theDuelist:BoosterPackSpellEgg","theDuelist:MetronomeRelicB","theDuelist:MillenniumCoin","Oddly Smooth Stone","Red Skull","theDuelist:MillenniumKey","Letter Opener","theDuelist:CursedHealer","Toxic Egg 2","theDuelist:MillenniumRing","Cursed Key","Kunai","theDuelist:ZoneToken","Red Mask"],"acts_visited":["Exordium","TheCity","TheBeyond"],"potions_floor_usage":[6,13,23,31,33,37,45],"damage_taken":[{"damage":0,"enemies":"Cultist","floor":1,"turns":4},{"damage":0,"enemies":"Jaw Worm","floor":4,"turns":2},{"damage":30,"enemies":"3 Sentries","floor":6,"turns":7},{"damage":5,"enemies":"2 Louse","floor":7,"turns":3},{"damage":22,"enemies":"Exordium Thugs","floor":8,"turns":5},{"damage":8,"enemies":"Blue Slaver","floor":12,"turns":3},{"damage":18,"enemies":"Lagavulin","floor":13,"turns":6},{"damage":6,"enemies":"Red Slaver","floor":14,"turns":2},{"damage":0,"enemies":"Slime Boss","floor":16,"turns":4},{"damage":0,"enemies":"Spheric Guardian","floor":18,"turns":3},{"damage":33,"enemies":"Shell Parasite","floor":20,"turns":4},{"damage":4,"enemies":"3 Cultists","floor":21,"turns":4},{"damage":12,"enemies":"Book of Stabbing","floor":23,"turns":3},{"damage":28,"enemies":"Slavers","floor":27,"turns":5},{"damage":12,"enemies":"Snake Plant","floor":29,"turns":4},{"damage":9,"enemies":"Centurion and Healer","floor":31,"turns":5},{"damage":32,"enemies":"Automaton","floor":33,"turns":7},{"damage":20,"enemies":"3 Darklings","floor":35,"turns":3},{"damage":29,"enemies":"3 Shapes","floor":36,"turns":4},{"damage":0,"enemies":"Spire Growth","floor":37,"turns":2},{"damage":11,"enemies":"Jaw Worm Horde","floor":41,"turns":3},{"damage":48,"enemies":"Transient","floor":45,"turns":5},{"damage":25,"enemies":"Sphere and 2 Shapes","floor":47,"turns":3}],"seed_played":"365530019989207463","potions_obtained":[{"floor":0,"key":"SneckoOil"},{"floor":0,"key":"theDuelist:ReducerPotion"},{"floor":0,"key":"theDuelist:SummonArmorPotion"},{"floor":12,"key":"theDuelist:VampireVial"},{"floor":14,"key":"theDuelist:CoolBottle"},{"floor":29,"key":"Weak Potion"},{"floor":31,"key":"theDuelist:FireBottle"},{"floor":36,"key":"theDuelist:SealedPackD"}],"is_trial":false,"path_per_floor":["M","T","?","M","?","E","M","M","T","R","$","M","E","M","R","B",null,"M","?","M","M","$","E","?","R","T","E","R","M","?","M","R","B",null,"M","M","M","$","?","R","M","R","T","$","M","?","M"],"character_chosen":"THE_DUELIST","items_purchased":["Oddly Smooth Stone","theDuelist:TributeDoomed","Mayhem","Kunai","Violence+1"],"campfire_rested":6,"item_purchase_floors":[11,11,22,38,44],"current_hp_per_floor":[63,63,52,52,52,28,23,4,4,25,25,17,5,2,23,29,60,60,60,30,32,32,20,45,45,45,20,41,32,32,26,47,27,59,45,25,25,25,25,46,35,56,56,56,14,14,0,0],"gold":0,"neow_bonus":"THREE_SMALL_POTIONS","is_daily":false,"chose_seed":false,"campfire_upgraded":1,"win_rate":0.0,"timestamp":1609298534,"path_taken":["M","?","?","M","?","E","M","?","T","R","$","M","E","M","R","BOSS","M","?","?","M","$","E","?","R","T","E","R","M","?","?","R","BOSS","M","M","M","$","?","R","M","R","T","$","?","?","M"],"items_purchased_type":["Relic","Card","Card","Relic","Card"],"build_version":"2020-12-22","purchased_purges":2,"victory":false,"max_hp_per_floor":[70,70,70,70,70,70,70,70,70,70,70,70,70,70,70,70,70,70,70,70,70,70,70,70,70,70,70,70,70,70,70,70,70,70,70,70,70,70,70,70,70,70,70,70,70,70,70,70],"card_choices":[{"not_picked":["theDuelist:DoomDonuts","theDuelist:DarknessNeosphere","theDuelist:RedMirror","theDuelist:Doomdog"],"picked":"theDuelist:CallGrave","floor":1},{"not_picked":["theDuelist:TerraTerrible","theDuelist:UmbralHorrorUniform","theDuelist:AmbitiousGofer","theDuelist:Pumpking"],"picked":"theDuelist:DarklordMarie","floor":4},{"not_picked":["theDuelist:FeatherShot+1","theDuelist:Wildfire+1","theDuelist:FabledGallabas","theDuelist:DarkMasterZorc"],"picked":"theDuelist:ArchfiendGeneral","floor":6},{"not_picked":["theDuelist:Wildfire+1","theDuelist:Tierra"],"picked":"theDuelist:BerserkerCrush+1","floor":7},{"not_picked":["theDuelist:FabledAshenveil","theDuelist:PotDuality+1","theDuelist:DarkCubicLord","theDuelist:VanityFiend"],"picked":"theDuelist:PutridPudding","floor":8},{"not_picked":["theDuelist:BerserkerCrush+1","theDuelist:DarkEnergy+1","theDuelist:TributeDoomed+1","theDuelist:PotDuality+1"],"picked":"theDuelist:GracefulCharity+1","floor":12},{"not_picked":["theDuelist:DarkCubicLord","theDuelist:ArchfiendGeneral"],"picked":"theDuelist:FabledGallabas","floor":13},{"not_picked":["theDuelist:BerserkerCrush+1","theDuelist:Wildfire+1","theDuelist:PotDuality+1","theDuelist:FeatherShot+1"],"picked":"theDuelist:GracefulCharity+1","floor":14},{"not_picked":["theDuelist:FeatherShot+1","theDuelist:Wildfire+1","theDuelist:ArchfiendGeneral","theDuelist:Tierra"],"picked":"theDuelist:ArchfiendCommander","floor":16},{"not_picked":["theDuelist:DoomDonuts","theDuelist:RedMirror","theDuelist:Doomdog"],"picked":"theDuelist:DarknessNeosphere","floor":18},{"not_picked":["theDuelist:DarkMasterZorc","theDuelist:DarkBlade+1"],"picked":"theDuelist:ArchfiendHeiress","floor":20},{"not_picked":["theDuelist:DarklordMarie","theDuelist:Pumpking","theDuelist:ArchfiendSoldier","theDuelist:SummonedSkull"],"picked":"theDuelist:DarkEnergy+1","floor":21},{"not_picked":["theDuelist:RedMirror+1","theDuelist:Doomdog+1","theDuelist:DoomDonuts+1","theDuelist:CallGrave+1"],"picked":"theDuelist:DarknessNeosphere+1","floor":23},{"not_picked":["theDuelist:BeastTalwar","theDuelist:Zombyra","theDuelist:Pumpking","theDuelist:FabledAshenveil+1"],"picked":"theDuelist:DarklordMarie+1","floor":27},{"not_picked":["theDuelist:TwinHeadedWolf+1","theDuelist:AmbitiousGofer+1","theDuelist:KingYami","theDuelist:CheerfulCoffin+1"],"picked":"theDuelist:UmbralHorrorGhost","floor":29},{"not_picked":["theDuelist:ArchfiendSoldier","theDuelist:FiendMegacyber+1","theDuelist:PutridPudding+1","theDuelist:ArchfiendInterceptor"],"picked":"theDuelist:DarklordMarie+1","floor":31},{"not_picked":["theDuelist:PutridPudding+1","theDuelist:ArchfiendGeneral+1","theDuelist:Tierra","theDuelist:DarkMasterZorc"],"picked":"theDuelist:FeatherShot+1","floor":33},{"not_picked":["theDuelist:AlienTelepath+1","theDuelist:DarkFusion+1","theDuelist:PotDuality+1","theDuelist:GracefulCharity+1"],"picked":"theDuelist:AmbitiousGofer+1","floor":35},{"not_picked":["theDuelist:DarkTinker","theDuelist:DoomcaliberKnight","theDuelist:FiendSkull+1","theDuelist:FabledAshenveil","theDuelist:DarkMasterZorc+1"],"picked":"SKIP","floor":36},{"not_picked":["theDuelist:GiantOrc+1","theDuelist:MsJudge+1","theDuelist:BottomlessTrapHole","theDuelist:FabledAshenveil"],"picked":"theDuelist:FiendMegacyber+1","floor":37},{"not_picked":["theDuelist:DoomDonuts","theDuelist:DarknessNeosphere","theDuelist:RedMirror","theDuelist:Doomdog+1"],"picked":"SKIP","floor":41},{"not_picked":["theDuelist:UmbralHorrorGhost+1","theDuelist:BeastTalwar+1","theDuelist:Zombyra+1","theDuelist:GiantOrc"],"picked":"theDuelist:Lajinn","floor":45}],"player_experience":273456,"relics_obtained":[{"floor":2,"key":"theDuelist:BoosterPackSpellEgg"},{"floor":6,"key":"theDuelist:MetronomeRelicB"},{"floor":9,"key":"theDuelist:MillenniumCoin"},{"floor":13,"key":"Red Skull"},{"floor":23,"key":"Letter Opener"},{"floor":26,"key":"Toxic Egg 2"},{"floor":27,"key":"theDuelist:MillenniumRing"},{"floor":43,"key":"theDuelist:ZoneToken"}],"event_choices":[{"damage_healed":0,"gold_gain":75,"player_choice":"Gather Gold","damage_taken":11,"max_hp_gain":0,"max_hp_loss":0,"event_name":"World of Goop","floor":3,"gold_loss":0},{"damage_healed":0,"gold_gain":0,"player_choice":"Leave","duelist":true,"damage_taken":0,"max_hp_gain":0,"max_hp_loss":0,"event_name":"Card Trader","floor":5,"gold_loss":0},{"damage_healed":0,"gold_gain":0,"player_choice":"Leave","duelist":true,"damage_taken":0,"max_hp_gain":0,"max_hp_loss":0,"event_name":"Battle City","floor":19,"gold_loss":0},{"damage_healed":0,"gold_gain":0,"player_choice":"Succumb - +25HP/Cursed Relic","duelist":true,"damage_taken":0,"max_hp_gain":0,"max_hp_loss":0,"event_name":"Tomb of the Nameless","floor":24,"gold_loss":0},{"damage_healed":0,"gold_gain":0,"player_choice":"Copied","damage_taken":0,"max_hp_gain":0,"max_hp_loss":0,"event_name":"Duplicator","floor":30,"gold_loss":0,"cards_obtained":["theDuelist:TributeDoomed"]},{"damage_healed":0,"gold_gain":300,"player_choice":"Gold","damage_taken":0,"max_hp_gain":0,"max_hp_loss":0,"event_name":"Wheel of Change","floor":39,"gold_loss":0},{"damage_healed":0,"gold_gain":0,"player_choice":"Paid","damage_taken":0,"relics_obtained":["Red Mask"],"max_hp_gain":0,"max_hp_loss":0,"event_name":"Tomb of Lord Red Mask","floor":46,"gold_loss":136}],"is_beta":false,"boss_relics":[{"not_picked":["Velvet Choker","Calling Bell"],"picked":"theDuelist:MillenniumKey"},{"not_picked":["SacredBark","Philosopher\u0027s Stone"],"picked":"Cursed Key"}],"items_purged_floors":[22,44],"is_endless":false,"potions_floor_spawned":[1,12,14,20,21,29,31,36],"killed_by":"Sphere and 2 Shapes","ascension_level":15}}