{"host":"hzinic87vu8p95wn","time":1609330591,"event":{"mods":["BaseMod","Minty Spire (QoL Compilation)"],"gold_per_floor":[114,124,124,136,148,148,181,161,161,161,192,209,43,77,77,153,153,169,69,11,191,91,91,91],"floor_reached":23,"playtime":718,"items_purged":["Strike_R","Strike_R"],"score":393,"play_id":"5cffa326-4959-4d57-97d0-2ddbf1599c8f","local_time":"20201230231631","is_ascension_mode":true,"campfire_choices":[{"data":"Cleave","floor":6.0,"key":"SMITH"},{"data":"Demon Form","floor":10.0,"key":"SMITH"},{"data":"Heavy Blade","floor":15.0,"key":"SMITH"}],"circlet_count":0,"master_deck":["AscendersBane","Strike_R","Strike_R","Defend_R","Defend_R","Defend_R","Defend_R","Bash","Twin Strike","Cleave+1","Anger","Demon Form+1","Heavy Blade+1","Metallicize","Whirlwind","Evolve+1","Impervious","Disarm","Armaments","Body Slam","Shrug It Off"],"relics":["Burning Blood","Happy Flower","Pen Nib","Blue Candle","Prayer Wheel","Lee\u0027s Waffle","Frozen Egg 2","Black Star"],"acts_visited":["Exordium","TheCity"],"potions_floor_usage":[23],"damage_taken":[{"damage":3.0,"enemies":"2 Louse","floor":1.0,"turns":4.0},{"damage":18.0,"enemies":"Small Slimes","floor":2.0,"turns":4.0},{"damage":1.0,"enemies":"Cultist","floor":4.0,"turns":3.0},{"damage":11.0,"enemies":"Lots of Slimes","floor":5.0,"turns":3.0},{"damage":20.0,"enemies":"3 Sentries","floor":7.0,"turns":6.0},{"damage":5.0,"enemies":"Lagavulin","floor":11.0,"turns":4.0},{"damage":0.0,"enemies":"3 Louse","floor":12.0,"turns":1.0},{"damage":15.0,"enemies":"3 Sentries","floor":14.0,"turns":3.0},{"damage":23.0,"enemies":"Slime Boss","floor":16.0,"turns":5.0},{"damage":7.0,"enemies":"Chosen","floor":18.0,"turns":3.0},{"damage":41,"enemies":"Slavers","floor":23,"turns":3}],"seed_played":"8821928224533341112","potions_obtained":[{"floor":4.0,"key":"SneckoOil"},{"floor":5.0,"key":"Fire Potion"},{"floor":7.0,"key":"Fire Potion"},{"floor":8.0,"key":"Explosive Potion"},{"floor":16.0,"key":"Strength Potion"}],"is_trial":false,"path_per_floor":["M","M","?","M","M","R","E","?","T","R","E","M","$","E","R","B",null,"M","$","$","?","$","E"],"character_chosen":"IRONCLAD","items_purchased":["Lee\u0027s Waffle","Body Slam","Shrug It Off"],"campfire_rested":0,"item_purchase_floors":[13,19,20],"current_hp_per_floor":[71,59,52,57,52,52,38,38,38,38,39,45,82,73,73,56,76,75,75,75,56,56,15,15],"gold":91,"neow_bonus":"RANDOM_COMMON_RELIC","is_daily":false,"chose_seed":false,"campfire_upgraded":3,"win_rate":0.0,"timestamp":1609330591,"path_taken":["M","M","?","M","M","R","E","?","T","R","E","?","$","E","R","BOSS","M","?","$","?","$","E"],"items_purchased_type":["Relic","Card","Card"],"build_version":"2020-12-22","purchased_purges":2,"victory":false,"max_hp_per_floor":[75,75,75,75,75,75,75,75,75,75,75,75,82,82,82,82,82,82,82,82,82,82,82,82],"card_choices":[{"not_picked":["Wild Strike","Spot Weakness"],"picked":"Twin Strike","floor":1.0},{"not_picked":["Rupture","Sword Boomerang"],"picked":"Cleave","floor":2.0},{"not_picked":["Dropkick","Blood for Blood"],"picked":"Anger","floor":4.0},{"not_picked":["Rage","Sword Boomerang","Clash"],"picked":"SKIP","floor":5.0},{"not_picked":["Clothesline","Combust"],"picked":"Demon Form","floor":7.0},{"not_picked":["Disarm","Sword Boomerang"],"picked":"Heavy Blade","floor":11.0},{"not_picked":["Dropkick","Spot Weakness"],"picked":"Metallicize","floor":12.0},{"not_picked":["Flex","Clash"],"picked":"Whirlwind","floor":12.0},{"not_picked":["Rupture+1","Warcry"],"picked":"Evolve+1","floor":14.0},{"not_picked":["Reaper","Berserk+1"],"picked":"Impervious","floor":16.0},{"not_picked":["Dual Wield","Twin Strike"],"picked":"Disarm","floor":18.0},{"not_picked":["Burning Pact","Flex"],"picked":"Armaments","floor":18.0}],"player_experience":1549719,"relics_obtained":[{"floor":7.0,"key":"Pen Nib"},{"floor":9.0,"key":"Blue Candle"},{"floor":11.0,"key":"Prayer Wheel"},{"floor":14.0,"key":"Frozen Egg 2"}],"event_choices":[{"cards_removed":["Strike_R"],"damage_healed":0.0,"max_hp_gain":0.0,"max_hp_loss":0.0,"gold_gain":0.0,"event_name":"Golden Wing","player_choice":"Card Removal","floor":3.0,"gold_loss":0.0,"damage_taken":7.0},{"damage_healed":0.0,"max_hp_gain":0.0,"max_hp_loss":0.0,"gold_gain":0.0,"event_name":"The Woman in Blue","player_choice":"Bought 1 Potion","floor":8.0,"gold_loss":0.0,"damage_taken":0.0},{"damage_healed":0.0,"max_hp_gain":0.0,"max_hp_loss":0.0,"gold_gain":180.0,"event_name":"Knowing Skull","player_choice":"GOLD GOLD ","floor":21.0,"potions_obtained":[],"gold_loss":0.0,"damage_taken":19.0,"cards_obtained":[]}],"is_beta":false,"boss_relics":[{"not_picked":["Coffee Dripper","Tiny House"],"picked":"Black Star"}],"items_purged_floors":[19,22],"is_endless":false,"potions_floor_spawned":[4,5,7,16],"killed_by":"Slavers","ascension_level":18}}