{"host":"3qkmyeoym75lj4wn","time":1609295871,"event":{"mods":["2.2 Compatiblity","Act Like it!","BaseMod","Bestiary","Block Reminder","Colored Powertips","Highlight Path","Minty Spire (QoL Compilation)","Permanent Neow","Rare Cards Sparkle","Relic Stats","StSLib"],"gold_per_floor":[112,37,37,37,53,85,85,124,193,33,76,89,107,160,160,265,265,289,26,58,67,22,22,45,94,103,123,123,123,123,145,145,240,240,269,602,602,28,43,43,86,86,95,95,45,65,100,123,123,123,123],"floor_reached":50,"playtime":2124,"items_purged":["Pain","Strike_G","Writhe","Shame"],"score":1217,"play_id":"b2f79dfc-8cb9-47d5-b110-abd880567783","local_time":"20201230023751","is_ascension_mode":true,"campfire_choices":[{"floor":15,"key":"REST"},{"floor":23,"key":"REST"},{"data":"Malaise","floor":28,"key":"SMITH"},{"floor":32,"key":"REST"},{"data":"A Thousand Cuts","floor":40,"key":"SMITH"},{"floor":42,"key":"REST"},{"floor":44,"key":"RECALL"},{"floor":49,"key":"REST"}],"circlet_count":0,"master_deck":["AscendersBane","Strike_G","Strike_G","Strike_G","Defend_G","Defend_G","Defend_G","Defend_G","Survivor","Neutralize","Quick Slash","Predator","Well Laid Plans","Backstab","PiercingWail","A Thousand Cuts+1","Leg Sweep","Cloak And Dagger","Malaise+1","Injury","Masterful Stab+1","Dagger Spray","Dash+1","Backflip","Envenom","Blade Dance"],"relics":["Ring of the Snake","NeowsBlessing","WarpedTongs","Akabeko","Shuriken","White Beast Statue","Vajra","CeramicFish","Cursed Key","ClockworkSouvenir","Kunai","Pen Nib","Darkstone Periapt","MutagenicStrength","SacredBark","OrangePellets","Bronze Scales","Smiling Mask","Blue Candle"],"acts_visited":["Exordium","TheCity","TheBeyond"],"potions_floor_usage":[11,11,14,16,18,20,24,25,33,35,39,41,47,47,50,50],"damage_taken":[{"damage":0,"enemies":"Small Slimes","floor":1,"turns":1},{"damage":1,"enemies":"2 Louse","floor":5,"turns":1},{"damage":2,"enemies":"Lagavulin","floor":6,"turns":1},{"damage":21,"enemies":"3 Sentries","floor":8,"turns":9},{"damage":14,"enemies":"Gremlin Nob","floor":11,"turns":4},{"damage":0,"enemies":"Cultist","floor":12,"turns":3},{"damage":0,"enemies":"Looter","floor":13,"turns":3},{"damage":6,"enemies":"3 Sentries","floor":14,"turns":10},{"damage":10,"enemies":"The Guardian","floor":16,"turns":13},{"damage":12,"enemies":"2 Thieves","floor":18,"turns":4},{"damage":4,"enemies":"Chosen","floor":20,"turns":5},{"damage":4,"enemies":"Shelled Parasite and Fungi","floor":24,"turns":5},{"damage":0,"enemies":"Gremlin Leader","floor":25,"turns":6},{"damage":9,"enemies":"Snake Plant","floor":27,"turns":5},{"damage":4,"enemies":"3 Cultists","floor":31,"turns":5},{"damage":34,"enemies":"Automaton","floor":33,"turns":12},{"damage":6,"enemies":"3 Shapes","floor":35,"turns":14},{"damage":12,"enemies":"Orb Walker","floor":39,"turns":3},{"damage":26,"enemies":"Reptomancer","floor":41,"turns":6},{"damage":0,"enemies":"3 Darklings","floor":46,"turns":2},{"damage":23,"enemies":"Giant Head","floor":47,"turns":8},{"damage":7,"enemies":"Maw","floor":48,"turns":7},{"damage":40,"enemies":"Awakened One","floor":50,"turns":4}],"seed_played":"2821176221500007816","potions_obtained":[{"floor":8,"key":"SpeedPotion"},{"floor":11,"key":"Strength Potion"},{"floor":12,"key":"SmokeBomb"},{"floor":13,"key":"Dexterity Potion"},{"floor":14,"key":"CultistPotion"},{"floor":16,"key":"Weak Potion"},{"floor":18,"key":"Poison Potion"},{"floor":20,"key":"ColorlessPotion"},{"floor":24,"key":"GamblersBrew"},{"floor":25,"key":"Fire Potion"},{"floor":27,"key":"GhostInAJar"},{"floor":33,"key":"ColorlessPotion"},{"floor":35,"key":"Energy Potion"},{"floor":39,"key":"Dexterity Potion"},{"floor":41,"key":"Strength Potion"},{"floor":47,"key":"ColorlessPotion"},{"floor":48,"key":"Block Potion"}],"is_trial":false,"path_per_floor":["M","?","$","?","M","E","?","E","T","$","E","M","M","E","R","B",null,"M","$","M","T","$","R","M","E","T","M","R","?","?","M","R","B",null,"M","?","?","$","M","R","E","R","T","R","$","M","E","M","R","B"],"character_chosen":"THE_SILENT","items_purchased":["EssenceOfSteel","ClockworkSouvenir","Cloak And Dagger","OrangePellets","Bronze Scales","Fruit Juice"],"campfire_rested":5,"item_purchase_floors":[10,19,22,38,38,38],"current_hp_per_floor":[59,59,59,59,58,56,56,35,35,35,21,21,21,15,33,23,51,39,39,35,35,35,53,49,49,49,40,40,40,40,36,54,20,50,44,44,44,44,42,42,16,37,43,43,43,43,20,13,35,0,0],"gold":123,"neow_bonus":"THREE_ENEMY_KILL","is_daily":false,"chose_seed":false,"campfire_upgraded":2,"win_rate":0.0,"timestamp":1609295871,"path_taken":["M","?","$","?","?","E","?","E","T","?","E","?","?","E","R","BOSS","M","$","M","?","$","R","M","E","T","?","R","?","?","M","R","BOSS","M","?","?","$","M","R","E","R","T","R","$","M","E","M","R","BOSS"],"items_purchased_type":["Potion","Relic","Card","Relic","Relic","Potion"],"build_version":"2020-12-22","purchased_purges":4,"victory":false,"max_hp_per_floor":[66,66,66,66,66,66,60,60,60,60,60,60,60,60,60,60,60,60,60,60,60,60,60,60,60,60,60,60,60,60,60,60,60,60,60,60,60,60,70,70,70,70,76,76,76,76,76,76,76,76,76],"relic_stats":{"Darkstone Periapt":6,"counters":[23,131],"CeramicFish":126,"Blue Candle":[1],"Pen Nib":[11],"Cursed Key":3,"Smiling Mask":100,"WarpedTongs":[123],"OrangePellets":[5],"Shuriken":[35],"Bronze Scales":[87],"Kunai":[28],"obtain_stats":[{"Darkstone Periapt":26,"NeowsBlessing":0,"Golden Idol":7,"CeramicFish":14,"SacredBark":34,"Blue Candle":47,"Vajra":11,"Pen Nib":25,"Cursed Key":17,"Smiling Mask":41,"Akabeko":6,"White Beast Statue":9,"WarpedTongs":4,"ClockworkSouvenir":19,"OrangePellets":38,"Shuriken":8,"MutagenicStrength":29,"Bronze Scales":38,"Kunai":21,"Ring of the Snake":0},{"Darkstone Periapt":13,"NeowsBlessing":0,"Golden Idol":3,"CeramicFish":8,"SacredBark":16,"Blue Candle":21,"Vajra":5,"Pen Nib":13,"Cursed Key":9,"Smiling Mask":19,"Akabeko":3,"White Beast Statue":4,"WarpedTongs":1,"ClockworkSouvenir":10,"OrangePellets":17,"Shuriken":4,"MutagenicStrength":14,"Bronze Scales":17,"Kunai":11,"Ring of the Snake":0},{"Darkstone Periapt":65,"NeowsBlessing":0,"Golden Idol":3,"CeramicFish":32,"SacredBark":87,"Blue Candle":120,"Vajra":16,"Pen Nib":65,"Cursed Key":45,"Smiling Mask":110,"Akabeko":3,"White Beast Statue":12,"WarpedTongs":1,"ClockworkSouvenir":49,"OrangePellets":101,"Shuriken":12,"MutagenicStrength":70,"Bronze Scales":101,"Kunai":54,"Ring of the Snake":0}],"Ring of the Snake":[46]},"card_choices":[{"not_picked":["Caltrops","Deflect"],"picked":"Quick Slash","floor":1},{"not_picked":["Choke","Dagger Throw"],"picked":"Predator","floor":5},{"not_picked":["Distraction","Flechettes"],"picked":"Well Laid Plans","floor":6},{"not_picked":["Prepared","Deadly Poison","Predator"],"picked":"SKIP","floor":8},{"not_picked":["Bane","Poisoned Stab","All Out Attack"],"picked":"SKIP","floor":11},{"not_picked":["Backflip","Terror","Quick Slash"],"picked":"SKIP","floor":12},{"not_picked":["After Image","Calculated Gamble"],"picked":"Backstab","floor":13},{"not_picked":["Outmaneuver","Bane"],"picked":"PiercingWail","floor":14},{"not_picked":["Burst","Tools of the Trade"],"picked":"A Thousand Cuts","floor":16},{"not_picked":["Flying Knee","Concentrate","Infinite Blades"],"picked":"SKIP","floor":18},{"not_picked":["Outmaneuver","Flying Knee"],"picked":"Leg Sweep","floor":20},{"not_picked":["Dagger Throw","Prepared","Outmaneuver"],"picked":"SKIP","floor":24},{"not_picked":["Backstab","Riddle With Holes"],"picked":"Malaise","floor":25},{"not_picked":["Underhanded Strike","Catalyst","Deflect"],"picked":"SKIP","floor":27},{"not_picked":["Acrobatics","Underhanded Strike"],"picked":"Masterful Stab+1","floor":31},{"not_picked":["Underhanded Strike","All Out Attack+1"],"picked":"Dagger Spray","floor":35},{"not_picked":["Bane","Choke","Quick Slash"],"picked":"SKIP","floor":39},{"not_picked":["Sucker Punch","Concentrate"],"picked":"Dash+1","floor":41},{"not_picked":["Bane","Acrobatics"],"picked":"Backflip","floor":46},{"not_picked":["Deflect","Prepared"],"picked":"Envenom","floor":47},{"not_picked":["Heel Hook","Underhanded Strike"],"picked":"Blade Dance","floor":48}],"player_experience":1611231,"relics_obtained":[{"floor":6,"key":"Akabeko"},{"floor":8,"key":"Shuriken"},{"floor":9,"key":"White Beast Statue"},{"floor":11,"key":"Vajra"},{"floor":14,"key":"CeramicFish"},{"floor":21,"key":"Kunai"},{"floor":25,"key":"Pen Nib"},{"floor":26,"key":"Darkstone Periapt"},{"floor":41,"key":"Smiling Mask"},{"floor":47,"key":"Blue Candle"}],"event_choices":[{"cards_removed":["Strike_G"],"damage_healed":0,"gold_gain":0,"player_choice":"Card Removal","damage_taken":0,"max_hp_gain":0,"max_hp_loss":0,"event_name":"The Cleric","floor":2,"gold_loss":75},{"damage_healed":0,"gold_gain":0,"player_choice":"Rummage","damage_taken":0,"relics_obtained":["WarpedTongs"],"max_hp_gain":0,"max_hp_loss":0,"event_name":"Accursed Blacksmith","floor":4,"gold_loss":0,"cards_obtained":["Pain"]},{"damage_healed":0,"gold_gain":0,"player_choice":"Lose Max HP","damage_taken":0,"relics_obtained":["Golden Idol"],"max_hp_gain":0,"max_hp_loss":6,"event_name":"Golden Idol","floor":7,"gold_loss":0},{"damage_healed":0,"gold_gain":0,"player_choice":"Inject Mutagens","damage_taken":0,"relics_obtained":["MutagenicStrength"],"max_hp_gain":0,"max_hp_loss":0,"event_name":"Drug Dealer","floor":29,"gold_loss":0},{"damage_healed":0,"gold_gain":0,"player_choice":"Ignored","damage_taken":0,"max_hp_gain":0,"max_hp_loss":0,"event_name":"Cursed Tome","floor":30,"gold_loss":0},{"damage_healed":0,"gold_gain":333,"player_choice":"Gave Idol","damage_taken":0,"max_hp_gain":0,"max_hp_loss":0,"event_name":"The Moai Head","floor":36,"relics_lost":["Golden Idol"],"gold_loss":0},{"cards_removed":["Defend_G"],"damage_healed":0,"gold_gain":0,"player_choice":"Removed Skill","damage_taken":0,"max_hp_gain":0,"max_hp_loss":0,"event_name":"Falling","floor":37,"gold_loss":0}],"is_beta":false,"boss_relics":[{"not_picked":["Philosopher\u0027s Stone","Astrolabe"],"picked":"Cursed Key"},{"not_picked":["Tiny House","Coffee Dripper"],"picked":"SacredBark"}],"items_purged_floors":[10,19,38,45],"is_endless":false,"potions_floor_spawned":[8,11,12,13,14,16,18,20,24,25,27,31,33,35,39,41,46,47,48],"killed_by":"Awakened One","ascension_level":20}}