{"host":"vztqq1va2gba8p9y","time":1609292385,"event":{"mods":["AchievementEnabler","BaseMod","DeckTracker","Minty Spire (QoL Compilation)","Permanent Neow","Rare Cards Sparkle","StSLib"],"gold_per_floor":[114,39,114,114,39,39,39],"floor_reached":6,"playtime":174,"items_purged":["Wallop"],"score":64,"play_id":"30d6dd37-3a13-4719-88a8-b64b3f4472ea","local_time":"20201230103945","daily_mods":["Draft","Heirloom","Time Dilation","Flight","DeadlyEvents","Elite Swarm"],"is_ascension_mode":true,"campfire_choices":[],"circlet_count":0,"master_deck":["AscendersBane","FearNoEvil+1","EmptyFist","FlurryOfBlows","WheelKick","Adaptation","FollowUp","ClearTheMind+1","Halt","SandsOfTime","CrushJoints","Consecrate","Adaptation","EmptyFist"],"relics":["PureWater","Du-Vu Doll"],"acts_visited":["Exordium"],"potions_floor_usage":[],"damage_taken":[{"damage":5,"enemies":"Small Slimes","floor":1,"turns":2},{"damage":10,"enemies":"3 Sentries","floor":6,"turns":2}],"seed_played":"-8334574169212278789","potions_obtained":[{"floor":1,"key":"Fire Potion"}],"is_trial":true,"path_per_floor":["M","$","?","?","?","E"],"character_chosen":"WATCHER","items_purchased":[],"campfire_rested":0,"item_purchase_floors":[],"current_hp_per_floor":[56,56,45,25,25,15,15],"gold":39,"neow_bonus":"","is_daily":false,"chose_seed":false,"campfire_upgraded":0,"win_rate":0.0,"timestamp":1609292385,"path_taken":["M","$","?","?","?","E"],"items_purchased_type":[],"build_version":"2020-12-22","purchased_purges":1,"victory":false,"max_hp_per_floor":[68,68,68,68,68,68,68],"card_choices":[{"not_picked":["Wallop","FlurryOfBlows"],"picked":"FearNoEvil","floor":0},{"not_picked":["Wireheading","CrushJoints"],"picked":"EmptyFist","floor":0},{"not_picked":["Crescendo","EmptyBody"],"picked":"FlurryOfBlows","floor":0},{"not_picked":["Consecrate","TalkToTheHand"],"picked":"WheelKick","floor":0},{"not_picked":["ThirdEye","JustLucky"],"picked":"Wallop","floor":0},{"not_picked":["ReachHeaven","Nirvana"],"picked":"Adaptation","floor":0},{"not_picked":["WindmillStrike","FlurryOfBlows"],"picked":"FollowUp","floor":0},{"not_picked":["Collect","Crescendo"],"picked":"ClearTheMind","floor":0},{"not_picked":["WheelKick","ThirdEye"],"picked":"Consecrate","floor":0},{"not_picked":["FollowUp","ReachHeaven"],"picked":"Halt","floor":0},{"not_picked":["BowlingBash","Worship"],"picked":"SandsOfTime","floor":0},{"not_picked":["CutThroughFate","EmptyMind"],"picked":"CrushJoints","floor":0},{"not_picked":["Crescendo","Wireheading"],"picked":"Consecrate","floor":0},{"not_picked":["Evaluate","FlyingSleeves"],"picked":"Adaptation","floor":0},{"not_picked":["ForeignInfluence","ThirdEye"],"picked":"EmptyFist","floor":0},{"not_picked":["EmptyBody","SashWhip","Perseverance"],"picked":"SKIP","floor":1}],"player_experience":4924,"relics_obtained":[],"event_choices":[{"damage_healed":0,"gold_gain":75,"player_choice":"Gather Gold","damage_taken":11,"max_hp_gain":0,"max_hp_loss":0,"event_name":"World of Goop","floor":3,"gold_loss":0},{"damage_healed":0,"gold_gain":0,"player_choice":"Entered Light","damage_taken":20,"max_hp_gain":0,"max_hp_loss":0,"event_name":"Shining Light","floor":4,"gold_loss":0,"cards_upgraded":["ClearTheMind","FearNoEvil"]},{"cards_removed":["Consecrate"],"damage_healed":0,"gold_gain":0,"player_choice":"Card Removal","damage_taken":0,"max_hp_gain":0,"max_hp_loss":0,"event_name":"The Cleric","floor":5,"gold_loss":75}],"is_beta":false,"boss_relics":[],"items_purged_floors":[2],"is_endless":false,"potions_floor_spawned":[1],"killed_by":"3 Sentries","ascension_level":20}}