{"host":"wha9hktbkslqvblg","time":1609347694,"event":{"mods":["BaseMod","Colored Map","Minty Spire (QoL Compilation)","Relic Stats","SuperFastMode","everything is the same but u backflip on backflip"],"gold_per_floor":[114,114,114,133,133,133,166,2,2,2,2,18,18,44,44,118,118,131,151,151,168,168,168,198,198,223,248,148,161,161,161],"floor_reached":30,"playtime":552,"items_purged":["Strike_R","Strike_R"],"score":628,"play_id":"72935d41-f6a9-4a16-9852-1c180e0204e2","local_time":"20201231020134","is_ascension_mode":true,"campfire_choices":[{"data":"Evolve","floor":6,"key":"SMITH"},{"data":"Pommel Strike","floor":11,"key":"SMITH"},{"data":"Wild Strike","floor":13,"key":"SMITH"},{"data":"Reckless Charge","floor":15,"key":"SMITH"},{"floor":23,"key":"REST"}],"circlet_count":0,"master_deck":["AscendersBane","Strike_R+1","Defend_R","Defend_R","Defend_R","Defend_R","Bash+1","Pommel Strike+1","Evolve+1","Reckless Charge+1","Offering+1","Wild Strike+1","Juggernaut","Battle Trance","Feel No Pain","Sever Soul"],"relics":["Burning Blood","NeowsBlessing","Tiny Chest","Ancient Tea Set","Happy Flower","Red Skull","Empty Cage","Bag of Marbles","Oddly Smooth Stone","Juzu Bracelet"],"acts_visited":["Exordium","TheCity"],"potions_floor_usage":[16,19,27,27],"damage_taken":[{"damage":0,"enemies":"2 Louse","floor":1,"turns":1},{"damage":0,"enemies":"Small Slimes","floor":4,"turns":1},{"damage":0,"enemies":"Gremlin Nob","floor":7,"turns":1},{"damage":6,"enemies":"Cultist","floor":12,"turns":1},{"damage":16,"enemies":"Slime Boss","floor":16,"turns":6},{"damage":6,"enemies":"Chosen","floor":18,"turns":3},{"damage":17,"enemies":"2 Thieves","floor":19,"turns":3},{"damage":26,"enemies":"Cultist and Chosen","floor":21,"turns":4},{"damage":6,"enemies":"Gremlin Leader","floor":24,"turns":6},{"damage":27,"enemies":"Book of Stabbing","floor":27,"turns":4},{"damage":21,"enemies":"Snake Plant","floor":29,"turns":3},{"damage":9,"enemies":"3 Cultists","floor":30,"turns":3}],"seed_played":"-9186962354364350350","potions_obtained":[{"floor":7,"key":"Block Potion"},{"floor":12,"key":"Swift Potion"},{"floor":19,"key":"SpeedPotion"},{"floor":21,"key":"Block Potion"},{"floor":24,"key":"Block Potion"}],"is_trial":false,"path_per_floor":["M","?","?","M","?","R","E","$","T","?","R","M","R","T","R","B",null,"M","M","?","M","?","R","E","T","T","E","$","M","M"],"character_chosen":"IRONCLAD","items_purchased":["Offering"],"campfire_rested":1,"item_purchase_floors":[8],"current_hp_per_floor":[74,56,33,39,39,39,45,45,45,45,45,45,45,45,45,35,65,65,54,50,30,30,52,52,52,52,31,31,16,7,7],"gold":161,"neow_bonus":"THREE_ENEMY_KILL","is_daily":false,"chose_seed":false,"campfire_upgraded":4,"win_rate":0.0,"timestamp":1609347694,"path_taken":["M","?","?","M","?","R","E","$","T","?","R","M","R","?","R","BOSS","M","M","?","?","?","R","E","?","T","E","$","M","M"],"items_purchased_type":["Card"],"build_version":"2020-12-22","purchased_purges":2,"victory":false,"max_hp_per_floor":[75,75,75,75,75,75,75,75,75,75,75,75,75,75,75,75,75,75,75,75,75,75,75,75,75,75,75,75,75,75,75],"relic_stats":{"Happy Flower":[11],"counters":[12,36],"Tiny Chest":2,"Juzu Bracelet":0,"obtain_stats":[{"NeowsBlessing":0,"Happy Flower":9,"Oddly Smooth Stone":26,"Tiny Chest":2,"Bag of Marbles":24,"Juzu Bracelet":27,"Ancient Tea Set":7,"Empty Cage":17,"Burning Blood":0,"Red Skull":14},{"NeowsBlessing":0,"Happy Flower":3,"Oddly Smooth Stone":9,"Tiny Chest":1,"Bag of Marbles":9,"Juzu Bracelet":10,"Ancient Tea Set":3,"Empty Cage":5,"Burning Blood":0,"Red Skull":4},{"NeowsBlessing":0,"Happy Flower":3,"Oddly Smooth Stone":26,"Tiny Chest":1,"Bag of Marbles":26,"Juzu Bracelet":30,"Ancient Tea Set":3,"Empty Cage":10,"Burning Blood":0,"Red Skull":4}],"Burning Blood":66},"card_choices":[{"not_picked":["Shrug It Off","Iron Wave"],"picked":"Pommel Strike","floor":1},{"not_picked":["Warcry","Flex"],"picked":"Evolve","floor":4},{"not_picked":["Heavy Blade","Whirlwind"],"picked":"Reckless Charge","floor":7},{"not_picked":["Heavy Blade","Clash"],"picked":"Wild Strike","floor":12},{"not_picked":["Reaper","Corruption"],"picked":"Juggernaut","floor":16},{"not_picked":["Pommel Strike","Sword Boomerang","Twin Strike"],"picked":"SKIP","floor":18},{"not_picked":["Heavy Blade","Havoc"],"picked":"Battle Trance","floor":19},{"not_picked":["Bludgeon","Armaments","Dual Wield"],"picked":"SKIP","floor":21},{"not_picked":["Reckless Charge","Burning Pact"],"picked":"Feel No Pain","floor":24},{"not_picked":["Bloodletting","Flex"],"picked":"Sever Soul","floor":27},{"not_picked":["Rage","Whirlwind","Body Slam"],"picked":"SKIP","floor":29}],"player_experience":911748,"relics_obtained":[{"floor":7,"key":"Ancient Tea Set"},{"floor":9,"key":"Happy Flower"},{"floor":14,"key":"Red Skull"},{"floor":24,"key":"Bag of Marbles"},{"floor":26,"key":"Oddly Smooth Stone"},{"floor":27,"key":"Juzu Bracelet"}],"event_choices":[{"damage_healed":0,"gold_gain":0,"player_choice":"Success","damage_taken":18,"relics_obtained":["Tiny Chest"],"max_hp_gain":0,"max_hp_loss":0,"event_name":"Scrap Ooze","floor":2,"gold_loss":0},{"damage_healed":0,"gold_gain":0,"player_choice":"Entered Light","damage_taken":23,"max_hp_gain":0,"max_hp_loss":0,"event_name":"Shining Light","floor":3,"gold_loss":0,"cards_upgraded":["Bash","Strike_R"]},{"damage_healed":0,"gold_gain":0,"player_choice":"Ignored","damage_taken":0,"max_hp_gain":0,"max_hp_loss":0,"event_name":"Liars Game","floor":5,"gold_loss":0},{"damage_healed":0,"gold_gain":0,"player_choice":"Forge","damage_taken":0,"max_hp_gain":0,"max_hp_loss":0,"event_name":"Accursed Blacksmith","floor":10,"gold_loss":0,"cards_upgraded":["Offering"]},{"damage_healed":0,"gold_gain":0,"player_choice":"Bought 0 Potions","damage_taken":0,"max_hp_gain":0,"max_hp_loss":0,"event_name":"The Woman in Blue","floor":20,"gold_loss":0},{"damage_healed":0,"gold_gain":0,"player_choice":"Ignored","damage_taken":0,"max_hp_gain":0,"max_hp_loss":0,"event_name":"Ghosts","floor":22,"gold_loss":0}],"is_beta":false,"boss_relics":[{"not_picked":["Runic Dome","Tiny House"],"picked":"Empty Cage"}],"items_purged_floors":[8,28],"is_endless":false,"potions_floor_spawned":[7,12,19,21,24],"killed_by":"3 Cultists","ascension_level":20}}