{"host":"51fyd6gkml7xavq8","time":1609370055,"event":{"mods":["BaseMod","BetterRewards","Colored Map","Energized Spire","Infinite Spire","Minty Spire (QoL Compilation)","Replay The Spire","Shop Mod","Spicy Shops","StSLib","The Blue Laboratory","[IsaacMod]????"],"gold_per_floor":[118,59,59,90,90,90,121,121,144,144,156,156,166,203,203,306,306,324,340,357,309,55,80,80,80,162,162,162],"floor_reached":27,"playtime":1076,"items_purged":["Dualcast","Pain"],"score":463,"play_id":"4e4b9407-1fe3-4dcc-9c1b-aa21fb8a203d","local_time":"20201230201415","is_ascension_mode":true,"campfire_choices":[{"data":"Electrodynamics","floor":10.0,"key":"SMITH"},{"data":"Zap","floor":12.0,"key":"SMITH"},{"floor":15.0,"key":"REST"},{"data":"Buffer","floor":24,"key":"SMITH"}],"circlet_count":0,"master_deck":["Strike_B","Strike_B","Strike_B","Strike_B","Defend_B","Defend_B","Defend_B","Zap+1","BettingIsNotGood","Electrodynamics+1","Buffer+1"],"relics":["Cracked Core","HushsDoor","SatanicBible","MerchantsRug","DoctorsRemote","WarpedTongs","BookofShadows","Regal Pillow","Busted Crown","Prayer Wheel","Replay:Accelerometer","Pear","PokeGo","Frozen Egg 2"],"acts_visited":["Exordium","TheCity"],"potions_floor_usage":[27],"damage_taken":[{"damage":10.0,"enemies":"Jaw Worm","floor":1.0,"turns":3.0},{"damage":7.0,"enemies":"Small Slimes","floor":4.0,"turns":3.0},{"damage":31.0,"enemies":"Lagavulin","floor":7.0,"turns":5.0},{"damage":0.0,"enemies":"2 Louse","floor":11.0,"turns":1.0},{"damage":5.0,"enemies":"Exordium Thugs","floor":13.0,"turns":2.0},{"damage":1.0,"enemies":"Large Slime","floor":14.0,"turns":2.0},{"damage":7.0,"enemies":"Slime Boss","floor":16.0,"turns":5.0},{"damage":18.0,"enemies":"Shell Parasite","floor":18.0,"turns":5.0},{"damage":6.0,"enemies":"2 Thieves","floor":19.0,"turns":2.0},{"damage":10.0,"enemies":"Snake Plant","floor":20.0,"turns":3.0},{"damage":38,"enemies":"Gremlin Leader","floor":23,"turns":6},{"damage":32,"enemies":"Book of Stabbing","floor":27,"turns":4}],"seed_played":"-5167267503807069909","potions_obtained":[{"floor":1.0,"key":"SteroidPotion"},{"floor":13.0,"key":"SpeedPotion"},{"floor":14.0,"key":"Fire Potion"},{"floor":23,"key":"LifebloodPotion"}],"is_trial":false,"path_per_floor":["M","$","?","M","T","?","E","?","T","R","M","R","M","M","R","B",null,"M","M","M","$","$","E","R","?","T","E"],"character_chosen":"DEFECT","items_purchased":["MerchantsRug","Replay:Accelerometer"],"campfire_rested":1,"item_purchase_floors":[0,22],"current_hp_per_floor":[58,58,58,51,51,51,20,17,24,24,24,24,19,18,57,50,82,69,63,53,53,53,30,30,30,30,0,0],"gold":162,"neow_bonus":"","is_daily":false,"chose_seed":false,"campfire_upgraded":3,"win_rate":0.0,"timestamp":1609370055,"path_taken":["M","$","?","M","?","?","E","?","T","R","M","R","M","M","R","BOSS","M","M","?","$","?","E","R","?","T","E"],"items_purchased_type":["Relic","Relic"],"build_version":"2020-12-22","purchased_purges":2,"victory":false,"max_hp_per_floor":[75,75,75,75,75,75,75,75,82,82,82,82,82,82,82,82,82,82,82,82,82,82,92,92,92,92,92,92],"card_choices":[{"not_picked":[],"picked":"BettingIsNotGood","floor":0.0},{"not_picked":["FTL","Hologram","Rebound"],"picked":"SKIP","floor":1.0},{"not_picked":["ReplayGash","ReplaySort","Genetic Algorithm"],"picked":"SKIP","floor":4.0},{"not_picked":["Stack","Bomb"],"picked":"Electrodynamics","floor":7.0},{"not_picked":["Leap","Doom and Gloom","Rebound"],"picked":"SKIP","floor":11.0},{"not_picked":["Conserve Battery","Pulse"],"picked":"Bomb","floor":13.0},{"not_picked":["Compile Driver","Steam","Barrage"],"picked":"SKIP","floor":14.0},{"not_picked":["Thunder Strike","Reboot"],"picked":"ReplayTheSpireMod:Fabricate Wheel","floor":16.0},{"not_picked":["Coolheaded"],"picked":"SKIP","floor":18.0},{"not_picked":["Sweeping Beam"],"picked":"SKIP","floor":18.0},{"not_picked":["Go for the Eyes"],"picked":"SKIP","floor":19.0},{"not_picked":["Streamline"],"picked":"SKIP","floor":19.0},{"not_picked":["Ball Lightning"],"picked":"SKIP","floor":20.0},{"not_picked":["Streamline"],"picked":"SKIP","floor":20.0},{"not_picked":["Skim"],"picked":"SKIP","floor":23}],"player_experience":436159,"relics_obtained":[{"floor":5.0,"key":"DoctorsRemote"},{"floor":7.0,"key":"BookofShadows"},{"floor":9.0,"key":"Strawberry"},{"floor":23,"key":"Pear"},{"floor":26,"key":"Frozen Egg 2"}],"event_choices":[{"damage_healed":0.0,"max_hp_gain":0.0,"max_hp_loss":0.0,"gold_gain":0.0,"event_name":"Accursed Blacksmith","player_choice":"Rummage","floor":6.0,"gold_loss":0.0,"damage_taken":0.0,"relics_obtained":["WarpedTongs"],"cards_obtained":["Pain"]},{"damage_healed":0.0,"max_hp_gain":0.0,"max_hp_loss":0.0,"gold_gain":0.0,"event_name":"Scrap Ooze","player_choice":"Success","floor":8.0,"gold_loss":0.0,"damage_taken":3.0,"relics_obtained":["Regal Pillow"]}],"is_beta":false,"boss_relics":[{"not_picked":["energizedSpire:MagnifyingGlass","energizedSpire:StickyHand"],"picked":"Busted Crown"},{"not_picked":[]}],"items_purged_floors":[2,21],"is_endless":false,"potions_floor_spawned":[1,13,14,23],"killed_by":"Book of Stabbing","ascension_level":3}}