{"host":"i09pxcjttd31eh4q","time":1609307555,"event":{"mods":["AchievementEnabler","BaseMod","Colored Map","Keyboard Shortcuts","Minty Spire (QoL Compilation)","StSLib","SuperFastMode"],"gold_per_floor":[115,127,127,145,163,188,188,188,188,215,215,233,308,321,321,398,398,417,417,417,256,274,309,320,320,320,320,332,257,71,82,82,155,155,174,189,204,215,232,264,264,50,50,83,100,100,113,123,123,123,123,123,123,38,66,66],"floor_reached":57,"playtime":2867,"items_purged":["Catalyst","Strike_G","Strike_G"],"score":3321,"play_id":"bf1abd55-ec57-4fa7-85fc-e86477f2c76c","local_time":"20201230145235","is_ascension_mode":true,"campfire_choices":[{"data":"Neutralize","floor":7.0,"key":"SMITH"},{"floor":11.0,"key":"REST"},{"data":"Well Laid Plans","floor":15.0,"key":"SMITH"},{"data":"Reflex","floor":25.0,"key":"SMITH"},{"data":"Survivor","floor":27.0,"key":"SMITH"},{"data":"Adrenaline","floor":32.0,"key":"SMITH"},{"data":"Concentrate","floor":41.0,"key":"SMITH"},{"floor":49.0,"key":"RECALL"},{"data":"Calculated Gamble","floor":53.0,"key":"SMITH"}],"circlet_count":0,"master_deck":["AscendersBane","Strike_G","Strike_G","Defend_G","Defend_G","Defend_G","Defend_G","Survivor+1","Neutralize+1","Backflip","Grand Finale","Backflip","Well Laid Plans+1","Reflex+1","Backflip+1","Adrenaline+1","Escape Plan","Dagger Throw","Concentrate+1","Prepared","Prepared+1","Footwork","Acrobatics+1","Acrobatics","Calculated Gamble+1","Footwork"],"relics":["Ring of the Snake","Akabeko","Bag of Marbles","Eternal Feather","Ninja Scroll","Tough Bandages","SacredBark","Mummified Hand","Sundial","Runic Dome","Regal Pillow","Anchor","Pen Nib"],"acts_visited":["Exordium","TheCity","TheBeyond","TheEnding"],"potions_floor_usage":[56,56],"damage_taken":[{"damage":3.0,"enemies":"Cultist","floor":1.0,"turns":5.0},{"damage":8.0,"enemies":"Small Slimes","floor":2.0,"turns":4.0},{"damage":2.0,"enemies":"Jaw Worm","floor":4.0,"turns":7.0},{"damage":8.0,"enemies":"3 Louse","floor":5.0,"turns":7.0},{"damage":0.0,"enemies":"3 Sentries","floor":6.0,"turns":2.0},{"damage":43.0,"enemies":"Gremlin Nob","floor":10.0,"turns":5.0},{"damage":0.0,"enemies":"Looter","floor":12.0,"turns":1.0},{"damage":0.0,"enemies":"Exordium Wildlife","floor":14.0,"turns":4.0},{"damage":0.0,"enemies":"The Guardian","floor":16.0,"turns":11.0},{"damage":0.0,"enemies":"Chosen","floor":18.0,"turns":3.0},{"damage":6.0,"enemies":"2 Thieves","floor":22.0,"turns":3.0},{"damage":17.0,"enemies":"Book of Stabbing","floor":23.0,"turns":5.0},{"damage":4.0,"enemies":"Centurion and Healer","floor":24.0,"turns":6.0},{"damage":5.0,"enemies":"3 Cultists","floor":28.0,"turns":5.0},{"damage":0.0,"enemies":"Snake Plant","floor":31.0,"turns":3.0},{"damage":0.0,"enemies":"Collector","floor":33.0,"turns":6.0},{"damage":0.0,"enemies":"3 Shapes","floor":35.0,"turns":3.0},{"damage":0.0,"enemies":"Orb Walker","floor":36.0,"turns":4.0},{"damage":22.0,"enemies":"Transient","floor":37.0,"turns":6.0},{"damage":22.0,"enemies":"Jaw Worm Horde","floor":38.0,"turns":2.0},{"damage":3.0,"enemies":"4 Shapes","floor":39.0,"turns":2.0},{"damage":0.0,"enemies":"Reptomancer","floor":40.0,"turns":5.0},{"damage":0.0,"enemies":"Giant Head","floor":44.0,"turns":5.0},{"damage":0.0,"enemies":"Transient","floor":45.0,"turns":6.0},{"damage":0.0,"enemies":"3 Darklings","floor":47.0,"turns":1.0},{"damage":0.0,"enemies":"Sphere and 2 Shapes","floor":48.0,"turns":1.0},{"damage":0.0,"enemies":"Donu and Deca","floor":50.0,"turns":3.0},{"damage":40.0,"enemies":"Time Eater","floor":51.0,"turns":11.0},{"damage":0.0,"enemies":"Shield and Spear","floor":55.0,"turns":6.0},{"damage":1,"enemies":"The Heart","floor":56,"turns":7}],"seed_played":"2951805030323589872","potions_obtained":[{"floor":1.0,"key":"Regen Potion"},{"floor":5.0,"key":"SmokeBomb"},{"floor":14.0,"key":"EssenceOfSteel"},{"floor":16.0,"key":"CunningPotion"},{"floor":22.0,"key":"ColorlessPotion"},{"floor":24.0,"key":"Fruit Juice"},{"floor":35.0,"key":"GhostInAJar"},{"floor":37.0,"key":"CunningPotion"},{"floor":40.0,"key":"DuplicationPotion"}],"is_trial":false,"path_per_floor":["M","M","?","M","M","E","R","T","T","E","R","M","?","M","R","B",null,"M","?","?","$","M","E","M","R","T","R","M","?","$","M","R","B",null,"M","M","M","M","M","E","R","$","T","E","M","?","M","M","R","B","B",null,"R","$","E","B",null],"character_chosen":"THE_SILENT","items_purchased":["Reflex","Adrenaline","Footwork","Footwork"],"campfire_rested":1,"item_purchase_floors":[21,30,42,54],"current_hp_per_floor":[56,48,41,39,46,46,46,46,46,3,31,31,20,20,29,29,57,57,57,39,39,33,16,12,21,21,30,25,25,25,25,34,34,62,72,72,50,28,25,25,37,37,37,37,37,37,37,37,52,52,12,64,79,79,79,78],"gold":66,"neow_bonus":"RANDOM_COMMON_RELIC","is_daily":false,"chose_seed":false,"campfire_upgraded":7,"win_rate":0.0,"timestamp":1609307555,"path_taken":["M","?","?","M","M","E","R","?","T","E","R","M","?","M","R","BOSS","M","?","?","$","M","E","M","R","T","R","M","?","?","M","R","BOSS","M","M","M","?","M","E","R","$","T","E","M","?","M","M","R","BOSS","BOSS","R","$","E","BOSS"],"items_purchased_type":["Card","Card","Card","Card"],"build_version":"2020-12-22","purchased_purges":3,"victory":true,"max_hp_per_floor":[66,66,66,66,66,66,66,66,66,66,66,66,66,66,66,66,66,66,66,71,71,71,71,71,71,71,71,71,71,71,71,71,71,71,81,81,81,81,81,81,81,81,81,81,81,81,81,81,81,81,81,81,81,81,81,81],"card_choices":[{"not_picked":["Acrobatics","Prepared"],"picked":"Catalyst","floor":1.0},{"not_picked":["Setup","All Out Attack"],"picked":"Backflip","floor":2.0},{"not_picked":["Bane","Calculated Gamble"],"picked":"Grand Finale","floor":4.0},{"not_picked":["Noxious Fumes","Dagger Spray"],"picked":"Backflip","floor":5.0},{"not_picked":["Glass Knife","All Out Attack","Flying Knee"],"picked":"SKIP","floor":6.0},{"not_picked":["Deadly Poison","Dodge and Roll","Flechettes"],"picked":"SKIP","floor":10.0},{"not_picked":["Outmaneuver","All Out Attack"],"picked":"Well Laid Plans","floor":12.0},{"not_picked":["Backstab","Eviscerate","Deflect"],"picked":"SKIP","floor":14.0},{"not_picked":["Cloak And Dagger","Dagger Spray","Outmaneuver"],"picked":"SKIP","floor":18.0},{"not_picked":["Accuracy","Noxious Fumes","Endless Agony"],"picked":"SKIP","floor":22.0},{"not_picked":["Underhanded Strike","Dash","Backflip"],"picked":"SKIP","floor":23.0},{"not_picked":["Infinite Blades","Dagger Throw"],"picked":"Backflip+1","floor":24.0},{"not_picked":["Setup","Masterful Stab","Dodge and Roll"],"picked":"SKIP","floor":28.0},{"not_picked":["Dagger Throw","Backflip"],"picked":"Escape Plan","floor":31.0},{"not_picked":["Skewer+1","Backflip","Flying Knee"],"picked":"SKIP","floor":35.0},{"not_picked":["Deadly Poison","Poisoned Stab"],"picked":"Dagger Throw","floor":36.0},{"not_picked":["Blade Dance","Flying Knee+1"],"picked":"Concentrate","floor":37.0},{"not_picked":["PiercingWail","Corpse Explosion","Dodge and Roll"],"picked":"SKIP","floor":38.0},{"not_picked":["PiercingWail","Corpse Explosion","Dodge and Roll"],"picked":"SKIP","floor":38.0},{"not_picked":["Flying Knee","Slice"],"picked":"Prepared","floor":39.0},{"not_picked":["Reflex","Predator+1"],"picked":"Prepared+1","floor":40.0},{"not_picked":["Crippling Poison+1","Accuracy","Blade Dance"],"picked":"SKIP","floor":44.0},{"not_picked":["Storm of Steel","Poisoned Stab"],"picked":"Acrobatics+1","floor":45.0},{"not_picked":["Masterful Stab","Endless Agony"],"picked":"Acrobatics","floor":47.0},{"not_picked":["Leg Sweep","Footwork"],"picked":"Calculated Gamble","floor":48.0},{"not_picked":["Noxious Fumes","Bane","Acrobatics"],"picked":"SKIP","floor":55.0}],"player_experience":791981,"relics_obtained":[{"floor":6.0,"key":"Bag of Marbles"},{"floor":8.0,"key":"Eternal Feather"},{"floor":9.0,"key":"Ninja Scroll"},{"floor":10.0,"key":"Tough Bandages"},{"floor":23.0,"key":"Mummified Hand"},{"floor":26.0,"key":"Sundial"},{"floor":40.0,"key":"Regal Pillow"},{"floor":44.0,"key":"Anchor"},{"floor":55.0,"key":"Pen Nib"}],"event_choices":[{"cards_removed":["Defend_G"],"damage_healed":0.0,"max_hp_gain":0.0,"max_hp_loss":0.0,"gold_gain":0.0,"event_name":"Golden Wing","player_choice":"Card Removal","floor":3.0,"gold_loss":0.0,"damage_taken":7.0},{"damage_healed":0.0,"max_hp_gain":0.0,"max_hp_loss":0.0,"gold_gain":75.0,"event_name":"World of Goop","player_choice":"Gather Gold","floor":13.0,"gold_loss":0.0,"damage_taken":11.0},{"damage_healed":0.0,"max_hp_gain":0.0,"max_hp_loss":0.0,"gold_gain":0.0,"event_name":"Ghosts","player_choice":"Ignored","floor":19.0,"gold_loss":0.0,"damage_taken":0.0},{"damage_healed":0.0,"max_hp_gain":5.0,"max_hp_loss":0.0,"gold_gain":0.0,"event_name":"Forgotten Altar","player_choice":"Shed Blood","floor":20.0,"gold_loss":0.0,"damage_taken":23.0},{"cards_removed":["Strike_G"],"damage_healed":0.0,"max_hp_gain":0.0,"max_hp_loss":0.0,"gold_gain":0.0,"event_name":"Beggar","player_choice":"Gave Gold","floor":29.0,"gold_loss":75.0,"damage_taken":0.0},{"damage_healed":0.0,"max_hp_gain":0.0,"max_hp_loss":0.0,"gold_gain":0.0,"event_name":"Tomb of Lord Red Mask","player_choice":"Ignored","floor":46.0,"gold_loss":0.0,"damage_taken":0.0}],"is_beta":false,"boss_relics":[{"not_picked":["Calling Bell","Ectoplasm"],"picked":"SacredBark"},{"not_picked":["Velvet Choker","Snecko Eye"],"picked":"Runic Dome"}],"items_purged_floors":[21,30,42],"is_endless":false,"potions_floor_spawned":[1,5,14,16,22,24,35,37,40,45,48],"ascension_level":20}}