{"host":"8fjsnt81u6xsmhji","time":1609326181,"event":{"mods":["BaseMod","Beaked The Cultist","Colored Powertips","Downfall","Glutton Mod","Hermit","Minty Spire (QoL Compilation)","Quick Restart","StSLib","The Bug Knight","The Forsaken","The Hierophant"],"gold_per_floor":[99,110,129,129,129,54,77,77,77,116,41,84,130,155,181,291,291,216,246,246,260,290,336,336,385,385,385,419,419,493,518,575,716,716,716,750,328,342,354,395,464,467,513,528,91,132,144,193,264,232,232,235,235,235,105],"floor_reached":56,"playtime":5406,"items_purged":[],"score":1703,"play_id":"b9b6661b-3a64-4029-9546-8e41f34625e1","local_time":"20201230050301","is_ascension_mode":true,"campfire_choices":[{"floor":1.0,"key":"RECALL"},{"data":"Glutton:Chomp","floor":6.0,"key":"SMITH"},{"data":"Glutton:Rapacity","floor":11.0,"key":"SMITH"},{"data":"Glutton:Megrim","floor":18.0,"key":"SMITH"},{"data":"1","floor":29.0,"key":"LIFT"},{"data":"Glutton:Megrim","floor":35.0,"key":"SMITH"},{"data":"2","floor":54.0,"key":"LIFT"}],"circlet_count":0,"master_deck":["Glutton:Strike+1","Glutton:Strike+1","Glutton:Strike+1","Glutton:Strike+1","Glutton:Strike+1","Glutton:Defend+1","Glutton:Defend+1","Glutton:Defend+1","Glutton:Flail+1","Glutton:Chomp+1","Glutton:Devour","Glutton:Rapacity+1","Glutton:Misery","Glutton:GuardStance","Glutton:Strain","Glutton:Megrim+1","Glutton:DecrepitStrike+1","Glutton:Delusion","Glutton:Loot+1","Glutton:Migraine","Glutton:Treat+1","Glutton:Thrombosis+1","Glutton:Megrim+1","Glutton:Thrombosis+1","Glutton:EatAlive","Apotheosis","Glutton:Dispepsia+1","Glutton:Clot+1","Glutton:ToxicResidue","Glutton:EatAlive+1","Glutton:Revivification","Glutton:GuardStance+1","Glutton:ObsessiveGreed"],"relics":["Glutton:EternalHunger","downfall:HeartBlessingRed","Girya","downfall:HeartBlessingBlue","Mango","Orichalcum","Snecko Eye","downfall:HeartBlessingGreen","theForsaken:HumbleEgg","Bottled Flame","Anchor","Pear","hexamod:BolsterEngine","Black Star","Shuriken","Regal Pillow","Glutton:Treadmill","Question Card","HollowMod:StagPassRelic","Glutton:LuckySock","Sundial","Dead Branch","Ornamental Fan","Gremlin Horn","InkBottle","Whetstone"],"acts_visited":["Exordium","TheCity","TheBeyond","TheEnding"],"potions_floor_usage":[55,55,55],"damage_taken":[{"damage":7.0,"enemies":"2 Louse","floor":2.0,"turns":2.0},{"damage":20.0,"enemies":"Jaw Worm","floor":3.0,"turns":3.0},{"damage":1.0,"enemies":"Cultist","floor":9.0,"turns":1.0},{"damage":30.0,"enemies":"3 Sentries","floor":10.0,"turns":7.0},{"damage":39.0,"enemies":"Gremlin Nob","floor":12.0,"turns":4.0},{"damage":28.0,"enemies":"Exordium Thugs","floor":14.0,"turns":3.0},{"damage":10.0,"enemies":"2 Fungi Beasts","floor":15.0,"turns":5.0},{"damage":119.0,"enemies":"downfall:Defect","floor":16.0,"turns":9.0},{"damage":28.0,"enemies":"3 Byrds","floor":19.0,"turns":4.0},{"damage":2.0,"enemies":"Spheric Guardian","floor":21.0,"turns":2.0},{"damage":6.0,"enemies":"Chosen and Byrds","floor":22.0,"turns":3.0},{"damage":31.0,"enemies":"Gremlin Leader","floor":23.0,"turns":4.0},{"damage":30.0,"enemies":"Slavers","floor":25.0,"turns":4.0},{"damage":27.0,"enemies":"Sentry and Sphere","floor":28.0,"turns":5.0},{"damage":22.0,"enemies":"Book of Stabbing","floor":30.0,"turns":4.0},{"damage":16.0,"enemies":"3 Cultists","floor":31.0,"turns":4.0},{"damage":11.0,"enemies":"Snecko","floor":32.0,"turns":3.0},{"damage":50.0,"enemies":"downfall:Watcher","floor":33.0,"turns":5.0},{"damage":25.0,"enemies":"Orb Walker","floor":36.0,"turns":4.0},{"damage":12.0,"enemies":"downfall:FleeingMerchant","floor":37.0,"turns":4.0},{"damage":33.0,"enemies":"3 Darklings","floor":38.0,"turns":4.0},{"damage":40.0,"enemies":"Jaw Worm Horde","floor":39.0,"turns":4.0},{"damage":40.0,"enemies":"Giant Head","floor":40.0,"turns":6.0},{"damage":20.0,"enemies":"downfall:FleeingMerchant","floor":42.0,"turns":4.0},{"damage":133.0,"enemies":"Reptomancer","floor":43.0,"turns":6.0},{"damage":16.0,"enemies":"Maw","floor":44.0,"turns":4.0},{"damage":58.0,"enemies":"Writhing Mass","floor":46.0,"turns":4.0},{"damage":31.0,"enemies":"Spire Growth","floor":47.0,"turns":3.0},{"damage":51.0,"enemies":"Nemesis","floor":48.0,"turns":5.0},{"damage":34.0,"enemies":"4 Shapes","floor":49.0,"turns":3.0},{"damage":57.0,"enemies":"downfall:Ironclad","floor":50.0,"turns":9.0},{"damage":59.0,"enemies":"downfall:CharBossMerchant","floor":52.0,"turns":6.0},{"damage":119,"enemies":"downfall:NeowBoss","floor":55,"turns":14}],"seed_played":"3739261812116627116","potions_obtained":[{"floor":2.0,"key":"Explosive Potion"},{"floor":12.0,"key":"champ:CounterPotion"},{"floor":14.0,"key":"Dexterity Potion"},{"floor":21.0,"key":"SpeedPotion"},{"floor":23.0,"key":"AttackPotion"},{"floor":30.0,"key":"Regen Potion"},{"floor":31.0,"key":"Block Potion"},{"floor":33.0,"key":"Block Potion"},{"floor":36.0,"key":"Energy Potion"},{"floor":43.0,"key":"AttackPotion"},{"floor":44.0,"key":"Strength Potion"}],"is_trial":false,"path_per_floor":["R","M","M","?","?","R","T","?","M","E","R","E","T","M","M","B",null,"R","M","?","M","M","E","T","E","?","?","M","R","E","M","M","B",null,"R","M","$","M","M","E","T","$","E","M","$","M","M","E","M","B",null,"E","$","R","B",null],"character_chosen":"GLUTTON","items_purchased":["Apotheosis","Shuriken","Glutton:ToxicResidue","HollowMod:StagPassRelic","Dead Branch","Glutton:EatAlive"],"campfire_rested":0,"item_purchase_floors":[37,37,42,42,45,45],"current_hp_per_floor":[120,113,109,109,109,109,109,109,108,100,110,107,107,101,116,20,122,122,113,113,123,139,128,128,128,128,138,141,141,166,164,174,155,172,172,163,177,166,171,194,194,209,174,239,239,249,283,300,346,380,391,423,423,423,457],"gold":105,"neow_bonus":"TEN_PERCENT_HP_BONUS","is_daily":false,"chose_seed":false,"campfire_upgraded":4,"win_rate":0.0,"timestamp":1609326181,"path_taken":["R","M","M","?","?","R","T","?","M","E","R","E","?","?","M","BOSS","R","M","?","M","M","E","T","E","?","?","M","R","E","M","M","BOSS","R","M","$","M","?","E","T","$","E","M","$","M","?","E","M","BOSS","E","$","R","BOSS"],"items_purchased_type":["Card","Relic","Card","Relic","Relic","Card"],"build_version":"2020-12-22","purchased_purges":0,"victory":true,"max_hp_per_floor":[132,132,132,132,132,132,132,132,132,132,142,156,156,156,156,156,156,156,156,156,156,156,156,156,156,156,166,166,166,166,174,174,178,178,178,178,182,196,206,218,218,232,250,265,265,292,323,337,370,395,395,426,426,426,458],"card_choices":[{"not_picked":["Glutton:Tantrum","Glutton:GnawingHunger"],"picked":"Glutton:Chomp","floor":2.0},{"not_picked":["Glutton:Rest","Glutton:Scab"],"picked":"Glutton:Devour","floor":3.0},{"not_picked":["Glutton:Devour","Glutton:Salivate"],"picked":"Glutton:Rapacity","floor":9.0},{"not_picked":["Glutton:Treat","Glutton:Rest"],"picked":"Glutton:Misery","floor":10.0},{"not_picked":["Glutton:ShareWeakness","Glutton:FeverVisions"],"picked":"Glutton:GuardStance","floor":12.0},{"not_picked":["Glutton:ShareWeakness","Glutton:GnawingHunger"],"picked":"Glutton:Strain","floor":14.0},{"not_picked":["Glutton:LashOut","Glutton:Yearn","Glutton:Overreach"],"picked":"SKIP","floor":15.0},{"not_picked":["Glutton:Malignancy","Glutton:Enfeeblement"],"picked":"Glutton:Megrim","floor":16.0},{"not_picked":["Glutton:Feed","Glutton:GnawingHunger+1"],"picked":"Glutton:DecrepitStrike","floor":19.0},{"not_picked":["Glutton:ToxicResidue","Glutton:BellySlam","Glutton:FeverVisions"],"picked":"SKIP","floor":21.0},{"not_picked":["Glutton:Yearn","Glutton:Voracity"],"picked":"Glutton:Delusion","floor":22.0},{"not_picked":["Glutton:Brace+1","Glutton:Rest+1"],"picked":"Glutton:Loot+1","floor":23.0},{"not_picked":["Glutton:Torment","Glutton:Bite+1"],"picked":"Glutton:Migraine","floor":25.0},{"not_picked":["Glutton:SelfFlagellate+1","Glutton:Demolish+1"],"picked":"Glutton:Treat+1","floor":28.0},{"not_picked":["Glutton:Scab+1","Glutton:Salivate+1"],"picked":"Glutton:Thrombosis+1","floor":30.0},{"not_picked":["Glutton:Reminisce","Glutton:Salivate+1","Glutton:Voracity"],"picked":"SKIP","floor":31.0},{"not_picked":["Glutton:LashOut+1","Glutton:KneeJerk+1","Glutton:Voracity"],"picked":"SKIP","floor":32.0},{"not_picked":["Glutton:EatAlive","Glutton:StarvationMode"],"picked":"Glutton:Megrim","floor":33.0},{"not_picked":["Glutton:KneeJerk+1","Glutton:Salivate+1"],"picked":"Glutton:Thrombosis+1","floor":36.0},{"not_picked":["Glutton:Fever+1","Glutton:Feed+1"],"picked":"Glutton:EatAlive","floor":37.0},{"not_picked":["Glutton:Scab+1","Glutton:KneeJerk+1"],"picked":"Glutton:Dispepsia+1","floor":38.0},{"not_picked":["Glutton:Feed+1","Glutton:Slam+1","Glutton:LashOut+1"],"picked":"SKIP","floor":39.0},{"not_picked":["Glutton:Rest+1","Glutton:Hemophilia"],"picked":"Glutton:Clot+1","floor":40.0},{"not_picked":["Glutton:Rest+1","Glutton:Devour+1","Glutton:Clot+1","Glutton:Toxicity"],"picked":"SKIP","floor":42.0},{"not_picked":["Glutton:Scab+1","Glutton:Delusion+1","Glutton:ShareWeakness+1","Glutton:LashOut+1"],"picked":"SKIP","floor":43.0},{"not_picked":["Glutton:GoldenArmor","Glutton:Profligacy+1","Glutton:BloodyKnuckle+1","Glutton:DistilledAgony"],"picked":"SKIP","floor":44.0},{"not_picked":["Glutton:Bite+1","Glutton:GuardStance+1","Glutton:Demolish+1"],"picked":"Glutton:Revivification","floor":46.0},{"not_picked":["Glutton:SelfFlagellate+1","Glutton:Tantrum+1","Glutton:ShedFat"],"picked":"Glutton:GuardStance+1","floor":47.0},{"not_picked":["Glutton:Rapacity","Glutton:Yearn+1","Glutton:ToxicResidue+1"],"picked":"Glutton:ObsessiveGreed","floor":48.0},{"not_picked":["Glutton:Regurgitate+1","Glutton:Voracity","Glutton:KneeJerk+1","Glutton:Hemophilia"],"picked":"SKIP","floor":49.0},{"not_picked":["Glutton:Slam+1","Glutton:Devour+1","Glutton:GoldenArmor+1","Glutton:Tantrum+1"],"picked":"SKIP","floor":52.0}],"player_experience":632408,"relics_obtained":[{"floor":10.0,"key":"Girya"},{"floor":12.0,"key":"Mango"},{"floor":13.0,"key":"Orichalcum"},{"floor":23.0,"key":"theForsaken:HumbleEgg"},{"floor":24.0,"key":"Bottled Flame"},{"floor":25.0,"key":"Anchor"},{"floor":27.0,"key":"Pear"},{"floor":30.0,"key":"hexamod:BolsterEngine"},{"floor":40.0,"key":"Regal Pillow"},{"floor":40.0,"key":"Glutton:Treadmill"},{"floor":41.0,"key":"Question Card"},{"floor":43.0,"key":"Glutton:LuckySock"},{"floor":43.0,"key":"Sundial"},{"floor":48.0,"key":"Ornamental Fan"},{"floor":48.0,"key":"Gremlin Horn"},{"floor":52.0,"key":"InkBottle"},{"floor":52.0,"key":"Whetstone"}],"event_choices":[{"damage_healed":0.0,"max_hp_gain":0.0,"max_hp_loss":0.0,"gold_gain":0.0,"event_name":"Back to Basics","player_choice":"Simplicity","floor":20.0,"gold_loss":0.0,"damage_taken":0.0,"cards_upgraded":["Glutton:Strike","Glutton:Strike","Glutton:Strike","Glutton:Strike","Glutton:Strike","Glutton:Defend","Glutton:Defend","Glutton:Defend"]},{"damage_healed":0.0,"max_hp_gain":0.0,"max_hp_loss":0.0,"gold_gain":0.0,"event_name":"Vampires","player_choice":"Ignored","floor":26.0,"gold_loss":0.0,"damage_taken":0.0},{"damage_healed":0.0,"max_hp_gain":0.0,"max_hp_loss":0.0,"gold_gain":0.0,"event_name":"Wheel of Change","player_choice":"Relic","floor":27.0,"gold_loss":0.0,"damage_taken":0.0}],"is_beta":false,"boss_relics":[{"not_picked":["SacredBark","Sozu"],"picked":"Snecko Eye"},{"not_picked":["Fusion Hammer","Pandora\u0027s Box"],"picked":"Black Star"}],"items_purged_floors":[],"is_endless":false,"potions_floor_spawned":[2,12,14,21,23,30,31,33,36,38,43,44,49,52],"ascension_level":7}}