{"host":"3qkmyeoym75lj4wn","time":1609292827,"event":{"mods":["2.2 Compatiblity","Act Like it!","BaseMod","Bestiary","Block Reminder","Colored Powertips","Highlight Path","Minty Spire (QoL Compilation)","Permanent Neow","Rare Cards Sparkle","Relic Stats","StSLib"],"gold_per_floor":[113,130,130,4,24,57,57,57,57],"floor_reached":8,"playtime":297,"items_purged":[],"score":112,"play_id":"80892f1f-d90c-4de2-b0d5-69b572ba889e","local_time":"20201230014707","is_ascension_mode":true,"campfire_choices":[{"floor":7,"key":"REST"}],"circlet_count":0,"master_deck":["AscendersBane","Strike_G","Strike_G","Strike_G","Strike_G","Defend_G","Defend_G","Defend_G","Defend_G","Defend_G","Survivor","Neutralize","A Thousand Cuts","Distraction","Cloak And Dagger","Footwork","Deflect","Crippling Poison","Poisoned Stab"],"relics":["Ring of the Snake","White Beast Statue"],"acts_visited":["Exordium"],"potions_floor_usage":[6],"damage_taken":[{"damage":11,"enemies":"2 Louse","floor":1,"turns":4},{"damage":0,"enemies":"Cultist","floor":2,"turns":3},{"damage":3,"enemies":"Small Slimes","floor":5,"turns":5},{"damage":22,"enemies":"3 Sentries","floor":6,"turns":12},{"damage":48,"enemies":"Gremlin Nob","floor":8,"turns":4}],"seed_played":"-6172939181858017138","potions_obtained":[{"floor":1,"key":"PowerPotion"}],"is_trial":false,"path_per_floor":["M","M","?","$","M","E","R","E"],"character_chosen":"THE_SILENT","items_purchased":["Footwork","Deflect"],"campfire_rested":1,"item_purchase_floors":[4,4],"current_hp_per_floor":[48,48,48,48,45,23,42,0,0],"gold":57,"neow_bonus":"ONE_RANDOM_RARE_CARD","is_daily":false,"chose_seed":false,"campfire_upgraded":0,"win_rate":0.0,"timestamp":1609292827,"path_taken":["M","M","?","$","?","E","R","E"],"items_purchased_type":["Card","Card"],"build_version":"2020-12-22","purchased_purges":0,"victory":false,"max_hp_per_floor":[66,66,66,66,66,66,66,66,66],"relic_stats":{"counters":[5,28],"obtain_stats":[{"White Beast Statue":6,"Ring of the Snake":0},{"White Beast Statue":4,"Ring of the Snake":0},{"White Beast Statue":24,"Ring of the Snake":0}],"Ring of the Snake":[10]},"card_choices":[{"not_picked":["Blur","Choke"],"picked":"Distraction","floor":1},{"not_picked":["Deadly Poison","Outmaneuver"],"picked":"Cloak And Dagger","floor":2},{"not_picked":["Underhanded Strike","Backflip"],"picked":"Crippling Poison","floor":5},{"not_picked":["Acrobatics","Deadly Poison"],"picked":"Poisoned Stab","floor":6}],"player_experience":1610054,"relics_obtained":[{"floor":6,"key":"White Beast Statue"}],"event_choices":[{"cards_removed":["Strike_G"],"damage_healed":0,"gold_gain":0,"player_choice":"Purged","damage_taken":0,"max_hp_gain":0,"max_hp_loss":0,"event_name":"Purifier","floor":3,"gold_loss":0}],"is_beta":false,"boss_relics":[],"items_purged_floors":[],"is_endless":false,"potions_floor_spawned":[1],"killed_by":"Gremlin Nob","ascension_level":20}}