{"host":"jksa5rawk3m4gilz","time":1609344517,"event":{"mods":["BaseMod","Colored Map","Highlight Path","Minty Spire (QoL Compilation)","Quick Restart"],"gold_per_floor":[114,114,114,135,210,249,273,273,347,13,62,62,102,127,127,234,243,272,113,38,70,70,70],"floor_reached":22,"playtime":702,"items_purged":["Strike_B"],"score":375,"play_id":"bc06fdbd-0296-42e1-99cc-7d8c6f0c55cd","local_time":"20201230170837","is_ascension_mode":true,"campfire_choices":[{"floor":8,"key":"REST"},{"floor":15,"key":"REST"}],"circlet_count":0,"master_deck":["AscendersBane","Strike_B","Strike_B","Defend_B","Defend_B","Defend_B","Defend_B","Zap","Dualcast","Gash","Gash","Streamline","Panacea","FTL+1","Gash+1","FTL+1","Core Surge+1","CurseOfTheBell","Aggregate","Reinforced Body","Self Repair","Self Repair"],"relics":["Cracked Core","NeowsBlessing","Golden Idol","Akabeko","Molten Egg 2","Pantograph","CeramicFish","TungstenRod","Calling Bell","Centennial Puzzle","Mummified Hand","Girya"],"acts_visited":["Exordium","TheCity"],"potions_floor_usage":[13],"damage_taken":[{"damage":0,"enemies":"Jaw Worm","floor":1,"turns":1},{"damage":0,"enemies":"Small Slimes","floor":4,"turns":1},{"damage":0,"enemies":"3 Sentries","floor":6,"turns":1},{"damage":1,"enemies":"Cultist","floor":7,"turns":3},{"damage":35,"enemies":"Gremlin Nob","floor":11,"turns":4},{"damage":15,"enemies":"3 Sentries","floor":13,"turns":6},{"damage":11,"enemies":"3 Louse","floor":14,"turns":3},{"damage":24,"enemies":"Slime Boss","floor":16,"turns":9},{"damage":31,"enemies":"Shell Parasite","floor":18,"turns":4},{"damage":10,"enemies":"Chosen","floor":21,"turns":4},{"damage":45,"enemies":"3 Cultists","floor":22,"turns":6}],"seed_played":"-1777578118949337232","potions_obtained":[{"floor":1,"key":"DistilledChaos"},{"floor":7,"key":"PotionOfCapacity"},{"floor":14,"key":"LiquidBronze"}],"is_trial":false,"path_per_floor":["M","?","?","M","?","E","M","R","T","$","E","$","E","M","R","B",null,"M","$","?","M","M"],"character_chosen":"DEFECT","items_purchased":["Panacea","Pantograph","Reinforced Body","Self Repair"],"campfire_rested":2,"item_purchase_floors":[10,10,19,19],"current_hp_per_floor":[68,50,55,55,44,44,43,67,67,67,32,32,17,6,30,31,68,37,37,37,34,0,0],"gold":70,"neow_bonus":"THREE_ENEMY_KILL","is_daily":false,"chose_seed":false,"campfire_upgraded":0,"win_rate":0.0,"timestamp":1609344517,"path_taken":["M","?","?","M","?","E","M","R","T","?","E","$","E","M","R","BOSS","M","$","?","M","M"],"items_purchased_type":["Card","Relic","Card","Card"],"build_version":"2020-12-22","purchased_purges":1,"victory":false,"max_hp_per_floor":[75,75,80,80,80,80,80,80,80,80,80,80,80,80,80,80,80,80,80,80,80,80,80],"card_choices":[{"not_picked":["Undo","Turbo"],"picked":"Gash","floor":1},{"not_picked":["Compile Driver","Hologram"],"picked":"Gash","floor":4},{"not_picked":["Rip and Tear","Lockon","Compile Driver"],"picked":"SKIP","floor":6},{"not_picked":["Turbo","Barrage"],"picked":"Streamline","floor":7},{"not_picked":["Leap","Tempest"],"picked":"FTL+1","floor":11},{"not_picked":["Barrage+1","Steam Power"],"picked":"Gash+1","floor":13},{"not_picked":["Conserve Battery","Loop"],"picked":"FTL+1","floor":14},{"not_picked":["Reboot","Machine Learning"],"picked":"Core Surge+1","floor":16},{"not_picked":["Barrage+1","Leap"],"picked":"Aggregate","floor":18},{"not_picked":["Stack+1","Melter+1"],"picked":"Self Repair","floor":21}],"player_experience":2093017,"relics_obtained":[{"floor":6,"key":"Akabeko"},{"floor":9,"key":"Molten Egg 2"},{"floor":11,"key":"CeramicFish"},{"floor":13,"key":"TungstenRod"},{"floor":17,"key":"Centennial Puzzle"},{"floor":17,"key":"Mummified Hand"},{"floor":17,"key":"Girya"}],"event_choices":[{"damage_healed":0,"gold_gain":0,"player_choice":"Take Damage","damage_taken":18,"relics_obtained":["Golden Idol"],"max_hp_gain":0,"max_hp_loss":0,"event_name":"Golden Idol","floor":2,"gold_loss":0},{"damage_healed":0,"gold_gain":0,"player_choice":"Donut","damage_taken":0,"max_hp_gain":5,"max_hp_loss":0,"event_name":"Big Fish","floor":3,"gold_loss":0},{"damage_healed":0,"gold_gain":75,"player_choice":"Gather Gold","damage_taken":11,"max_hp_gain":0,"max_hp_loss":0,"event_name":"World of Goop","floor":5,"gold_loss":0},{"cards_removed":["Strike_B"],"damage_healed":0,"gold_gain":0,"player_choice":"Gave Gold","damage_taken":0,"max_hp_gain":0,"max_hp_loss":0,"event_name":"Beggar","floor":20,"gold_loss":75}],"is_beta":false,"boss_relics":[{"not_picked":["Fusion Hammer","Black Star"],"picked":"Calling Bell"}],"items_purged_floors":[19],"is_endless":false,"potions_floor_spawned":[1,7,14],"killed_by":"3 Cultists","ascension_level":13}}