{"host":"h77azxdx0evtsxw5","time":1609292572,"event":{"mods":["AchievementEnabler","BaseMod","Better Vampires","Minty Spire (QoL Compilation)","Quick Restart","Rare Cards Sparkle","Relic Stats"],"gold_per_floor":[118,131,131,3,78,78,88,13,65,84,94,120,150,166,166,166,166],"floor_reached":16,"playtime":804,"items_purged":["Defend_G"],"score":102,"play_id":"069e9fd7-ac05-422b-9193-4c7f9cf2eff7","local_time":"20201229204252","is_ascension_mode":false,"campfire_choices":[{"data":"Leg Sweep","floor":6,"key":"SMITH"},{"data":"Survivor","floor":15,"key":"SMITH"}],"circlet_count":0,"master_deck":["Strike_G","Strike_G","Strike_G","Strike_G","Strike_G","Defend_G","Defend_G","Defend_G+1","Defend_G","Survivor+1","Neutralize","Heel Hook+1","Leg Sweep+1","Heel Hook","Endless Agony"],"relics":["Ring of the Snake","Juzu Bracelet","Bag of Preparation","Darkstone Periapt","Potion Belt"],"acts_visited":["Exordium"],"potions_floor_usage":[10,12,12],"damage_taken":[{"damage":6,"enemies":"Cultist","floor":1,"turns":5},{"damage":0,"enemies":"Small Slimes","floor":2,"turns":6},{"damage":0,"enemies":"2 Louse","floor":7,"turns":2},{"damage":4,"enemies":"Large Slime","floor":10,"turns":2},{"damage":2,"enemies":"Exordium Thugs","floor":11,"turns":6},{"damage":6,"enemies":"Lagavulin","floor":12,"turns":12},{"damage":0,"enemies":"Looter","floor":14,"turns":3},{"damage":0,"enemies":"The Guardian","floor":16,"turns":3}],"seed_played":"2685867174942919001","potions_obtained":[{"floor":2,"key":"SpeedPotion"},{"floor":11,"key":"Block Potion"},{"floor":14,"key":"BlessingOfTheForge"}],"is_trial":false,"path_per_floor":["M","M","?","$","?","R","M","$","T","M","M","E","?","M","R","B"],"character_chosen":"THE_SILENT","items_purchased":["Heel Hook","SkillPotion"],"campfire_rested":0,"item_purchase_floors":[4,4],"current_hp_per_floor":[64,64,50,50,39,39,39,39,39,35,33,27,27,27,27,27,27],"gold":166,"neow_bonus":"RANDOM_COMMON_RELIC","is_daily":false,"chose_seed":false,"campfire_upgraded":2,"win_rate":0.0,"timestamp":1609292572,"path_taken":["M","M","?","$","?","R","M","$","T","M","M","E","?","M","R","BOSS"],"items_purchased_type":["Card","Potion"],"build_version":"2020-12-22","purchased_purges":1,"victory":false,"max_hp_per_floor":[70,70,70,70,70,70,70,70,70,70,70,70,70,70,70,70,70],"relic_stats":{"Darkstone Periapt":0,"counters":[8,39],"Juzu Bracelet":1,"Bag of Preparation":[11],"obtain_stats":[{"Darkstone Periapt":12,"Potion Belt":13,"Juzu Bracelet":0,"Bag of Preparation":9,"Ring of the Snake":0},{"Darkstone Periapt":6,"Potion Belt":6,"Juzu Bracelet":0,"Bag of Preparation":3,"Ring of the Snake":0},{"Darkstone Periapt":33,"Potion Belt":33,"Juzu Bracelet":0,"Bag of Preparation":13,"Ring of the Snake":0}],"Ring of the Snake":[16]},"card_choices":[{"not_picked":["Acrobatics","Catalyst"],"picked":"Heel Hook","floor":1},{"not_picked":["Acrobatics","Underhanded Strike"],"picked":"Leg Sweep","floor":2},{"not_picked":["Riddle With Holes","Eviscerate","Prepared"],"picked":"SKIP","floor":7},{"not_picked":["Terror","Crippling Poison","Flying Knee"],"picked":"SKIP","floor":10},{"not_picked":["Prepared","Catalyst","Bouncing Flask"],"picked":"SKIP","floor":11},{"not_picked":["Backflip","Eviscerate"],"picked":"Endless Agony","floor":12},{"not_picked":["Poisoned Stab","Flying Knee","All Out Attack"],"picked":"SKIP","floor":14}],"player_experience":265460,"relics_obtained":[{"floor":9,"key":"Bag of Preparation"},{"floor":12,"key":"Darkstone Periapt"}],"event_choices":[{"damage_healed":0,"gold_gain":0,"player_choice":"Entered Light","damage_taken":14,"max_hp_gain":0,"max_hp_loss":0,"event_name":"Shining Light","floor":3,"gold_loss":0,"cards_upgraded":["Heel Hook","Defend_G"]},{"damage_healed":0,"gold_gain":75,"player_choice":"Gather Gold","damage_taken":11,"max_hp_gain":0,"max_hp_loss":0,"event_name":"World of Goop","floor":5,"gold_loss":0},{"damage_healed":0,"gold_gain":30,"player_choice":"Searched \u00272\u0027 times","damage_taken":0,"relics_obtained":["Potion Belt"],"max_hp_gain":0,"max_hp_loss":0,"event_name":"Dead Adventurer","floor":13,"gold_loss":0}],"is_beta":false,"boss_relics":[],"items_purged_floors":[8],"is_endless":false,"potions_floor_spawned":[2,11,14],"killed_by":"The Guardian","ascension_level":0}}