{"host":"dftyqn972q7tuon4","time":1609355637,"event":{"mods":["AchievementEnabler","BaseMod","Better Altar","Better Match","Better Note","Better Sensory Stone","Better Skull","Better Third Choice","Colored Powertips","Highlight Path","Minty Spire (QoL Compilation)","Permanent Neow","Quick Restart","StSLib"],"gold_per_floor":[111,111,123,48,21,21,55,55,104,115,143,143,143,175,175,273,273,287,287,0,0,14,41,41,75,75,1,21,21,121,156,156,252,252,265,1264,387,387,282,282,308,308,335,44,78,78,78,111,111,111],"floor_reached":51,"playtime":3778,"items_purged":["Defend_B","Strike_B","Strike_B+1"],"score":1179,"play_id":"bf2e8a5a-49bb-4b75-a738-058c5bc7ae96","local_time":"20201230201357","is_ascension_mode":true,"campfire_choices":[{"data":"Zap","floor":6.0,"key":"SMITH"},{"floor":8.0,"key":"REST"},{"floor":13.0,"key":"REST"},{"floor":15.0,"key":"REST"},{"data":"Seek","floor":29.0,"key":"SMITH"},{"floor":32.0,"key":"REST"},{"data":"Static Discharge","floor":40.0,"key":"SMITH"},{"floor":42.0,"key":"REST"},{"floor":46.0,"key":"REST"},{"data":"Storm","floor":49,"key":"SMITH"}],"circlet_count":0,"master_deck":["Zap+1","Dualcast","Electrodynamics","Conserve Battery","Capacitor","BootSequence","Double Energy","Defragment","Burst+1","Bullet Time+1","Coolheaded","Seek+1","Lockon+1","Skim","Barrage","Fusion","Leap","Defragment","Tempest+1","Stack+1","Conserve Battery+1","Fission+1","Amplify+1","Genetic Algorithm+1","Go for the Eyes+1","Static Discharge+1","Storm+1","Chill+1","Panacea+1","Lockon","Doom and Gloom","Coolheaded+1","Coolheaded+1","Writhe","White Noise+1"],"relics":["Cracked Core","betterThird:SlimedRelic","Bag of Preparation","Omamori","Bag of Marbles","Happy Flower","WingedGreaves","Boot","Sozu","MealTicket","Blood Vial","Whetstone","Oddly Smooth Stone","Toxic Egg 2","Turnip","Blue Candle","StrikeDummy","Astrolabe","Art of War","Runic Capacitor","Mercury Hourglass","Calipers","Pen Nib","Emotion Chip","Ginger","HornCleat"],"acts_visited":["Exordium","TheCity","TheBeyond"],"potions_floor_usage":[],"damage_taken":[{"damage":11.0,"enemies":"2 Louse","floor":1.0,"turns":2.0},{"damage":0.0,"enemies":"Cultist","floor":3.0,"turns":4.0},{"damage":23.0,"enemies":"Gremlin Nob","floor":7.0,"turns":4.0},{"damage":1.0,"enemies":"Small Slimes","floor":10.0,"turns":2.0},{"damage":0.0,"enemies":"3 Sentries","floor":11.0,"turns":4.0},{"damage":15.0,"enemies":"Lagavulin","floor":14.0,"turns":6.0},{"damage":15.0,"enemies":"Hexaghost","floor":16.0,"turns":13.0},{"damage":0.0,"enemies":"Chosen","floor":18.0,"turns":5.0},{"damage":8.0,"enemies":"2 Thieves","floor":22.0,"turns":4.0},{"damage":29.0,"enemies":"Book of Stabbing","floor":23.0,"turns":5.0},{"damage":11.0,"enemies":"Gremlin Leader","floor":25.0,"turns":4.0},{"damage":4.0,"enemies":"Shelled Parasite and Fungi","floor":28.0,"turns":5.0},{"damage":5.0,"enemies":"Colosseum Slavers","floor":30.0,"turns":3.0},{"damage":3.0,"enemies":"Colosseum Nobs","floor":30.0,"turns":4.0},{"damage":23.0,"enemies":"Slavers","floor":31.0,"turns":2.0},{"damage":31.0,"enemies":"Automaton","floor":33.0,"turns":9.0},{"damage":0.0,"enemies":"3 Shapes","floor":35.0,"turns":2.0},{"damage":68.0,"enemies":"Nemesis","floor":41.0,"turns":5.0},{"damage":12.0,"enemies":"Reptomancer","floor":45.0,"turns":4.0},{"damage":0,"enemies":"Giant Head","floor":48,"turns":5},{"damage":18,"enemies":"Time Eater","floor":50,"turns":5}],"seed_played":"-7192201348813117849","potions_obtained":[{"floor":7.0,"key":"Fire Potion"},{"floor":16.0,"key":"Explosive Potion"}],"is_trial":false,"path_per_floor":["M","?","M","$","?","R","E","R","T","M","E","?","R","E","R","B",null,"M","?","$","?","M","E","T","E","T","$","M","R","?","E","R","B",null,"M","?","$","?","$","R","E","R","T","$","E","R","?","E","R","B",null],"character_chosen":"DEFECT","items_purchased":["Lockon","Blood Vial","Defragment","Art of War","Runic Capacitor","Storm","Chill+1","Panacea+1","Mercury Hourglass","Lockon","Doom and Gloom","Emotion Chip"],"campfire_rested":6,"item_purchase_floors":[20,20,27,37,37,37,37,37,37,39,39,44],"current_hp_per_floor":[57,57,57,57,46,46,23,45,45,44,44,21,43,28,50,35,65,65,65,75,75,67,40,40,31,31,46,44,44,40,19,41,12,59,61,61,75,75,75,75,7,29,29,44,34,56,75,75,75,57],"gold":111,"neow_bonus":"THREE_RARE_CARDS","is_daily":false,"chose_seed":false,"campfire_upgraded":4,"win_rate":0.0,"timestamp":1609355637,"path_taken":["M","?","?","$","?","R","E","R","T","M","E","?","R","E","R","BOSS","M","?","$","?","?","E","?","E","T","$","?","R","?","E","R","BOSS","M","?","$","?","$","R","E","R","T","$","E","R","?","E","R","BOSS"],"items_purchased_type":["Card","Relic","Card","Relic","Relic","Card","Card","Card","Relic","Card","Card","Relic"],"build_version":"2020-12-22","purchased_purges":3,"victory":true,"max_hp_per_floor":[75,75,75,75,75,75,75,75,75,75,75,75,75,75,75,75,75,75,75,75,75,75,75,75,75,75,75,75,75,75,75,75,75,75,75,75,75,75,75,75,75,75,75,75,75,75,75,75,75,75],"card_choices":[{"not_picked":["Thunder Strike","Biased Cognition"],"picked":"Electrodynamics","floor":0.0},{"not_picked":["Cold Snap","Reinforced Body"],"picked":"Conserve Battery","floor":1.0},{"not_picked":["Redo","Barrage"],"picked":"Capacitor","floor":3.0},{"not_picked":["Compile Driver","Hologram"],"picked":"BootSequence","floor":7.0},{"not_picked":["Streamline","Steam"],"picked":"Double Energy","floor":10.0},{"not_picked":["Gash","FTL"],"picked":"Defragment","floor":11.0},{"not_picked":["Ball Lightning","Hologram"],"picked":"Coolheaded","floor":14.0},{"not_picked":["Electrodynamics","Creative AI"],"picked":"Seek","floor":16.0},{"not_picked":["Gash","Redo","Beam Cell"],"picked":"SKIP","floor":18.0},{"not_picked":["Compile Driver+1","Heatsinks"],"picked":"Loop","floor":22.0},{"not_picked":["Redo","Recycle"],"picked":"Fusion","floor":23.0},{"not_picked":["Ball Lightning+1","Reprogram"],"picked":"Leap","floor":25.0},{"not_picked":["Barrage","Beam Cell"],"picked":"Tempest+1","floor":28.0},{"not_picked":["Sweeping Beam+1","Creative AI"],"picked":"Stack+1","floor":30.0},{"not_picked":["Compile Driver+1","Go for the Eyes+1"],"picked":"Conserve Battery+1","floor":31.0},{"not_picked":["Machine Learning","Biased Cognition"],"picked":"Fission+1","floor":33.0},{"not_picked":["Rip and Tear","Turbo+1"],"picked":"Static Discharge","floor":35.0},{"not_picked":["Blizzard","Glacier+1"],"picked":"Coolheaded+1","floor":41.0},{"not_picked":["Rebound+1","Go for the Eyes"],"picked":"Coolheaded+1","floor":45.0},{"not_picked":["Amplify+1","Heatsinks"],"picked":"White Noise+1","floor":48}],"player_experience":553003,"relics_obtained":[{"floor":7.0,"key":"Bag of Preparation"},{"floor":9.0,"key":"Omamori"},{"floor":11.0,"key":"Bag of Marbles"},{"floor":14.0,"key":"Boot"},{"floor":23.0,"key":"Whetstone"},{"floor":25.0,"key":"Oddly Smooth Stone"},{"floor":26.0,"key":"Toxic Egg 2"},{"floor":30.0,"key":"Turnip"},{"floor":30.0,"key":"Blue Candle"},{"floor":31.0,"key":"StrikeDummy"},{"floor":41.0,"key":"Calipers"},{"floor":43.0,"key":"Pen Nib"},{"floor":45.0,"key":"Ginger"},{"floor":48,"key":"HornCleat"}],"event_choices":[{"cards_removed":["Decay"],"damage_healed":0.0,"max_hp_gain":0.0,"max_hp_loss":0.0,"gold_gain":0.0,"event_name":"Purifier","player_choice":"Purged","floor":2.0,"gold_loss":0.0,"damage_taken":0.0},{"damage_healed":0.0,"max_hp_gain":0.0,"max_hp_loss":0.0,"gold_gain":0.0,"event_name":"betterThird:BetterGoop","player_choice":"Slimed","floor":5.0,"gold_loss":27.0,"damage_taken":11.0},{"damage_healed":0.0,"max_hp_gain":0.0,"max_hp_loss":0.0,"gold_gain":0.0,"event_name":"The Mausoleum","player_choice":"Opened","floor":19.0,"gold_loss":0.0,"damage_taken":0.0,"relics_obtained":["MealTicket"]},{"damage_healed":0.0,"max_hp_gain":0.0,"max_hp_loss":0.0,"gold_gain":0.0,"cards_transformed":["Strike_B","Defend_B"],"event_name":"Drug Dealer","player_choice":"Became Test Subject","floor":21.0,"gold_loss":0.0,"damage_taken":0.0,"cards_obtained":["Skim","Barrage"]},{"damage_healed":0.0,"max_hp_gain":0.0,"max_hp_loss":0.0,"gold_gain":0.0,"event_name":"Colosseum","player_choice":"Fight","floor":30.0,"gold_loss":0.0,"damage_taken":0.0},{"damage_healed":0.0,"max_hp_gain":0.0,"max_hp_loss":0.0,"gold_gain":0.0,"event_name":"Colosseum","player_choice":"Fought Nobs","floor":30.0,"gold_loss":0.0,"damage_taken":0.0},{"damage_healed":0.0,"max_hp_gain":0.0,"max_hp_loss":0.0,"gold_gain":999.0,"event_name":"MindBloom","player_choice":"Gold","floor":36.0,"gold_loss":0.0,"damage_taken":0.0,"cards_obtained":["Normality","Normality"]},{"cards_removed":["Loop"],"damage_healed":0.0,"max_hp_gain":0.0,"max_hp_loss":0.0,"gold_gain":0.0,"event_name":"Falling","player_choice":"Removed Power","floor":38.0,"gold_loss":0.0,"damage_taken":0.0},{"damage_healed":19.0,"max_hp_gain":0.0,"max_hp_loss":0.0,"gold_gain":0.0,"event_name":"Winding Halls","player_choice":"Writhe","floor":47.0,"gold_loss":0.0,"damage_taken":0.0,"cards_obtained":["Writhe"]}],"is_beta":false,"boss_relics":[{"not_picked":["Busted Crown","Snecko Eye"],"picked":"Sozu"},{"not_picked":["Inserter","Fusion Hammer"],"picked":"Astrolabe"}],"items_purged_floors":[4,20,37],"is_endless":false,"potions_floor_spawned":[7,16,23,28,30,33,45],"ascension_level":7}}