{"host":"8qb550oiisecbnz6","time":1609357973,"event":{"mods":["AchievementEnabler","BaseMod","Colored Map","Colored Powertips","Minty Spire (QoL Compilation)","Quick Restart","StSLib"],"gold_per_floor":[109,109,109,121,133,145,183,195,207,251,276,307,269,281,293,406,418,449,125,125,142,158,190,190,207,207,232,67,92,110,136,136,240,240,257,257,89,107,125,156,156,183,252,19,30,30,42,61,61,61,61,61,11,43,43,43],"floor_reached":55,"playtime":8965,"items_purged":["Calculated Gamble+1","Defend_G","Strike_G"],"score":1098,"play_id":"7fd6884d-6c91-448b-9b26-d2ff9fcbb4ea","local_time":"20201230205253","is_ascension_mode":true,"campfire_choices":[{"data":"Neutralize","floor":6,"key":"SMITH"},{"data":"Bane","floor":8,"key":"SMITH"},{"data":"Quick Slash","floor":15,"key":"SMITH"},{"floor":24,"key":"REST"},{"data":"Accuracy","floor":32,"key":"SMITH"},{"data":"After Image","floor":41,"key":"SMITH"},{"floor":46,"key":"RECALL"},{"data":"Noxious Fumes","floor":49,"key":"SMITH"},{"data":"Poisoned Stab","floor":52,"key":"SMITH"}],"circlet_count":0,"master_deck":["Strike_G","Defend_G","Defend_G","Neutralize+1","Bane+1","Quick Slash+1","Prepared+1","Catalyst+1","Malaise+1","Dodge and Roll+1","Malaise+1","Blade Dance+1","Deadly Poison+1","Bandage Up+1","Good Instincts+1","Catalyst+1","Deadly Poison+1","Backflip+1","Dodge and Roll+1","Poisoned Stab+1","Accuracy+1","After Image+1","Noxious Fumes+1","Poisoned Stab+1","Backstab+1"],"relics":["Ring of the Snake","NeowsBlessing","MawBank","Smiling Mask","Ninja Scroll","Toxic Egg 2","Shuriken","Astrolabe","Medical Kit","Meat on the Bone","The Courier","HornCleat","Strange Spoon","Lantern","Eternal Feather","Black Star","Sling","Anchor","MealTicket","StrikeDummy","Bottled Flame","Snake Skull","PreservedInsect","Bottled Tornado","Pen Nib"],"acts_visited":["Exordium","TheCity","TheBeyond","TheEnding"],"potions_floor_usage":[16,22,23,29,33,40,40,47,55,55],"damage_taken":[{"damage":0,"enemies":"Jaw Worm","floor":1,"turns":1},{"damage":0,"enemies":"Gremlin Nob","floor":7,"turns":1},{"damage":0,"enemies":"3 Sentries","floor":10,"turns":1},{"damage":0,"enemies":"2 Louse","floor":11,"turns":1},{"damage":0,"enemies":"Cultist","floor":12,"turns":3},{"damage":23,"enemies":"The Guardian","floor":16,"turns":16},{"damage":0,"enemies":"Shell Parasite","floor":18,"turns":9},{"damage":16,"enemies":"2 Thieves","floor":21,"turns":3},{"damage":2,"enemies":"Chosen and Byrds","floor":22,"turns":4},{"damage":21,"enemies":"Slavers","floor":23,"turns":8},{"damage":0,"enemies":"Snecko","floor":25,"turns":6},{"damage":22,"enemies":"Gremlin Leader","floor":27,"turns":6},{"damage":3,"enemies":"Book of Stabbing","floor":29,"turns":6},{"damage":6,"enemies":"Snake Plant","floor":30,"turns":7},{"damage":21,"enemies":"Slavers","floor":31,"turns":8},{"damage":54,"enemies":"Collector","floor":33,"turns":6},{"damage":0,"enemies":"Orb Walker","floor":35,"turns":7},{"damage":0,"enemies":"3 Shapes","floor":38,"turns":4},{"damage":0,"enemies":"Jaw Worm Horde","floor":39,"turns":4},{"damage":2,"enemies":"Reptomancer","floor":40,"turns":7},{"damage":28,"enemies":"Nemesis","floor":42,"turns":5},{"damage":1,"enemies":"Spire Growth","floor":45,"turns":4},{"damage":1,"enemies":"Transient","floor":47,"turns":5},{"damage":13,"enemies":"3 Darklings","floor":48,"turns":3},{"damage":43,"enemies":"Awakened One","floor":50,"turns":16},{"damage":48,"enemies":"Shield and Spear","floor":54,"turns":5},{"damage":52,"enemies":"The Heart","floor":55,"turns":6}],"seed_played":"2253551769509443402","potions_obtained":[{"floor":10,"key":"LiquidBronze"},{"floor":11,"key":"BlessingOfTheForge"},{"floor":22,"key":"Block Potion"},{"floor":25,"key":"Fruit Juice"},{"floor":31,"key":"FearPotion"},{"floor":35,"key":"LiquidMemories"},{"floor":38,"key":"SkillPotion"},{"floor":39,"key":"Poison Potion"},{"floor":45,"key":"AttackPotion"},{"floor":48,"key":"Poison Potion"}],"is_trial":false,"path_per_floor":["M","?","?","$","?","R","E","R","T","E","M","M","?","?","R","B",null,"M","$","?","M","M","E","R","M","T","E","$","E","M","E","R","B",null,"M","?","$","M","M","E","R","E","T","$","M","R","M","M","R","B",null,"R","$","E","B"],"character_chosen":"THE_SILENT","items_purchased":["Medical Kit","Deadly Poison+1","Bandage Up+1","Strange Spoon","Noxious Fumes","Sling","Snake Skull","PreservedInsect"],"campfire_rested":1,"item_purchase_floors":[19,19,19,28,37,37,44,44],"current_hp_per_floor":[70,63,60,60,53,53,53,53,53,53,53,53,53,53,53,30,60,60,60,35,25,29,14,35,41,41,37,37,51,57,42,54,18,61,67,67,67,73,75,73,75,47,47,62,67,75,74,67,75,44,67,75,75,45,0,0],"gold":43,"neow_bonus":"THREE_ENEMY_KILL","is_daily":false,"chose_seed":false,"campfire_upgraded":7,"win_rate":0.0,"timestamp":1609357973,"path_taken":["M","?","?","$","?","R","E","R","T","E","?","M","?","?","R","BOSS","M","$","?","M","?","E","R","M","T","E","$","E","M","E","R","BOSS","M","?","$","?","?","E","R","E","T","$","M","R","M","M","R","BOSS","R","$","E","BOSS"],"items_purchased_type":["Relic","Card","Card","Relic","Card","Relic","Relic","Relic"],"build_version":"2020-12-22","purchased_purges":3,"victory":false,"max_hp_per_floor":[70,70,70,70,70,70,70,70,70,70,70,70,70,70,70,70,70,70,70,70,70,70,70,70,70,70,70,70,75,75,75,75,75,75,75,75,75,75,75,75,75,75,75,75,75,75,75,75,75,75,75,75,75,75,75,75],"card_choices":[{"not_picked":["PiercingWail","Acrobatics"],"picked":"Bane","floor":1},{"not_picked":["Underhanded Strike","Calculated Gamble"],"picked":"Quick Slash","floor":7},{"not_picked":["Calculated Gamble+1","Outmaneuver+1"],"picked":"Prepared+1","floor":10},{"not_picked":["Sucker Punch","Underhanded Strike"],"picked":"Catalyst+1","floor":11},{"not_picked":["Outmaneuver+1","PiercingWail+1","Flying Knee"],"picked":"SKIP","floor":12},{"not_picked":["Doppelganger+1","After Image"],"picked":"Malaise+1","floor":16},{"not_picked":["Acrobatics+1","Dagger Spray"],"picked":"Blade Dance+1","floor":18},{"not_picked":["Calculated Gamble+1","Acrobatics+1","Slice"],"picked":"SKIP","floor":21},{"not_picked":["Bane","Slice"],"picked":"Catalyst+1","floor":22},{"not_picked":["Setup+1","Bane","Expertise+1"],"picked":"SKIP","floor":23},{"not_picked":["Acrobatics+1","Sucker Punch+1"],"picked":"Deadly Poison+1","floor":25},{"not_picked":["Well Laid Plans","Glass Knife"],"picked":"Backflip+1","floor":27},{"not_picked":["Blade Dance+1","Flying Knee"],"picked":"Dodge and Roll+1","floor":29},{"not_picked":["Die Die Die","Deadly Poison+1"],"picked":"Poisoned Stab","floor":30},{"not_picked":["Choke","Leg Sweep+1"],"picked":"Accuracy","floor":31},{"not_picked":["Doppelganger+1","A Thousand Cuts"],"picked":"After Image","floor":33},{"not_picked":["Outmaneuver+1","Sucker Punch","Slice"],"picked":"SKIP","floor":35},{"not_picked":["Setup+1","Catalyst+1","Reflex+1"],"picked":"SKIP","floor":38},{"not_picked":["Deflect+1","Underhanded Strike"],"picked":"Poisoned Stab+1","floor":39},{"not_picked":["Distraction+1","Leg Sweep+1","Prepared+1"],"picked":"SKIP","floor":40},{"not_picked":["Bane+1","Terror+1","Slice"],"picked":"SKIP","floor":42},{"not_picked":["Bane","Sucker Punch+1"],"picked":"Backstab+1","floor":45},{"not_picked":["Prepared+1","Quick Slash","Bane+1"],"picked":"SKIP","floor":47},{"not_picked":["Tools of the Trade","Blade Dance+1","Poisoned Stab"],"picked":"SKIP","floor":48},{"not_picked":["Dagger Spray+1","Blur+1","Reflex+1"],"picked":"SKIP","floor":54}],"player_experience":422831,"relics_obtained":[{"floor":7,"key":"Smiling Mask"},{"floor":9,"key":"Ninja Scroll"},{"floor":10,"key":"Toxic Egg 2"},{"floor":23,"key":"Meat on the Bone"},{"floor":26,"key":"The Courier"},{"floor":27,"key":"HornCleat"},{"floor":29,"key":"Lantern"},{"floor":31,"key":"Eternal Feather"},{"floor":40,"key":"Anchor"},{"floor":40,"key":"MealTicket"},{"floor":42,"key":"StrikeDummy"},{"floor":42,"key":"Bottled Flame"},{"floor":54,"key":"Bottled Tornado"},{"floor":54,"key":"Pen Nib"}],"event_choices":[{"cards_removed":["Strike_G"],"damage_healed":0,"gold_gain":0,"player_choice":"Card Removal","damage_taken":7,"max_hp_gain":0,"max_hp_loss":0,"event_name":"Golden Wing","floor":2,"gold_loss":0},{"damage_healed":0,"gold_gain":0,"player_choice":"Success","damage_taken":3,"relics_obtained":["MawBank"],"max_hp_gain":0,"max_hp_loss":0,"event_name":"Scrap Ooze","floor":3,"gold_loss":0},{"damage_healed":0,"gold_gain":0,"player_choice":"Damaged","damage_taken":7,"max_hp_gain":0,"max_hp_loss":0,"event_name":"Wheel of Change","floor":5,"gold_loss":0},{"cards_removed":["Strike_G"],"damage_healed":0,"gold_gain":0,"player_choice":"Card Removal","damage_taken":0,"max_hp_gain":0,"max_hp_loss":0,"event_name":"The Cleric","floor":13,"gold_loss":50},{"damage_healed":0,"gold_gain":0,"player_choice":"Gave Potion","damage_taken":0,"relics_obtained":["Shuriken"],"max_hp_gain":0,"max_hp_loss":0,"event_name":"WeMeetAgain","floor":14,"gold_loss":0},{"damage_healed":0,"gold_gain":0,"player_choice":"POTION CARD POTION ","damage_taken":25,"max_hp_gain":0,"max_hp_loss":0,"event_name":"Knowing Skull","floor":20,"potions_obtained":["Poison Potion","SneckoOil"],"gold_loss":0,"cards_obtained":["Good Instincts"]},{"cards_removed":["Survivor"],"damage_healed":0,"gold_gain":0,"player_choice":"Offered Basic","damage_taken":0,"max_hp_gain":0,"max_hp_loss":0,"event_name":"Bonfire Elementals","floor":36,"gold_loss":0}],"is_beta":false,"boss_relics":[{"not_picked":["SacredBark","Pandora\u0027s Box"],"picked":"Astrolabe"},{"not_picked":["Calling Bell","Runic Dome"],"picked":"Black Star"}],"items_purged_floors":[19,28,53],"is_endless":false,"potions_floor_spawned":[10,11,22,25,31,35,38,39,45,48],"killed_by":"The Heart","ascension_level":5}}