{"host":"idmgg8r816nmas40","time":1609316266,"event":{"mods":["AchievementEnabler","AlwaysNeverKeys","BaseMod","BetterRewards","Block Reminder","Colored Map","Colored Powertips","DeckTracker","Googly Eyes","Highlight Path","Hubris","Infinite Spire","Minty Spire (QoL Compilation)","Quick Restart","Relic Stats","Replay The Spire","Shop Mod","StSLib","SuperFastMode","Synergy Search","Transform Curses"],"gold_per_floor":[117,117,117,117,132,161,175,175,175],"floor_reached":8,"playtime":325,"items_purged":[],"score":106,"play_id":"e55732fc-362c-4fc4-8a63-9c6e9a0ef5b5","local_time":"20201230011746","is_ascension_mode":true,"campfire_choices":[],"circlet_count":0,"master_deck":["AscendersBane","Strike_B","Strike_B","Strike_B","Strike_B+1","Defend_B+1","Defend_B","Defend_B","Defend_B","Zap+1","Dualcast","ReplayTheSpireMod:Private Reserves","Go for the Eyes","Go for the Eyes","Self Repair","Sweeping Beam","Mirror Shield","Glacier"],"relics":["Sizzling Blood","Ice Cream","Replay:Frozen Program","infinitespire:Cubic Diamond","Dream Catcher"],"acts_visited":["Exordium"],"potions_floor_usage":[6,6,6],"damage_taken":[{"damage":0,"enemies":"Cultist","floor":1,"turns":3},{"damage":1,"enemies":"Small Slimes","floor":5,"turns":4},{"damage":10,"enemies":"Lagavulin","floor":6,"turns":6},{"damage":15,"enemies":"Jaw Worm","floor":7,"turns":4},{"damage":51,"enemies":"Gremlin Nob","floor":8,"turns":5}],"seed_played":"-7893574206746935085","potions_obtained":[{"floor":5,"key":"EntropicBrew"}],"is_trial":false,"path_per_floor":["M","?","?","?","M","E","M","E"],"character_chosen":"DEFECT","items_purchased":["ReplayTheSpireMod:Private Reserves","Replay:Frozen Program","Go for the Eyes"],"campfire_rested":0,"item_purchase_floors":[0,0,0],"current_hp_per_floor":[64,43,43,43,53,54,50,0,0],"gold":175,"neow_bonus":"","is_daily":false,"chose_seed":false,"campfire_upgraded":0,"win_rate":0.0,"timestamp":1609316266,"path_taken":["M","?","?","?","?","E","M","E"],"items_purchased_type":["Card","Relic","Card"],"build_version":"2020-12-22","purchased_purges":0,"victory":false,"max_hp_per_floor":[71,71,71,71,71,71,71,71,71],"relic_stats":{"Dream Catcher":0,"counters":[68,311],"obtain_stats":[{"Ice Cream":0,"Replay:Accelerometer":0,"Calipers":9,"CeramicFish":32,"infinitespire:Cubic Diamond":3,"Boot":53,"Sling":0,"Blood Vial":28,"infinitespire:ShieldingShard":17,"Replay:Frozen Program":0,"Sundial":2,"Strawberry":46,"infinitespire:Golems Mask":0,"Prayer Wheel":16,"Replay:Bottled Flurry":37,"Kunai":54,"Pear":21,"Ring of Hypnosis":2,"Blue Candle":27,"Oddly Smooth Stone":0,"hubris:SphereOfDissonance":26,"Replay:Kaleidoscope":6,"Question Card":0,"Cables":17,"WarpedTongs":36,"Du-Vu Doll":0,"OrangePellets":0,"SlaversCollar":34,"Replay:Baseball":21,"Shuriken":0,"infinitespire:Lychee Nut":17,"Bronze Scales":17,"MutagenicStrength":20,"hubris:TenFootPole":0,"Black Star":34,"Mirror":11,"infinitespire:PuzzleCube":0,"Solar Panel":6,"Lantern":12,"Regal Pillow":2,"StoneCalendar":17,"Juzu Bracelet":17,"Replay:Multitool":0,"Bag of Preparation":0,"Sizzling Blood":3,"Dream Catcher":26,"Replay:Bandana":5,"Shovel":8,"Pantograph":42,"Tiny Chest":24,"hubris:CuriousFeather":38,"Cracked Core":0,"Potion Belt":9,"Lee\u0027s Waffle":0,"Inserter":17,"Golden Idol":3,"hubris:64BitClover":26,"Thread and Needle":0,"Geode":3,"infinitespire:Lucky Rock":30,"Orichalcum":10,"hubris:Towel":36,"MawBank":40,"Nuclear Battery":38,"Calling Bell":0,"Peace Pipe":0,"Cauldron":53,"Orrery":46,"Art of War":43,"Durian":14,"Membership Card":22,"ReplayTheSpireMod:Ring of Challenge":29,"Toy Ornithopter":6,"hubris:OldNail":9},{"Ice Cream":63,"Replay:Accelerometer":26,"Calipers":51,"CeramicFish":59,"infinitespire:Cubic Diamond":64,"Boot":24,"Sling":26,"Blood Vial":15,"infinitespire:ShieldingShard":53,"Replay:Frozen Program":63,"Sundial":1,"Strawberry":23,"infinitespire:Golems Mask":26,"Prayer Wheel":33,"Replay:Bottled Flurry":61,"Kunai":25,"Pear":35,"Ring of Hypnosis":42,"Blue Candle":15,"Oddly Smooth Stone":0,"hubris:SphereOfDissonance":37,"Replay:Kaleidoscope":29,"Question Card":0,"Cables":11,"WarpedTongs":18,"Du-Vu Doll":46,"OrangePellets":3,"SlaversCollar":17,"Replay:Baseball":55,"Shuriken":3,"infinitespire:Lychee Nut":53,"Bronze Scales":53,"MutagenicStrength":55,"hubris:TenFootPole":26,"Black Star":60,"Mirror":51,"infinitespire:PuzzleCube":46,"Solar Panel":44,"Lantern":9,"Regal Pillow":47,"StoneCalendar":11,"Juzu Bracelet":11,"Replay:Multitool":26,"Bag of Preparation":46,"Sizzling Blood":64,"Dream Catcher":14,"Replay:Bandana":28,"Shovel":51,"Pantograph":22,"Tiny Chest":37,"hubris:CuriousFeather":61,"Cracked Core":0,"Potion Belt":7,"Lee\u0027s Waffle":3,"Inserter":33,"Golden Idol":5,"hubris:64BitClover":57,"Thread and Needle":41,"Geode":27,"infinitespire:Lucky Rock":39,"Orichalcum":8,"hubris:Towel":61,"MawBank":20,"Nuclear Battery":61,"Calling Bell":0,"Peace Pipe":0,"Cauldron":24,"Orrery":23,"Art of War":22,"Durian":32,"Membership Card":13,"ReplayTheSpireMod:Ring of Challenge":58,"Toy Ornithopter":7,"hubris:OldNail":30},{"Ice Cream":289,"Replay:Accelerometer":152,"Calipers":243,"CeramicFish":272,"infinitespire:Cubic Diamond":292,"Boot":141,"Sling":152,"Blood Vial":78,"infinitespire:ShieldingShard":253,"Replay:Frozen Program":289,"Sundial":4,"Strawberry":132,"infinitespire:Golems Mask":152,"Prayer Wheel":176,"Replay:Bottled Flurry":282,"Kunai":146,"Pear":188,"Ring of Hypnosis":213,"Blue Candle":78,"Oddly Smooth Stone":0,"hubris:SphereOfDissonance":194,"Replay:Kaleidoscope":161,"Question Card":0,"Cables":57,"WarpedTongs":101,"Du-Vu Doll":227,"OrangePellets":20,"SlaversCollar":94,"Replay:Baseball":258,"Shuriken":20,"infinitespire:Lychee Nut":253,"Bronze Scales":253,"MutagenicStrength":258,"hubris:TenFootPole":152,"Black Star":279,"Mirror":243,"infinitespire:PuzzleCube":227,"Solar Panel":221,"Lantern":45,"Regal Pillow":229,"StoneCalendar":57,"Juzu Bracelet":57,"Replay:Multitool":152,"Bag of Preparation":227,"Sizzling Blood":292,"Dream Catcher":71,"Replay:Bandana":157,"Shovel":243,"Pantograph":125,"Tiny Chest":194,"hubris:CuriousFeather":282,"Cracked Core":0,"Potion Belt":35,"Lee\u0027s Waffle":20,"Inserter":181,"Golden Idol":28,"hubris:64BitClover":266,"Thread and Needle":210,"Geode":155,"infinitespire:Lucky Rock":202,"Orichalcum":41,"hubris:Towel":282,"MawBank":113,"Nuclear Battery":282,"Calling Bell":0,"Peace Pipe":0,"Cauldron":141,"Orrery":132,"Art of War":125,"Durian":172,"Membership Card":66,"ReplayTheSpireMod:Ring of Challenge":269,"Toy Ornithopter":35,"hubris:OldNail":164}]},"card_choices":[{"not_picked":["Leap","Hologram"],"picked":"Self Repair","floor":1},{"not_picked":["Compile Driver","Steam"],"picked":"Sweeping Beam","floor":5},{"not_picked":["Streamline","BasicCrystalCard"],"picked":"Mirror Shield","floor":6},{"not_picked":["Recycle","Leap"],"picked":"Glacier","floor":7}],"player_experience":1012699,"relics_obtained":[{"floor":6,"key":"Dream Catcher"}],"event_choices":[{"damage_healed":0,"gold_gain":0,"player_choice":"Entered Light","damage_taken":21,"max_hp_gain":0,"max_hp_loss":0,"event_name":"Shining Light","floor":2,"gold_loss":0,"cards_upgraded":["Strike_B","Defend_B"]}],"is_beta":false,"boss_relics":[],"items_purged_floors":[],"is_endless":false,"potions_floor_spawned":[5],"killed_by":"Gremlin Nob","ascension_level":18}}